symbol,timestamp,datetime,side,price,amount,btc_volume
OAX/BTC,1603555329281,2020-10-24T16:02:09.281Z,buy,5.23e-06,286.0,0.00149578
OAX/BTC,1603555628608,2020-10-24T16:07:08.608Z,sell,5.21e-06,159.0,0.00082839
OAX/BTC,1603556482505,2020-10-24T16:21:22.505Z,sell,5.2e-06,1325.0,0.00689
OAX/BTC,1603556482651,2020-10-24T16:21:22.651Z,sell,5.19e-06,661.0,0.00343059
OAX/BTC,1603556482851,2020-10-24T16:21:22.851Z,sell,5.19e-06,330.0,0.0017127
OAX/BTC,1603556491490,2020-10-24T16:21:31.490Z,sell,5.19e-06,257.0,0.00133383
OAX/BTC,1603556493354,2020-10-24T16:21:33.354Z,sell,5.18e-06,278.0,0.00144004
OAX/BTC,1603556493354,2020-10-24T16:21:33.354Z,sell,5.18e-06,240.0,0.0012432
OAX/BTC,1603556493552,2020-10-24T16:21:33.552Z,sell,5.18e-06,259.0,0.00134162
OAX/BTC,1603556499852,2020-10-24T16:21:39.852Z,sell,5.18e-06,501.0,0.00259518
OAX/BTC,1603556499852,2020-10-24T16:21:39.852Z,sell,5.17e-06,9149.0,0.0473003299999999
OAX/BTC,1603556501326,2020-10-24T16:21:41.326Z,sell,5.16e-06,559.0,0.00288444
OAX/BTC,1603556502081,2020-10-24T16:21:42.081Z,sell,5.16e-06,387.0,0.0019969199999999
OAX/BTC,1603556516194,2020-10-24T16:21:56.194Z,buy,5.17e-06,177.0,0.0009150899999999
OAX/BTC,1603556527416,2020-10-24T16:22:07.416Z,buy,5.17e-06,47.0,0.0002429899999999
OAX/BTC,1603556566395,2020-10-24T16:22:46.395Z,buy,5.17e-06,3193.0,0.0165078099999999
OAX/BTC,1603556566500,2020-10-24T16:22:46.500Z,buy,5.17e-06,1131.0,0.00584727
OAX/BTC,1603556572918,2020-10-24T16:22:52.918Z,sell,5.16e-06,3024.0,0.0156038399999999
OAX/BTC,1603556589808,2020-10-24T16:23:09.808Z,buy,5.18e-06,23.0,0.00011914
OAX/BTC,1603556632932,2020-10-24T16:23:52.932Z,sell,5.17e-06,9189.0,0.0475071299999999
OAX/BTC,1603556645902,2020-10-24T16:24:05.902Z,sell,5.16e-06,3805.0,0.0196338
OAX/BTC,1603556656164,2020-10-24T16:24:16.164Z,sell,5.15e-06,2577.0,0.01327155
OAX/BTC,1603556656164,2020-10-24T16:24:16.164Z,sell,5.15e-06,1010.0,0.0052014999999999
OAX/BTC,1603556656164,2020-10-24T16:24:16.164Z,sell,5.15e-06,935.0,0.00481525
OAX/BTC,1603556656164,2020-10-24T16:24:16.164Z,sell,5.15e-06,934.0,0.0048100999999999
OAX/BTC,1603556658129,2020-10-24T16:24:18.129Z,sell,5.15e-06,73.0,0.00037595
OAX/BTC,1603556658974,2020-10-24T16:24:18.974Z,sell,5.15e-06,166.0,0.0008549
OAX/BTC,1603556659450,2020-10-24T16:24:19.450Z,sell,5.15e-06,56.0,0.0002883999999999
OAX/BTC,1603556660997,2020-10-24T16:24:20.997Z,buy,5.17e-06,20.0,0.0001033999999999
OAX/BTC,1603556702200,2020-10-24T16:25:02.200Z,buy,5.17e-06,23.0,0.0001189099999999
OAX/BTC,1603556729135,2020-10-24T16:25:29.135Z,buy,5.17e-06,698.0,0.0036086599999999
OAX/BTC,1603556729143,2020-10-24T16:25:29.143Z,buy,5.17e-06,2.0,1.034e-05
OAX/BTC,1603556859597,2020-10-24T16:27:39.597Z,buy,5.18e-06,23.0,0.00011914
OAX/BTC,1603556859597,2020-10-24T16:27:39.597Z,buy,5.18e-06,1.0,5.18e-06
OAX/BTC,1603556859597,2020-10-24T16:27:39.597Z,buy,5.19e-06,86.0,0.00044634
OAX/BTC,1603556859597,2020-10-24T16:27:39.597Z,buy,5.19e-06,5.0,2.595e-05
OAX/BTC,1603556859597,2020-10-24T16:27:39.597Z,buy,5.2e-06,34.0,0.0001768
OAX/BTC,1603556951288,2020-10-24T16:29:11.288Z,buy,5.2e-06,106.0,0.0005512
OAX/BTC,1603557000201,2020-10-24T16:30:00.201Z,buy,5.19e-06,336.0,0.00174384
OAX/BTC,1603557005268,2020-10-24T16:30:05.268Z,sell,5.17e-06,459.0,0.00237303
OAX/BTC,1603557005268,2020-10-24T16:30:05.268Z,sell,5.16e-06,336.0,0.00173376
OAX/BTC,1603557005342,2020-10-24T16:30:05.342Z,buy,5.16e-06,1176.0,0.0060681599999999
OAX/BTC,1603557005442,2020-10-24T16:30:05.442Z,buy,5.16e-06,588.0,0.0030340799999999
OAX/BTC,1603557005647,2020-10-24T16:30:05.647Z,buy,5.16e-06,293.0,0.00151188
OAX/BTC,1603557011124,2020-10-24T16:30:11.124Z,sell,5.15e-06,3145.0,0.01619675
OAX/BTC,1603557024056,2020-10-24T16:30:24.056Z,buy,5.19e-06,20.0,0.0001038
OAX/BTC,1603557380838,2020-10-24T16:36:20.838Z,buy,5.18e-06,174.0,0.00090132
OAX/BTC,1603557382370,2020-10-24T16:36:22.370Z,buy,5.19e-06,39.0,0.00020241
OAX/BTC,1603557382458,2020-10-24T16:36:22.458Z,buy,5.19e-06,39.0,0.00020241
OAX/BTC,1603557898823,2020-10-24T16:44:58.823Z,buy,5.19e-06,200.0,0.001038
OAX/BTC,1603558037087,2020-10-24T16:47:17.087Z,buy,5.19e-06,2085.0,0.01082115
OAX/BTC,1603558039128,2020-10-24T16:47:19.128Z,sell,5.19e-06,863.0,0.00447897
OAX/BTC,1603558341352,2020-10-24T16:52:21.352Z,sell,5.18e-06,218.0,0.00112924
OAX/BTC,1603558395770,2020-10-24T16:53:15.770Z,sell,5.18e-06,572.0,0.00296296
OAX/BTC,1603558500267,2020-10-24T16:55:00.267Z,sell,5.16e-06,77.0,0.00039732
OAX/BTC,1603558572966,2020-10-24T16:56:12.966Z,sell,5.17e-06,78.0,0.0004032599999999
OAX/BTC,1603558572966,2020-10-24T16:56:12.966Z,sell,5.16e-06,5802.0,0.0299383199999999
OAX/BTC,1603558572966,2020-10-24T16:56:12.966Z,sell,5.15e-06,862.0,0.0044393
OAX/BTC,1603558572966,2020-10-24T16:56:12.966Z,sell,5.14e-06,39.0,0.00020046
OAX/BTC,1603558572966,2020-10-24T16:56:12.966Z,sell,5.13e-06,1760.0,0.0090288
OAX/BTC,1603558572966,2020-10-24T16:56:12.966Z,sell,5.13e-06,9179.0,0.04708827
OAX/BTC,1603558573268,2020-10-24T16:56:13.268Z,buy,5.15e-06,24.0,0.0001236
OAX/BTC,1603558577663,2020-10-24T16:56:17.663Z,sell,5.14e-06,549.0,0.00282186
OAX/BTC,1603558585964,2020-10-24T16:56:25.964Z,sell,5.13e-06,1243.0,0.00637659
OAX/BTC,1603558602318,2020-10-24T16:56:42.318Z,buy,5.14e-06,2814.0,0.01446396
OAX/BTC,1603558603808,2020-10-24T16:56:43.808Z,buy,5.15e-06,108.0,0.0005562
OAX/BTC,1603558633070,2020-10-24T16:57:13.070Z,sell,5.14e-06,430.0,0.0022102
OAX/BTC,1603558653267,2020-10-24T16:57:33.267Z,buy,5.15e-06,24.0,0.0001236
OAX/BTC,1603558688245,2020-10-24T16:58:08.245Z,buy,5.15e-06,680.0,0.003502
OAX/BTC,1603558688644,2020-10-24T16:58:08.644Z,buy,5.15e-06,583.0,0.00300245
OAX/BTC,1603558691914,2020-10-24T16:58:11.914Z,buy,5.15e-06,20.0,0.000103
OAX/BTC,1603558746730,2020-10-24T16:59:06.730Z,buy,5.15e-06,709.0,0.00365135
OAX/BTC,1603558767332,2020-10-24T16:59:27.332Z,buy,5.18e-06,191.0,0.00098938
OAX/BTC,1603558767332,2020-10-24T16:59:27.332Z,buy,5.18e-06,30.0,0.0001554
OAX/BTC,1603558768126,2020-10-24T16:59:28.126Z,buy,5.18e-06,149.0,0.00077182
OAX/BTC,1603558768126,2020-10-24T16:59:28.126Z,buy,5.18e-06,149.0,0.00077182
OAX/BTC,1603558806566,2020-10-24T17:00:06.566Z,buy,5.15e-06,1900.0,0.009785
OAX/BTC,1603558806667,2020-10-24T17:00:06.667Z,buy,5.15e-06,950.0,0.0048925
OAX/BTC,1603558807561,2020-10-24T17:00:07.561Z,buy,5.15e-06,471.0,0.00242565
OAX/BTC,1603558807667,2020-10-24T17:00:07.667Z,buy,5.15e-06,235.0,0.00121025
OAX/BTC,1603558813672,2020-10-24T17:00:13.672Z,sell,5.14e-06,195.0,0.0010023
OAX/BTC,1603558839869,2020-10-24T17:00:39.869Z,buy,5.15e-06,236.0,0.0012154
OAX/BTC,1603558839883,2020-10-24T17:00:39.883Z,buy,5.15e-06,286.0,0.0014728999999999
OAX/BTC,1603558846015,2020-10-24T17:00:46.015Z,sell,5.14e-06,9445.0,0.0485473
OAX/BTC,1603558846040,2020-10-24T17:00:46.040Z,buy,5.15e-06,196.0,0.0010094
OAX/BTC,1603558849892,2020-10-24T17:00:49.892Z,buy,5.15e-06,2005.0,0.01032575
OAX/BTC,1603558882342,2020-10-24T17:01:22.342Z,buy,5.16e-06,20.0,0.0001031999999999
OAX/BTC,1603558882546,2020-10-24T17:01:22.546Z,buy,5.16e-06,4.0,2.064e-05
OAX/BTC,1603558940512,2020-10-24T17:02:20.512Z,buy,5.17e-06,333.0,0.00172161
OAX/BTC,1603559083577,2020-10-24T17:04:43.577Z,buy,5.18e-06,24.0,0.00012432
OAX/BTC,1603559110171,2020-10-24T17:05:10.171Z,buy,5.18e-06,49.0,0.00025382
OAX/BTC,1603559155357,2020-10-24T17:05:55.357Z,buy,5.18e-06,22.0,0.00011396
OAX/BTC,1603559306333,2020-10-24T17:08:26.333Z,buy,5.18e-06,20.0,0.0001036
OAX/BTC,1603559369689,2020-10-24T17:09:29.689Z,buy,5.18e-06,20.0,0.0001036
OAX/BTC,1603559413110,2020-10-24T17:10:13.110Z,buy,5.18e-06,1545.0,0.0080031
OAX/BTC,1603559641601,2020-10-24T17:14:01.601Z,sell,5.17e-06,1113.0,0.0057542099999999
OAX/BTC,1603559641608,2020-10-24T17:14:01.608Z,sell,5.17e-06,679.0,0.0035104299999999
OAX/BTC,1603559641938,2020-10-24T17:14:01.938Z,sell,5.17e-06,338.0,0.00174746
OAX/BTC,1603559706981,2020-10-24T17:15:06.981Z,buy,5.18e-06,339.0,0.00175602
OAX/BTC,1603559710774,2020-10-24T17:15:10.774Z,sell,5.17e-06,4963.0,0.0256587099999999
OAX/BTC,1603559733903,2020-10-24T17:15:33.903Z,buy,5.18e-06,137.0,0.00070966
OAX/BTC,1603560255474,2020-10-24T17:24:15.474Z,buy,5.18e-06,20.0,0.0001036
OAX/BTC,1603560451783,2020-10-24T17:27:31.783Z,buy,5.18e-06,130.0,0.0006734
OAX/BTC,1603560490362,2020-10-24T17:28:10.362Z,buy,5.18e-06,125.0,0.0006475
OAX/BTC,1603560773749,2020-10-24T17:32:53.749Z,buy,5.18e-06,5516.0,0.02857288
OAX/BTC,1603560861910,2020-10-24T17:34:21.910Z,buy,5.18e-06,1926.0,0.00997668
OAX/BTC,1603560861910,2020-10-24T17:34:21.910Z,buy,5.19e-06,18074.0,0.09380406
OAX/BTC,1603560872541,2020-10-24T17:34:32.541Z,buy,5.19e-06,580.0,0.0030102
OAX/BTC,1603560943732,2020-10-24T17:35:43.732Z,sell,5.15e-06,2000.0,0.0103
OAX/BTC,1603561266975,2020-10-24T17:41:06.975Z,sell,5.15e-06,20.0,0.000103
OAX/BTC,1603561719800,2020-10-24T17:48:39.800Z,buy,5.19e-06,20.0,0.0001038
OAX/BTC,1603561768074,2020-10-24T17:49:28.074Z,sell,5.15e-06,479.0,0.00246685
OAX/BTC,1603561778816,2020-10-24T17:49:38.816Z,buy,5.19e-06,20.0,0.0001038
OAX/BTC,1603561787268,2020-10-24T17:49:47.268Z,buy,5.19e-06,21600.0,0.112104
OAX/BTC,1603561787268,2020-10-24T17:49:47.268Z,buy,5.2e-06,19423.0,0.1009996
OAX/BTC,1603561810168,2020-10-24T17:50:10.168Z,buy,5.2e-06,1286.0,0.0066872
OAX/BTC,1603561810268,2020-10-24T17:50:10.268Z,sell,5.2e-06,2858.0,0.0148616
OAX/BTC,1603561822118,2020-10-24T17:50:22.118Z,buy,5.21e-06,12042.0,0.06273882
OAX/BTC,1603561822179,2020-10-24T17:50:22.179Z,sell,5.21e-06,3762.0,0.01960002
OAX/BTC,1603561893419,2020-10-24T17:51:33.419Z,sell,5.2e-06,4632.0,0.0240864
OAX/BTC,1603561931693,2020-10-24T17:52:11.693Z,sell,5.18e-06,404.0,0.00209272
OAX/BTC,1603562292229,2020-10-24T17:58:12.229Z,buy,5.19e-06,13312.0,0.06908928
OAX/BTC,1603562292229,2020-10-24T17:58:12.229Z,buy,5.21e-06,19885.0,0.10360085
OAX/BTC,1603562292229,2020-10-24T17:58:12.229Z,buy,5.22e-06,36297.0,0.18947034
OAX/BTC,1603562292244,2020-10-24T17:58:12.244Z,buy,5.23e-06,29568.0,0.15464064
OAX/BTC,1603562294766,2020-10-24T17:58:14.766Z,buy,5.24e-06,20.0,0.0001048
OAX/BTC,1603562301397,2020-10-24T17:58:21.397Z,sell,5.22e-06,172.0,0.00089784
OAX/BTC,1603562301397,2020-10-24T17:58:21.397Z,sell,5.22e-06,172.0,0.00089784
OAX/BTC,1603562432814,2020-10-24T18:00:32.814Z,buy,5.24e-06,4620.0,0.0242088
OAX/BTC,1603562514777,2020-10-24T18:01:54.777Z,buy,5.24e-06,753.0,0.00394572
OAX/BTC,1603562814202,2020-10-24T18:06:54.202Z,buy,5.24e-06,23.0,0.0001205199999999
OAX/BTC,1603562927959,2020-10-24T18:08:47.959Z,buy,5.24e-06,1852.0,0.00970448
OAX/BTC,1603562932338,2020-10-24T18:08:52.338Z,buy,5.25e-06,2669.0,0.0140122499999999
OAX/BTC,1603562932338,2020-10-24T18:08:52.338Z,buy,5.26e-06,9592.0,0.05045392
OAX/BTC,1603562932338,2020-10-24T18:08:52.338Z,buy,5.27e-06,5020.0,0.0264554
OAX/BTC,1603562932338,2020-10-24T18:08:52.338Z,buy,5.28e-06,7719.0,0.04075632
OAX/BTC,1603562940291,2020-10-24T18:09:00.291Z,sell,5.23e-06,232.0,0.00121336
OAX/BTC,1603562941230,2020-10-24T18:09:01.230Z,sell,5.23e-06,78.0,0.00040794
OAX/BTC,1603562943030,2020-10-24T18:09:03.030Z,sell,5.23e-06,77.0,0.0004027099999999
OAX/BTC,1603562943557,2020-10-24T18:09:03.557Z,sell,5.23e-06,230.0,0.0012029
OAX/BTC,1603563372772,2020-10-24T18:16:12.772Z,buy,5.25e-06,324.0,0.0017009999999999
OAX/BTC,1603563372772,2020-10-24T18:16:12.772Z,buy,5.26e-06,1283.0,0.00674858
OAX/BTC,1603563374753,2020-10-24T18:16:14.753Z,buy,5.26e-06,114.0,0.0005996399999999
OAX/BTC,1603563387357,2020-10-24T18:16:27.357Z,buy,5.27e-06,950.0,0.0050065
OAX/BTC,1603563391488,2020-10-24T18:16:31.488Z,sell,5.23e-06,1000.0,0.00523
OAX/BTC,1603563410045,2020-10-24T18:16:50.045Z,sell,5.23e-06,762.0,0.00398526
OAX/BTC,1603563436952,2020-10-24T18:17:16.952Z,sell,5.23e-06,4976.0,0.02602448
OAX/BTC,1603563440121,2020-10-24T18:17:20.121Z,buy,5.23e-06,4907.0,0.02566361
OAX/BTC,1603563469337,2020-10-24T18:17:49.337Z,buy,5.23e-06,6906.0,0.03611838
OAX/BTC,1603563469772,2020-10-24T18:17:49.772Z,buy,5.23e-06,5734.0,0.02998882
OAX/BTC,1603563469780,2020-10-24T18:17:49.780Z,buy,5.23e-06,9405.0,0.04918815
OAX/BTC,1603563614226,2020-10-24T18:20:14.226Z,buy,5.25e-06,1000.0,0.0052499999999999
OAX/BTC,1603563636707,2020-10-24T18:20:36.707Z,buy,5.26e-06,1300.0,0.0068379999999999
OAX/BTC,1603563683932,2020-10-24T18:21:23.932Z,sell,5.25e-06,1840.0,0.00966
OAX/BTC,1603563684781,2020-10-24T18:21:24.781Z,sell,5.25e-06,45.0,0.00023625
OAX/BTC,1603563767770,2020-10-24T18:22:47.770Z,buy,5.24e-06,72.0,0.0003772799999999
OAX/BTC,1603563772700,2020-10-24T18:22:52.700Z,buy,5.24e-06,73.0,0.0003825199999999
OAX/BTC,1603563781842,2020-10-24T18:23:01.842Z,sell,5.24e-06,690.0,0.0036156
OAX/BTC,1603563784995,2020-10-24T18:23:04.995Z,sell,5.24e-06,806.0,0.00422344
OAX/BTC,1603563785180,2020-10-24T18:23:05.180Z,sell,5.24e-06,633.0,0.0033169199999999
OAX/BTC,1603563842475,2020-10-24T18:24:02.475Z,sell,5.23e-06,2378.0,0.01243694
OAX/BTC,1603563855597,2020-10-24T18:24:15.597Z,buy,5.23e-06,8115.0,0.04244145
OAX/BTC,1603563855630,2020-10-24T18:24:15.630Z,buy,5.23e-06,4953.0,0.02590419
OAX/BTC,1603563938900,2020-10-24T18:25:38.900Z,buy,5.26e-06,20.0,0.0001052
OAX/BTC,1603563992158,2020-10-24T18:26:32.158Z,sell,5.22e-06,536.0,0.00279792
OAX/BTC,1603563998597,2020-10-24T18:26:38.597Z,buy,5.25e-06,5747.0,0.0301717499999999
OAX/BTC,1603563998597,2020-10-24T18:26:38.597Z,buy,5.26e-06,3758.0,0.01976708
OAX/BTC,1603564012812,2020-10-24T18:26:52.812Z,buy,5.26e-06,853.0,0.0044867799999999
OAX/BTC,1603564183102,2020-10-24T18:29:43.102Z,buy,5.27e-06,28.0,0.00014756
OAX/BTC,1603564196002,2020-10-24T18:29:56.002Z,sell,5.23e-06,6907.0,0.03612361
OAX/BTC,1603564196002,2020-10-24T18:29:56.002Z,sell,5.22e-06,7093.0,0.03702546
OAX/BTC,1603564196002,2020-10-24T18:29:56.002Z,sell,5.22e-06,65.0,0.0003393
OAX/BTC,1603565244943,2020-10-24T18:47:24.943Z,sell,5.22e-06,531.0,0.00277182
OAX/BTC,1603565244943,2020-10-24T18:47:24.943Z,sell,5.22e-06,531.0,0.00277182
OAX/BTC,1603567474403,2020-10-24T19:24:34.403Z,sell,5.23e-06,335.0,0.00175205
OAX/BTC,1603567474403,2020-10-24T19:24:34.403Z,sell,5.22e-06,4918.0,0.02567196
OAX/BTC,1603568243258,2020-10-24T19:37:23.258Z,buy,5.23e-06,34.0,0.00017782
OAX/BTC,1603568422081,2020-10-24T19:40:22.081Z,buy,5.23e-06,6619.0,0.03461737
OAX/BTC,1603568422093,2020-10-24T19:40:22.093Z,buy,5.23e-06,1924.0,0.01006252
OAX/BTC,1603568639083,2020-10-24T19:43:59.083Z,sell,5.22e-06,9752.0,0.05090544
OAX/BTC,1603568639083,2020-10-24T19:43:59.083Z,sell,5.22e-06,9752.0,0.05090544
OAX/BTC,1603568861673,2020-10-24T19:47:41.673Z,buy,5.22e-06,424.0,0.00221328
OAX/BTC,1603569580656,2020-10-24T19:59:40.656Z,sell,5.21e-06,20.0,0.0001042
OAX/BTC,1603569580656,2020-10-24T19:59:40.656Z,sell,5.2e-06,230.0,0.001196
OAX/BTC,1603569580656,2020-10-24T19:59:40.656Z,sell,5.2e-06,6571.0,0.0341692
OAX/BTC,1603569653795,2020-10-24T20:00:53.795Z,buy,5.2e-06,23.0,0.0001196
OAX/BTC,1603569728341,2020-10-24T20:02:08.341Z,buy,5.2e-06,38.0,0.0001976
OAX/BTC,1603569728355,2020-10-24T20:02:08.355Z,buy,5.2e-06,354.0,0.0018408
OAX/BTC,1603569915699,2020-10-24T20:05:15.699Z,sell,5.19e-06,2312.0,0.01199928
OAX/BTC,1603569915699,2020-10-24T20:05:15.699Z,sell,5.18e-06,18548.0,0.09607864
OAX/BTC,1603569915722,2020-10-24T20:05:15.722Z,sell,5.17e-06,4965.0,0.02566905
OAX/BTC,1603569932958,2020-10-24T20:05:32.958Z,sell,5.17e-06,1027.0,0.0053095899999999
OAX/BTC,1603569932958,2020-10-24T20:05:32.958Z,sell,5.16e-06,17116.0,0.0883185599999999
OAX/BTC,1603570218033,2020-10-24T20:10:18.033Z,sell,5.17e-06,930.0,0.0048081
OAX/BTC,1603570218033,2020-10-24T20:10:18.033Z,sell,5.16e-06,1070.0,0.0055211999999999
OAX/BTC,1603570360601,2020-10-24T20:12:40.601Z,buy,5.19e-06,683.0,0.00354477
OAX/BTC,1603570495356,2020-10-24T20:14:55.356Z,sell,5.19e-06,1317.0,0.00683523
OAX/BTC,1603571226460,2020-10-24T20:27:06.460Z,sell,5.16e-06,2739.0,0.01413324
OAX/BTC,1603571236117,2020-10-24T20:27:16.117Z,sell,5.15e-06,439.0,0.00226085
OAX/BTC,1603571376441,2020-10-24T20:29:36.441Z,buy,5.17e-06,394.0,0.00203698
OAX/BTC,1603571376441,2020-10-24T20:29:36.441Z,buy,5.18e-06,187.0,0.00096866
OAX/BTC,1603571942229,2020-10-24T20:39:02.229Z,sell,5.16e-06,31.0,0.0001599599999999
OAX/BTC,1603571942229,2020-10-24T20:39:02.229Z,sell,5.15e-06,548.0,0.0028222
OAX/BTC,1603572013548,2020-10-24T20:40:13.548Z,sell,5.15e-06,73.0,0.00037595
OAX/BTC,1603572025230,2020-10-24T20:40:25.230Z,buy,5.18e-06,1013.0,0.00524734
OAX/BTC,1603572174602,2020-10-24T20:42:54.602Z,sell,5.15e-06,7675.0,0.03952625
OAX/BTC,1603572174622,2020-10-24T20:42:54.622Z,sell,5.15e-06,4035.0,0.02078025
OAX/BTC,1603572193869,2020-10-24T20:43:13.869Z,sell,5.15e-06,25.0,0.0001287499999999
OAX/BTC,1603572193869,2020-10-24T20:43:13.869Z,sell,5.15e-06,25.0,0.0001287499999999
OAX/BTC,1603572453204,2020-10-24T20:47:33.204Z,sell,5.14e-06,57.0,0.00029298
OAX/BTC,1603572531439,2020-10-24T20:48:51.439Z,buy,5.18e-06,1981.0,0.01026158
OAX/BTC,1603572531439,2020-10-24T20:48:51.439Z,buy,5.18e-06,33.0,0.00017094
OAX/BTC,1603572531439,2020-10-24T20:48:51.439Z,buy,5.18e-06,27.0,0.00013986
OAX/BTC,1603572681026,2020-10-24T20:51:21.026Z,sell,5.14e-06,134.0,0.00068876
OAX/BTC,1603572802796,2020-10-24T20:53:22.796Z,sell,5.14e-06,134.0,0.00068876
OAX/BTC,1603572803018,2020-10-24T20:53:23.018Z,sell,5.14e-06,284.0,0.00145976
OAX/BTC,1603573419787,2020-10-24T21:03:39.787Z,buy,5.17e-06,21.0,0.00010857
OAX/BTC,1603573515358,2020-10-24T21:05:15.358Z,buy,5.17e-06,576.0,0.00297792
OAX/BTC,1603573534773,2020-10-24T21:05:34.773Z,sell,5.17e-06,1943.0,0.01004531
OAX/BTC,1603573596209,2020-10-24T21:06:36.209Z,sell,5.16e-06,149.0,0.0007688399999999
OAX/BTC,1603573776116,2020-10-24T21:09:36.116Z,sell,5.16e-06,1858.0,0.00958728
OAX/BTC,1603573813147,2020-10-24T21:10:13.147Z,buy,5.18e-06,4641.0,0.02404038
OAX/BTC,1603573820293,2020-10-24T21:10:20.293Z,buy,5.18e-06,1147.0,0.00594146
OAX/BTC,1603573832006,2020-10-24T21:10:32.006Z,buy,5.18e-06,96.0,0.00049728
OAX/BTC,1603573832006,2020-10-24T21:10:32.006Z,buy,5.2e-06,186.0,0.0009672
OAX/BTC,1603573839560,2020-10-24T21:10:39.560Z,buy,5.2e-06,70.0,0.000364
OAX/BTC,1603573846566,2020-10-24T21:10:46.566Z,buy,5.2e-06,23.0,0.0001196
OAX/BTC,1603573865430,2020-10-24T21:11:05.430Z,buy,5.2e-06,5000.0,0.026
OAX/BTC,1603573999674,2020-10-24T21:13:19.674Z,buy,5.2e-06,254.0,0.0013208
OAX/BTC,1603574395966,2020-10-24T21:19:55.966Z,sell,5.16e-06,75240.0,0.3882384
OAX/BTC,1603574461312,2020-10-24T21:21:01.312Z,sell,5.15e-06,10128.0,0.0521591999999999
OAX/BTC,1603574461312,2020-10-24T21:21:01.312Z,sell,5.14e-06,689.0,0.0035414599999999
OAX/BTC,1603574801847,2020-10-24T21:26:41.847Z,sell,5.15e-06,239.0,0.00123085
OAX/BTC,1603575137304,2020-10-24T21:32:17.304Z,buy,5.17e-06,236.0,0.0012201199999999
OAX/BTC,1603575287931,2020-10-24T21:34:47.931Z,sell,5.15e-06,1739.0,0.00895585
OAX/BTC,1603575692803,2020-10-24T21:41:32.803Z,buy,5.17e-06,311.0,0.00160787
OAX/BTC,1603575692803,2020-10-24T21:41:32.803Z,buy,5.17e-06,311.0,0.00160787
OAX/BTC,1603576496414,2020-10-24T21:54:56.414Z,sell,5.15e-06,5843.0,0.03009145
OAX/BTC,1603576589343,2020-10-24T21:56:29.343Z,buy,5.15e-06,24.0,0.0001236
OAX/BTC,1603576596155,2020-10-24T21:56:36.155Z,sell,5.13e-06,1160.0,0.0059508
OAX/BTC,1603576657157,2020-10-24T21:57:37.157Z,sell,5.13e-06,37638.0,0.19308294
OAX/BTC,1603576657157,2020-10-24T21:57:37.157Z,sell,5.12e-06,76.0,0.00038912
OAX/BTC,1603576660492,2020-10-24T21:57:40.492Z,sell,5.12e-06,60.0,0.0003072
OAX/BTC,1603576704202,2020-10-24T21:58:24.202Z,sell,5.12e-06,762.0,0.00390144
OAX/BTC,1603576746388,2020-10-24T21:59:06.388Z,sell,5.12e-06,550.0,0.002816
OAX/BTC,1603576962982,2020-10-24T22:02:42.982Z,buy,5.17e-06,1496.0,0.0077343199999999
OAX/BTC,1603576962982,2020-10-24T22:02:42.982Z,buy,5.17e-06,51.0,0.00026367
OAX/BTC,1603576962982,2020-10-24T22:02:42.982Z,buy,5.17e-06,41.0,0.00021197
OAX/BTC,1603576962982,2020-10-24T22:02:42.982Z,buy,5.17e-06,25.0,0.00012925
OAX/BTC,1603577727677,2020-10-24T22:15:27.677Z,sell,5.13e-06,3900.0,0.020007
OAX/BTC,1603577727677,2020-10-24T22:15:27.677Z,sell,5.12e-06,536.0,0.00274432
OAX/BTC,1603577727677,2020-10-24T22:15:27.677Z,sell,5.11e-06,2037.0,0.01040907
OAX/BTC,1603577760547,2020-10-24T22:16:00.547Z,sell,5.11e-06,299.0,0.00152789
OAX/BTC,1603577828648,2020-10-24T22:17:08.648Z,sell,5.11e-06,73.0,0.00037303
OAX/BTC,1603578090906,2020-10-24T22:21:30.906Z,sell,5.11e-06,1545.0,0.00789495
OAX/BTC,1603578091354,2020-10-24T22:21:31.354Z,buy,5.16e-06,1051.0,0.00542316
OAX/BTC,1603578091354,2020-10-24T22:21:31.354Z,buy,5.16e-06,129.0,0.00066564
OAX/BTC,1603578373767,2020-10-24T22:26:13.767Z,sell,5.11e-06,313.0,0.00159943
OAX/BTC,1603578574219,2020-10-24T22:29:34.219Z,buy,5.15e-06,2516.0,0.0129573999999999
OAX/BTC,1603578619827,2020-10-24T22:30:19.827Z,buy,5.16e-06,45.0,0.0002321999999999
OAX/BTC,1603578619827,2020-10-24T22:30:19.827Z,buy,5.17e-06,872.0,0.0045082399999999
OAX/BTC,1603578728386,2020-10-24T22:32:08.386Z,sell,5.13e-06,4627.0,0.02373651
OAX/BTC,1603579233586,2020-10-24T22:40:33.586Z,sell,5.14e-06,3933.0,0.02021562
OAX/BTC,1603579233586,2020-10-24T22:40:33.586Z,sell,5.14e-06,3933.0,0.02021562
OAX/BTC,1603579556869,2020-10-24T22:45:56.869Z,sell,5.14e-06,2605.0,0.0133897
OAX/BTC,1603579955795,2020-10-24T22:52:35.795Z,sell,5.14e-06,389.0,0.0019994599999999
OAX/BTC,1603579955806,2020-10-24T22:52:35.806Z,buy,5.14e-06,246.0,0.00126444
OAX/BTC,1603580037613,2020-10-24T22:53:57.613Z,sell,5.13e-06,2969.0,0.01523097
OAX/BTC,1603580037613,2020-10-24T22:53:57.613Z,sell,5.12e-06,1472.0,0.00753664
OAX/BTC,1603580037613,2020-10-24T22:53:57.613Z,sell,5.11e-06,6333.0,0.03236163
OAX/BTC,1603580037613,2020-10-24T22:53:57.613Z,sell,5.1e-06,37927.0,0.1934277
OAX/BTC,1603580037613,2020-10-24T22:53:57.613Z,sell,5.09e-06,6726.0,0.03423534
OAX/BTC,1603580037613,2020-10-24T22:53:57.613Z,sell,5.08e-06,4991.0,0.02535428
OAX/BTC,1603580037613,2020-10-24T22:53:57.613Z,sell,5.07e-06,9972.0,0.05055804
OAX/BTC,1603580037613,2020-10-24T22:53:57.613Z,sell,5.06e-06,25395.0,0.1284987
OAX/BTC,1603580037754,2020-10-24T22:53:57.754Z,sell,5.07e-06,4016.0,0.02036112
OAX/BTC,1603580039657,2020-10-24T22:53:59.657Z,buy,5.07e-06,558.0,0.00282906
OAX/BTC,1603580043195,2020-10-24T22:54:03.195Z,buy,5.08e-06,827.0,0.00420116
OAX/BTC,1603580043477,2020-10-24T22:54:03.477Z,buy,5.09e-06,39.0,0.00019851
OAX/BTC,1603580056804,2020-10-24T22:54:16.804Z,sell,5.06e-06,5464.0,0.02764784
OAX/BTC,1603580058649,2020-10-24T22:54:18.649Z,sell,5.06e-06,252.0,0.00127512
OAX/BTC,1603580168850,2020-10-24T22:56:08.850Z,sell,5.06e-06,73.0,0.00036938
OAX/BTC,1603580176536,2020-10-24T22:56:16.536Z,buy,5.08e-06,550.0,0.0027939999999999
OAX/BTC,1603580260034,2020-10-24T22:57:40.034Z,sell,5.06e-06,748.0,0.00378488
OAX/BTC,1603580322987,2020-10-24T22:58:42.987Z,sell,5.06e-06,11550.0,0.0584429999999999
OAX/BTC,1603580393064,2020-10-24T22:59:53.064Z,buy,5.09e-06,528.0,0.00268752
OAX/BTC,1603580393064,2020-10-24T22:59:53.064Z,buy,5.1e-06,149.0,0.0007599
OAX/BTC,1603580393064,2020-10-24T22:59:53.064Z,buy,5.1e-06,70.0,0.000357
OAX/BTC,1603580393064,2020-10-24T22:59:53.064Z,buy,5.1e-06,429.0,0.0021879
OAX/BTC,1603580393064,2020-10-24T22:59:53.064Z,buy,5.1e-06,75.0,0.0003825
OAX/BTC,1603580394154,2020-10-24T22:59:54.154Z,buy,5.1e-06,208.0,0.0010608
OAX/BTC,1603580400525,2020-10-24T23:00:00.525Z,sell,5.07e-06,748.0,0.00379236
OAX/BTC,1603580446995,2020-10-24T23:00:46.995Z,buy,5.1e-06,3720.0,0.018972
OAX/BTC,1603580448618,2020-10-24T23:00:48.618Z,buy,5.11e-06,386.0,0.00197246
OAX/BTC,1603580518887,2020-10-24T23:01:58.887Z,sell,5.09e-06,727.0,0.00370043
OAX/BTC,1603580518887,2020-10-24T23:01:58.887Z,sell,5.08e-06,21.0,0.0001066799999999
OAX/BTC,1603580564163,2020-10-24T23:02:44.163Z,buy,5.1e-06,337.0,0.0017187
OAX/BTC,1603580633930,2020-10-24T23:03:53.930Z,sell,5.08e-06,748.0,0.0037998399999999
OAX/BTC,1603580748200,2020-10-24T23:05:48.200Z,sell,5.08e-06,748.0,0.0037998399999999
OAX/BTC,1603580845201,2020-10-24T23:07:25.201Z,sell,5.08e-06,196.0,0.0009956799999999
OAX/BTC,1603580865351,2020-10-24T23:07:45.351Z,sell,5.08e-06,748.0,0.0037998399999999
OAX/BTC,1603581923030,2020-10-24T23:25:23.030Z,sell,5.1e-06,390.0,0.001989
OAX/BTC,1603582035182,2020-10-24T23:27:15.182Z,buy,5.1e-06,373.0,0.0019023
OAX/BTC,1603582035193,2020-10-24T23:27:15.193Z,buy,5.1e-06,263.0,0.0013413
OAX/BTC,1603582165834,2020-10-24T23:29:25.834Z,sell,5.09e-06,50.0,0.0002545
OAX/BTC,1603582212922,2020-10-24T23:30:12.922Z,buy,5.1e-06,1898.0,0.0096798
OAX/BTC,1603582213128,2020-10-24T23:30:13.128Z,buy,5.11e-06,994.0,0.00507934
OAX/BTC,1603582213331,2020-10-24T23:30:13.331Z,buy,5.11e-06,496.0,0.00253456
OAX/BTC,1603582218857,2020-10-24T23:30:18.857Z,buy,5.12e-06,2350.0,0.012032
OAX/BTC,1603582220872,2020-10-24T23:30:20.872Z,sell,5.1e-06,2350.0,0.011985
OAX/BTC,1603582359838,2020-10-24T23:32:39.838Z,buy,5.12e-06,38.0,0.00019456
OAX/BTC,1603582413860,2020-10-24T23:33:33.860Z,buy,5.12e-06,78.0,0.00039936
OAX/BTC,1603582813761,2020-10-24T23:40:13.761Z,buy,5.12e-06,39.0,0.00019968
OAX/BTC,1603582813761,2020-10-24T23:40:13.761Z,buy,5.13e-06,61.0,0.00031293
OAX/BTC,1603582813761,2020-10-24T23:40:13.761Z,buy,5.12e-06,39.0,0.00019968
OAX/BTC,1603582813761,2020-10-24T23:40:13.761Z,buy,5.13e-06,61.0,0.00031293
OAX/BTC,1603582835135,2020-10-24T23:40:35.135Z,buy,5.13e-06,78.0,0.00040014
OAX/BTC,1603582972891,2020-10-24T23:42:52.891Z,buy,5.13e-06,27.0,0.00013851
OAX/BTC,1603583077322,2020-10-24T23:44:37.322Z,buy,5.13e-06,225.0,0.00115425
OAX/BTC,1603583113215,2020-10-24T23:45:13.215Z,buy,5.13e-06,139.0,0.00071307
OAX/BTC,1603583821132,2020-10-24T23:57:01.132Z,buy,5.13e-06,1020.0,0.0052326
OAX/BTC,1603584078430,2020-10-25T00:01:18.430Z,buy,5.13e-06,25.0,0.00012825
OAX/BTC,1603584798418,2020-10-25T00:13:18.418Z,sell,5.12e-06,2354.0,0.01205248
OAX/BTC,1603584798708,2020-10-25T00:13:18.708Z,sell,5.11e-06,1174.0,0.00599914
OAX/BTC,1603584798812,2020-10-25T00:13:18.812Z,sell,5.11e-06,586.0,0.00299446
OAX/BTC,1603584799007,2020-10-25T00:13:19.007Z,sell,5.11e-06,293.0,0.00149723
OAX/BTC,1603584802164,2020-10-25T00:13:22.164Z,buy,5.12e-06,39.0,0.00019968
OAX/BTC,1603584847977,2020-10-25T00:14:07.977Z,buy,5.12e-06,39.0,0.00019968
OAX/BTC,1603584891023,2020-10-25T00:14:51.023Z,buy,5.12e-06,39.0,0.00019968
OAX/BTC,1603584951776,2020-10-25T00:15:51.776Z,sell,5.11e-06,1543.0,0.00788473
OAX/BTC,1603584951892,2020-10-25T00:15:51.892Z,sell,5.1e-06,837.0,0.0042687
OAX/BTC,1603584951994,2020-10-25T00:15:51.994Z,sell,5.1e-06,418.0,0.0021318
OAX/BTC,1603584952192,2020-10-25T00:15:52.192Z,sell,5.1e-06,209.0,0.0010659
OAX/BTC,1603584964537,2020-10-25T00:16:04.537Z,sell,5.1e-06,6434.0,0.0328134
OAX/BTC,1603584964694,2020-10-25T00:16:04.694Z,sell,5.09e-06,3307.0,0.01683263
OAX/BTC,1603584964994,2020-10-25T00:16:04.994Z,sell,5.09e-06,1650.0,0.0083985
OAX/BTC,1603584965099,2020-10-25T00:16:05.099Z,sell,5.09e-06,824.0,0.00419416
OAX/BTC,1603584965402,2020-10-25T00:16:05.402Z,sell,5.09e-06,411.0,0.00209199
OAX/BTC,1603584965496,2020-10-25T00:16:05.496Z,sell,5.09e-06,205.0,0.00104345
OAX/BTC,1603585046983,2020-10-25T00:17:26.983Z,sell,5.09e-06,81.0,0.00041229
OAX/BTC,1603585314598,2020-10-25T00:21:54.598Z,sell,5.09e-06,1092.0,0.00555828
OAX/BTC,1603585314598,2020-10-25T00:21:54.598Z,sell,5.08e-06,9858.0,0.0500786399999999
OAX/BTC,1603585401192,2020-10-25T00:23:21.192Z,sell,5.07e-06,58.0,0.0002940599999999
OAX/BTC,1603585401192,2020-10-25T00:23:21.192Z,sell,5.06e-06,2393.0,0.0121085799999999
OAX/BTC,1603585513998,2020-10-25T00:25:13.998Z,sell,5.06e-06,53.0,0.0002681799999999
OAX/BTC,1603585513998,2020-10-25T00:25:13.998Z,sell,5.06e-06,53.0,0.0002681799999999
OAX/BTC,1603586646295,2020-10-25T00:44:06.295Z,buy,5.1e-06,745.0,0.0037995
OAX/BTC,1603586646295,2020-10-25T00:44:06.295Z,buy,5.1e-06,28.0,0.0001428
OAX/BTC,1603586646295,2020-10-25T00:44:06.295Z,buy,5.1e-06,20.0,0.000102
OAX/BTC,1603586843971,2020-10-25T00:47:23.971Z,sell,5.07e-06,136.0,0.00068952
OAX/BTC,1603586847517,2020-10-25T00:47:27.517Z,sell,5.07e-06,14136.0,0.07166952
OAX/BTC,1603586932653,2020-10-25T00:48:52.653Z,sell,5.07e-06,136.0,0.00068952
OAX/BTC,1603586945982,2020-10-25T00:49:05.982Z,sell,5.07e-06,744.0,0.0037720799999999
OAX/BTC,1603587262703,2020-10-25T00:54:22.703Z,sell,5.07e-06,137.0,0.0006945899999999
OAX/BTC,1603587378365,2020-10-25T00:56:18.365Z,sell,5.07e-06,59.0,0.00029913
OAX/BTC,1603587506410,2020-10-25T00:58:26.410Z,buy,5.1e-06,500.0,0.00255
OAX/BTC,1603587573357,2020-10-25T00:59:33.357Z,buy,5.1e-06,564.0,0.0028764
OAX/BTC,1603587587748,2020-10-25T00:59:47.748Z,buy,5.1e-06,7561.0,0.0385611
OAX/BTC,1603587615048,2020-10-25T01:00:15.048Z,buy,5.1e-06,311.0,0.0015861
OAX/BTC,1603587799640,2020-10-25T01:03:19.640Z,buy,5.11e-06,311.0,0.00158921
OAX/BTC,1603587800186,2020-10-25T01:03:20.186Z,buy,5.11e-06,311.0,0.00158921
OAX/BTC,1603587800643,2020-10-25T01:03:20.643Z,sell,5.08e-06,5659.0,0.0287477199999999
OAX/BTC,1603587800643,2020-10-25T01:03:20.643Z,sell,5.07e-06,3637.0,0.01843959
OAX/BTC,1603587800643,2020-10-25T01:03:20.643Z,sell,5.06e-06,2179.0,0.01102574
OAX/BTC,1603587800643,2020-10-25T01:03:20.643Z,sell,5.05e-06,2950.0,0.0148975
OAX/BTC,1603587800643,2020-10-25T01:03:20.643Z,sell,5.05e-06,10525.0,0.05315125
OAX/BTC,1603587800643,2020-10-25T01:03:20.643Z,sell,5.04e-06,1674.0,0.00843696
OAX/BTC,1603588014520,2020-10-25T01:06:54.520Z,buy,5.11e-06,1194.0,0.00610134
OAX/BTC,1603588025064,2020-10-25T01:07:05.064Z,sell,5.06e-06,679.0,0.00343574
OAX/BTC,1603588025064,2020-10-25T01:07:05.064Z,sell,5.05e-06,377.0,0.00190385
OAX/BTC,1603588025064,2020-10-25T01:07:05.064Z,sell,5.04e-06,5331.0,0.02686824
OAX/BTC,1603588025064,2020-10-25T01:07:05.064Z,sell,5.03e-06,1166.0,0.00586498
OAX/BTC,1603588041439,2020-10-25T01:07:21.439Z,sell,5.03e-06,395.0,0.00198685
OAX/BTC,1603588041583,2020-10-25T01:07:21.583Z,sell,5.03e-06,60.0,0.0003018
OAX/BTC,1603588222639,2020-10-25T01:10:22.639Z,buy,5.06e-06,217.0,0.00109802
OAX/BTC,1603588222639,2020-10-25T01:10:22.639Z,buy,5.06e-06,53.0,0.0002681799999999
OAX/BTC,1603588222639,2020-10-25T01:10:22.639Z,buy,5.06e-06,119.0,0.00060214
OAX/BTC,1603588222710,2020-10-25T01:10:22.710Z,buy,5.06e-06,66.0,0.00033396
OAX/BTC,1603588233880,2020-10-25T01:10:33.880Z,buy,5.07e-06,428.0,0.00216996
OAX/BTC,1603588333296,2020-10-25T01:12:13.296Z,buy,5.07e-06,362.0,0.00183534
OAX/BTC,1603588563093,2020-10-25T01:16:03.093Z,buy,5.06e-06,696.0,0.00352176
OAX/BTC,1603588564316,2020-10-25T01:16:04.316Z,sell,5.06e-06,175.0,0.0008855
OAX/BTC,1603588573019,2020-10-25T01:16:13.019Z,buy,5.07e-06,113.0,0.0005729099999999
OAX/BTC,1603588658685,2020-10-25T01:17:38.685Z,buy,5.07e-06,178.0,0.00090246
OAX/BTC,1603588658685,2020-10-25T01:17:38.685Z,buy,5.08e-06,672.0,0.0034137599999999
OAX/BTC,1603588658685,2020-10-25T01:17:38.685Z,buy,5.09e-06,22.0,0.00011198
OAX/BTC,1603588658685,2020-10-25T01:17:38.685Z,buy,5.09e-06,78.0,0.00039702
OAX/BTC,1603588699580,2020-10-25T01:18:19.580Z,sell,5.08e-06,189.0,0.00096012
OAX/BTC,1603588699580,2020-10-25T01:18:19.580Z,sell,5.08e-06,189.0,0.00096012
OAX/BTC,1603589325783,2020-10-25T01:28:45.783Z,buy,5.08e-06,1155.0,0.0058673999999999
OAX/BTC,1603589564257,2020-10-25T01:32:44.257Z,buy,5.08e-06,1083.0,0.0055016399999999
OAX/BTC,1603589784041,2020-10-25T01:36:24.041Z,sell,5.08e-06,1230.0,0.0062483999999999
OAX/BTC,1603589784052,2020-10-25T01:36:24.052Z,sell,5.08e-06,714.0,0.0036271199999999
OAX/BTC,1603589784343,2020-10-25T01:36:24.343Z,sell,5.08e-06,356.0,0.00180848
OAX/BTC,1603589839734,2020-10-25T01:37:19.734Z,sell,5.08e-06,819.0,0.00416052
OAX/BTC,1603589839734,2020-10-25T01:37:19.734Z,sell,5.07e-06,411.0,0.00208377
OAX/BTC,1603590131757,2020-10-25T01:42:11.757Z,sell,5.07e-06,8269.0,0.0419238299999999
OAX/BTC,1603590132657,2020-10-25T01:42:12.657Z,sell,5.06e-06,393.0,0.0019885799999999
OAX/BTC,1603590436666,2020-10-25T01:47:16.666Z,sell,5.04e-06,1230.0,0.0061992
OAX/BTC,1603590459607,2020-10-25T01:47:39.607Z,buy,5.07e-06,20.0,0.0001014
OAX/BTC,1603590459607,2020-10-25T01:47:39.607Z,buy,5.07e-06,41.0,0.00020787
OAX/BTC,1603590460186,2020-10-25T01:47:40.186Z,buy,5.07e-06,292.0,0.00148044
OAX/BTC,1603590607647,2020-10-25T01:50:07.647Z,sell,5.04e-06,242.0,0.00121968
OAX/BTC,1603590607647,2020-10-25T01:50:07.647Z,sell,5.03e-06,24.0,0.00012072
OAX/BTC,1603590607647,2020-10-25T01:50:07.647Z,sell,5.02e-06,284.0,0.00142568
OAX/BTC,1603590642763,2020-10-25T01:50:42.763Z,sell,5.02e-06,1230.0,0.0061746
OAX/BTC,1603590675422,2020-10-25T01:51:15.422Z,sell,5.02e-06,73.0,0.00036646
OAX/BTC,1603590762585,2020-10-25T01:52:42.585Z,buy,5.03e-06,397.0,0.00199691
OAX/BTC,1603590762585,2020-10-25T01:52:42.585Z,buy,5.03e-06,25.0,0.00012575
OAX/BTC,1603590762585,2020-10-25T01:52:42.585Z,buy,5.03e-06,32.0,0.00016096
OAX/BTC,1603590762681,2020-10-25T01:52:42.681Z,buy,5.03e-06,227.0,0.00114181
OAX/BTC,1603590787393,2020-10-25T01:53:07.393Z,buy,5.03e-06,51.0,0.00025653
OAX/BTC,1603590921872,2020-10-25T01:55:21.872Z,sell,5.02e-06,530.0,0.0026606
OAX/BTC,1603590947959,2020-10-25T01:55:47.959Z,sell,5.02e-06,890.0,0.0044678
OAX/BTC,1603590947959,2020-10-25T01:55:47.959Z,sell,5.01e-06,340.0,0.0017034
OAX/BTC,1603590947959,2020-10-25T01:55:47.959Z,sell,5.01e-06,1616.0,0.00809616
OAX/BTC,1603590947959,2020-10-25T01:55:47.959Z,sell,5e-06,8586.0,0.04293
OAX/BTC,1603590947959,2020-10-25T01:55:47.959Z,sell,5e-06,2124.0,0.01062
OAX/BTC,1603590947959,2020-10-25T01:55:47.959Z,sell,5e-06,804.0,0.00402
OAX/BTC,1603590947959,2020-10-25T01:55:47.959Z,sell,5e-06,35116.0,0.17558
OAX/BTC,1603590947959,2020-10-25T01:55:47.959Z,sell,5e-06,1477.0,0.007385
OAX/BTC,1603590947959,2020-10-25T01:55:47.959Z,sell,5e-06,113.0,0.000565
OAX/BTC,1603590948089,2020-10-25T01:55:48.089Z,sell,5e-06,25753.0,0.128765
OAX/BTC,1603590948288,2020-10-25T01:55:48.288Z,sell,5e-06,12856.0,0.06428
OAX/BTC,1603590948382,2020-10-25T01:55:48.382Z,sell,5e-06,6424.0,0.03212
OAX/BTC,1603590958053,2020-10-25T01:55:58.053Z,sell,5e-06,30308.0,0.15154
OAX/BTC,1603591049111,2020-10-25T01:57:29.111Z,sell,5e-06,1230.0,0.00615
OAX/BTC,1603591220696,2020-10-25T02:00:20.696Z,sell,5e-06,34.0,0.00017
OAX/BTC,1603591235179,2020-10-25T02:00:35.179Z,buy,5.01e-06,399.0,0.00199899
OAX/BTC,1603591235179,2020-10-25T02:00:35.179Z,buy,5.01e-06,297.0,0.00148797
OAX/BTC,1603591235179,2020-10-25T02:00:35.179Z,buy,5.03e-06,249.0,0.00125247
OAX/BTC,1603591235179,2020-10-25T02:00:35.179Z,buy,5.04e-06,12.0,6.048e-05
OAX/BTC,1603591235179,2020-10-25T02:00:35.179Z,buy,5.04e-06,75.0,0.000378
OAX/BTC,1603591235179,2020-10-25T02:00:35.179Z,buy,5.04e-06,171.0,0.00086184
OAX/BTC,1603591235179,2020-10-25T02:00:35.179Z,buy,5.04e-06,126.0,0.00063504
OAX/BTC,1603591545339,2020-10-25T02:05:45.339Z,buy,5.04e-06,31.0,0.00015624
OAX/BTC,1603591866281,2020-10-25T02:11:06.281Z,buy,5.04e-06,3260.0,0.0164304
OAX/BTC,1603591868008,2020-10-25T02:11:08.008Z,sell,5.04e-06,966.0,0.00486864
OAX/BTC,1603591935910,2020-10-25T02:12:15.910Z,sell,5.01e-06,745.0,0.00373245
OAX/BTC,1603592093342,2020-10-25T02:14:53.342Z,sell,5.01e-06,745.0,0.00373245
OAX/BTC,1603592123267,2020-10-25T02:15:23.267Z,buy,5.05e-06,1581.0,0.00798405
OAX/BTC,1603592228507,2020-10-25T02:17:08.507Z,sell,5.01e-06,150.0,0.0007515
OAX/BTC,1603592228507,2020-10-25T02:17:08.507Z,sell,5e-06,595.0,0.002975
OAX/BTC,1603592275865,2020-10-25T02:17:55.865Z,sell,5e-06,1132.0,0.00566
OAX/BTC,1603592275865,2020-10-25T02:17:55.865Z,sell,5e-06,1132.0,0.00566
OAX/BTC,1603592364111,2020-10-25T02:19:24.111Z,sell,5e-06,745.0,0.003725
OAX/BTC,1603592393049,2020-10-25T02:19:53.049Z,sell,5e-06,1646.0,0.00823
OAX/BTC,1603592522682,2020-10-25T02:22:02.682Z,sell,5e-06,745.0,0.003725
OAX/BTC,1603592690979,2020-10-25T02:24:50.979Z,sell,5e-06,745.0,0.003725
OAX/BTC,1603592706275,2020-10-25T02:25:06.275Z,buy,5.01e-06,523.0,0.00262023
OAX/BTC,1603592706275,2020-10-25T02:25:06.275Z,buy,5.01e-06,20.0,0.0001002
OAX/BTC,1603592706377,2020-10-25T02:25:06.377Z,buy,5.01e-06,271.0,0.00135771
OAX/BTC,1603592722521,2020-10-25T02:25:22.521Z,buy,5.01e-06,99.0,0.00049599
OAX/BTC,1603592740465,2020-10-25T02:25:40.465Z,buy,5.01e-06,50.0,0.0002505
OAX/BTC,1603592859166,2020-10-25T02:27:39.166Z,sell,5.01e-06,745.0,0.00373245
OAX/BTC,1603592865463,2020-10-25T02:27:45.463Z,buy,5.02e-06,4723.0,0.02370946
OAX/BTC,1603592865463,2020-10-25T02:27:45.463Z,buy,5.03e-06,548.0,0.00275644
OAX/BTC,1603592865463,2020-10-25T02:27:45.463Z,buy,5.04e-06,975.0,0.004914
OAX/BTC,1603592866284,2020-10-25T02:27:46.284Z,buy,5.04e-06,388.0,0.00195552
OAX/BTC,1603592981020,2020-10-25T02:29:41.020Z,sell,5.01e-06,745.0,0.00373245
OAX/BTC,1603593115380,2020-10-25T02:31:55.380Z,sell,5.01e-06,745.0,0.00373245
OAX/BTC,1603593235249,2020-10-25T02:33:55.249Z,sell,5.01e-06,745.0,0.00373245
OAX/BTC,1603593355566,2020-10-25T02:35:55.566Z,sell,5.03e-06,745.0,0.00374735
OAX/BTC,1603593355574,2020-10-25T02:35:55.574Z,sell,5.03e-06,575.0,0.00289225
OAX/BTC,1603593490893,2020-10-25T02:38:10.893Z,sell,5.03e-06,89.0,0.00044767
OAX/BTC,1603593490893,2020-10-25T02:38:10.893Z,sell,5.02e-06,656.0,0.00329312
OAX/BTC,1603593613527,2020-10-25T02:40:13.527Z,sell,5.02e-06,745.0,0.0037399
OAX/BTC,1603593750828,2020-10-25T02:42:30.828Z,sell,5.02e-06,745.0,0.0037399
OAX/BTC,1603593794710,2020-10-25T02:43:14.710Z,buy,5.04e-06,87.0,0.00043848
OAX/BTC,1603593899126,2020-10-25T02:44:59.126Z,sell,5.03e-06,745.0,0.00374735
OAX/BTC,1603594029348,2020-10-25T02:47:09.348Z,sell,5.03e-06,15256.0,0.07673768
OAX/BTC,1603594039168,2020-10-25T02:47:19.168Z,sell,5.02e-06,745.0,0.0037399
OAX/BTC,1603594047064,2020-10-25T02:47:27.064Z,buy,5.04e-06,231.0,0.00116424
OAX/BTC,1603594049236,2020-10-25T02:47:29.236Z,sell,5.02e-06,2839.0,0.01425178
OAX/BTC,1603594180292,2020-10-25T02:49:40.292Z,sell,5.02e-06,745.0,0.0037399
OAX/BTC,1603594320640,2020-10-25T02:52:00.640Z,sell,5.02e-06,745.0,0.0037399
OAX/BTC,1603594458960,2020-10-25T02:54:18.960Z,sell,5.02e-06,745.0,0.0037399
OAX/BTC,1603594602916,2020-10-25T02:56:42.916Z,sell,5.02e-06,745.0,0.0037399
OAX/BTC,1603594734226,2020-10-25T02:58:54.226Z,sell,5.02e-06,740.0,0.0037148
OAX/BTC,1603594734226,2020-10-25T02:58:54.226Z,sell,5.01e-06,5.0,2.505e-05
OAX/BTC,1603594850468,2020-10-25T03:00:50.468Z,sell,5.02e-06,745.0,0.0037399
OAX/BTC,1603594955773,2020-10-25T03:02:35.773Z,sell,5.02e-06,745.0,0.0037399
OAX/BTC,1603595053728,2020-10-25T03:04:13.728Z,sell,5.02e-06,745.0,0.0037399
OAX/BTC,1603595166914,2020-10-25T03:06:06.914Z,sell,5.02e-06,745.0,0.0037399
OAX/BTC,1603595236131,2020-10-25T03:07:16.131Z,buy,5.04e-06,100.0,0.000504
OAX/BTC,1603595236346,2020-10-25T03:07:16.346Z,buy,5.04e-06,60.0,0.0003024
OAX/BTC,1603595236497,2020-10-25T03:07:16.497Z,buy,5.04e-06,21.0,0.00010584
OAX/BTC,1603595236575,2020-10-25T03:07:16.575Z,buy,5.04e-06,80.0,0.0004032
OAX/BTC,1603595236603,2020-10-25T03:07:16.603Z,buy,5.04e-06,120.0,0.0006048
OAX/BTC,1603595236860,2020-10-25T03:07:16.860Z,buy,5.04e-06,40.0,0.0002016
OAX/BTC,1603595291444,2020-10-25T03:08:11.444Z,sell,5.02e-06,745.0,0.0037399
OAX/BTC,1603595422088,2020-10-25T03:10:22.088Z,sell,5.02e-06,745.0,0.0037399
OAX/BTC,1603595422127,2020-10-25T03:10:22.127Z,sell,5.02e-06,616.0,0.00309232
OAX/BTC,1603595422232,2020-10-25T03:10:22.232Z,sell,5.02e-06,308.0,0.00154616
OAX/BTC,1603595544990,2020-10-25T03:12:24.990Z,sell,5.02e-06,333.0,0.00167166
OAX/BTC,1603595544990,2020-10-25T03:12:24.990Z,sell,5.01e-06,412.0,0.00206412
OAX/BTC,1603595678674,2020-10-25T03:14:38.674Z,sell,5.01e-06,745.0,0.00373245
OAX/BTC,1603595845633,2020-10-25T03:17:25.633Z,sell,5.01e-06,745.0,0.00373245
OAX/BTC,1603595845633,2020-10-25T03:17:25.633Z,sell,5.01e-06,745.0,0.00373245
OAX/BTC,1603596011972,2020-10-25T03:20:11.972Z,sell,5.01e-06,218.0,0.00109218
OAX/BTC,1603596011972,2020-10-25T03:20:11.972Z,sell,5e-06,527.0,0.002635
OAX/BTC,1603596133504,2020-10-25T03:22:13.504Z,sell,5.02e-06,87.0,0.00043674
OAX/BTC,1603596154727,2020-10-25T03:22:34.727Z,sell,5.02e-06,745.0,0.0037399
OAX/BTC,1603596164489,2020-10-25T03:22:44.489Z,buy,5.04e-06,2055.0,0.0103572
OAX/BTC,1603596299669,2020-10-25T03:24:59.669Z,sell,5.02e-06,745.0,0.0037399
OAX/BTC,1603596440459,2020-10-25T03:27:20.459Z,sell,5.02e-06,745.0,0.0037399
OAX/BTC,1603596575840,2020-10-25T03:29:35.840Z,sell,5.02e-06,745.0,0.0037399
OAX/BTC,1603596688303,2020-10-25T03:31:28.303Z,sell,5.03e-06,745.0,0.00374735
OAX/BTC,1603596741685,2020-10-25T03:32:21.685Z,sell,5.03e-06,384.0,0.00193152
OAX/BTC,1603596790601,2020-10-25T03:33:10.601Z,sell,5.03e-06,6648.0,0.03343944
OAX/BTC,1603596790601,2020-10-25T03:33:10.601Z,sell,5.02e-06,21190.0,0.1063738
OAX/BTC,1603596790872,2020-10-25T03:33:10.872Z,sell,5.02e-06,2684.0,0.01347368
OAX/BTC,1603596790881,2020-10-25T03:33:10.881Z,sell,5.02e-06,5153.0,0.02586806
OAX/BTC,1603596791118,2020-10-25T03:33:11.118Z,sell,5.02e-06,2200.0,0.011044
OAX/BTC,1603596797395,2020-10-25T03:33:17.395Z,sell,5.02e-06,1298.0,0.00651596
OAX/BTC,1603596801496,2020-10-25T03:33:21.496Z,sell,5.02e-06,745.0,0.0037399
OAX/BTC,1603596857749,2020-10-25T03:34:17.749Z,sell,5.02e-06,459.0,0.00230418
OAX/BTC,1603596858003,2020-10-25T03:34:18.003Z,sell,5.02e-06,13128.0,0.06590256
OAX/BTC,1603596858003,2020-10-25T03:34:18.003Z,sell,5.02e-06,48400.0,0.242968
OAX/BTC,1603596858005,2020-10-25T03:34:18.005Z,sell,5.02e-06,15951.0,0.08007402
OAX/BTC,1603596925927,2020-10-25T03:35:25.927Z,sell,5e-06,745.0,0.003725
OAX/BTC,1603596935739,2020-10-25T03:35:35.739Z,sell,5e-06,995.0,0.004975
OAX/BTC,1603596935985,2020-10-25T03:35:35.985Z,sell,5e-06,6673.0,0.033365
OAX/BTC,1603596937210,2020-10-25T03:35:37.210Z,sell,4.99e-06,4596.0,0.02293404
OAX/BTC,1603596956798,2020-10-25T03:35:56.798Z,sell,4.99e-06,28.0,0.00013972
OAX/BTC,1603596957050,2020-10-25T03:35:57.050Z,sell,4.99e-06,4158.0,0.02074842
OAX/BTC,1603596957483,2020-10-25T03:35:57.483Z,sell,4.98e-06,570.0,0.0028385999999999
OAX/BTC,1603596958731,2020-10-25T03:35:58.731Z,sell,4.98e-06,80.0,0.0003984
OAX/BTC,1603596958731,2020-10-25T03:35:58.731Z,sell,4.97e-06,392.0,0.00194824
OAX/BTC,1603596958731,2020-10-25T03:35:58.731Z,sell,4.95e-06,4132.0,0.0204534
OAX/BTC,1603596967914,2020-10-25T03:36:07.914Z,sell,4.95e-06,6527.0,0.03230865
OAX/BTC,1603596974462,2020-10-25T03:36:14.462Z,sell,4.95e-06,41.0,0.00020295
OAX/BTC,1603597044060,2020-10-25T03:37:24.060Z,sell,4.95e-06,745.0,0.00368775
OAX/BTC,1603597054492,2020-10-25T03:37:34.492Z,buy,4.98e-06,225.0,0.0011205
OAX/BTC,1603597054492,2020-10-25T03:37:34.492Z,buy,4.98e-06,15.0,7.47e-05
OAX/BTC,1603597054492,2020-10-25T03:37:34.492Z,buy,4.99e-06,49.0,0.00024451
OAX/BTC,1603597055692,2020-10-25T03:37:35.692Z,buy,4.98e-06,563.0,0.00280374
OAX/BTC,1603597089867,2020-10-25T03:38:09.867Z,sell,4.95e-06,73.0,0.00036135
OAX/BTC,1603597147458,2020-10-25T03:39:07.458Z,sell,4.95e-06,274.0,0.0013563
OAX/BTC,1603597147458,2020-10-25T03:39:07.458Z,sell,4.94e-06,276.0,0.00136344
OAX/BTC,1603597148095,2020-10-25T03:39:08.095Z,sell,4.95e-06,182.0,0.0009009
OAX/BTC,1603597160756,2020-10-25T03:39:20.756Z,sell,4.95e-06,60.0,0.000297
OAX/BTC,1603597168823,2020-10-25T03:39:28.823Z,sell,4.95e-06,745.0,0.00368775
OAX/BTC,1603597193579,2020-10-25T03:39:53.579Z,buy,4.97e-06,49.0,0.00024353
OAX/BTC,1603597206962,2020-10-25T03:40:06.962Z,buy,4.97e-06,133.0,0.00066101
OAX/BTC,1603597206962,2020-10-25T03:40:06.962Z,buy,4.99e-06,176.0,0.00087824
OAX/BTC,1603597206962,2020-10-25T03:40:06.962Z,buy,4.99e-06,43.0,0.0002145699999999
OAX/BTC,1603597206962,2020-10-25T03:40:06.962Z,buy,4.99e-06,134.0,0.00066866
OAX/BTC,1603597238543,2020-10-25T03:40:38.543Z,sell,4.97e-06,1788.0,0.00888636
OAX/BTC,1603597261897,2020-10-25T03:41:01.897Z,buy,4.99e-06,201.0,0.0010029899999999
OAX/BTC,1603597261897,2020-10-25T03:41:01.897Z,buy,4.99e-06,172.0,0.0008582799999999
OAX/BTC,1603597261897,2020-10-25T03:41:01.897Z,buy,4.99e-06,23.0,0.0001147699999999
OAX/BTC,1603597282265,2020-10-25T03:41:22.265Z,sell,4.95e-06,25.0,0.00012375
OAX/BTC,1603597290881,2020-10-25T03:41:30.881Z,sell,4.95e-06,21193.0,0.10490535
OAX/BTC,1603597301017,2020-10-25T03:41:41.017Z,buy,4.95e-06,4109.0,0.02033955
OAX/BTC,1603597311445,2020-10-25T03:41:51.445Z,sell,4.94e-06,745.0,0.0036803
OAX/BTC,1603597318611,2020-10-25T03:41:58.611Z,sell,4.94e-06,1230.0,0.0060762
OAX/BTC,1603597318611,2020-10-25T03:41:58.611Z,sell,4.93e-06,14316.0,0.07057788
OAX/BTC,1603597343967,2020-10-25T03:42:23.967Z,sell,4.92e-06,2432.0,0.01196544
OAX/BTC,1603597343967,2020-10-25T03:42:23.967Z,sell,4.91e-06,1609.0,0.00790019
OAX/BTC,1603597343967,2020-10-25T03:42:23.967Z,sell,4.9e-06,17061.0,0.0835988999999999
OAX/BTC,1603597344802,2020-10-25T03:42:24.802Z,buy,4.9e-06,26.0,0.0001273999999999
OAX/BTC,1603597345912,2020-10-25T03:42:25.912Z,sell,4.89e-06,409.0,0.00200001
OAX/BTC,1603597345912,2020-10-25T03:42:25.912Z,sell,4.89e-06,537.0,0.00262593
OAX/BTC,1603597345912,2020-10-25T03:42:25.912Z,sell,4.88e-06,5393.0,0.02631784
OAX/BTC,1603597345912,2020-10-25T03:42:25.912Z,sell,4.87e-06,2675.0,0.01302725
OAX/BTC,1603597345912,2020-10-25T03:42:25.912Z,sell,4.86e-06,312.0,0.00151632
OAX/BTC,1603597345912,2020-10-25T03:42:25.912Z,sell,4.85e-06,3369.0,0.01633965
OAX/BTC,1603597345912,2020-10-25T03:42:25.912Z,sell,4.84e-06,4913.0,0.02377892
OAX/BTC,1603597345936,2020-10-25T03:42:25.936Z,buy,4.85e-06,102.0,0.0004947
OAX/BTC,1603597345945,2020-10-25T03:42:25.945Z,buy,4.85e-06,102.0,0.0004947
OAX/BTC,1603597345955,2020-10-25T03:42:25.955Z,buy,4.85e-06,102.0,0.0004947
OAX/BTC,1603597346601,2020-10-25T03:42:26.601Z,buy,4.85e-06,102.0,0.0004947
OAX/BTC,1603597346859,2020-10-25T03:42:26.859Z,sell,4.84e-06,1388.0,0.00671792
OAX/BTC,1603597347000,2020-10-25T03:42:27.000Z,buy,4.85e-06,11292.0,0.0547662
OAX/BTC,1603597352653,2020-10-25T03:42:32.653Z,buy,4.85e-06,29.0,0.00014065
OAX/BTC,1603597371523,2020-10-25T03:42:51.523Z,sell,4.83e-06,2165.0,0.01045695
OAX/BTC,1603597371523,2020-10-25T03:42:51.523Z,sell,4.82e-06,6216.0,0.0299611199999999
OAX/BTC,1603597371553,2020-10-25T03:42:51.553Z,buy,4.84e-06,7192.0,0.03480928
OAX/BTC,1603597373001,2020-10-25T03:42:53.001Z,sell,4.83e-06,60.0,0.0002898
OAX/BTC,1603597375165,2020-10-25T03:42:55.165Z,sell,4.84e-06,867.0,0.00419628
OAX/BTC,1603597375165,2020-10-25T03:42:55.165Z,sell,4.83e-06,43.0,0.00020769
OAX/BTC,1603597375165,2020-10-25T03:42:55.165Z,sell,4.82e-06,5867.0,0.02827894
OAX/BTC,1603597375630,2020-10-25T03:42:55.630Z,sell,4.82e-06,39.0,0.0001879799999999
OAX/BTC,1603597377798,2020-10-25T03:42:57.798Z,buy,4.85e-06,207.0,0.00100395
OAX/BTC,1603597379399,2020-10-25T03:42:59.399Z,buy,4.85e-06,788.0,0.0038218
OAX/BTC,1603597380961,2020-10-25T03:43:00.961Z,buy,4.85e-06,427.0,0.00207095
OAX/BTC,1603597384868,2020-10-25T03:43:04.868Z,buy,4.85e-06,164.0,0.0007954
OAX/BTC,1603597387911,2020-10-25T03:43:07.911Z,buy,4.85e-06,127.0,0.00061595
OAX/BTC,1603597447917,2020-10-25T03:44:07.917Z,sell,4.82e-06,73.0,0.0003518599999999
OAX/BTC,1603597450159,2020-10-25T03:44:10.159Z,sell,4.82e-06,550.0,0.0026509999999999
OAX/BTC,1603597454200,2020-10-25T03:44:14.200Z,sell,4.82e-06,745.0,0.0035908999999999
OAX/BTC,1603597461213,2020-10-25T03:44:21.213Z,buy,4.84e-06,57.0,0.00027588
OAX/BTC,1603597461213,2020-10-25T03:44:21.213Z,buy,4.85e-06,5798.0,0.0281203
OAX/BTC,1603597462084,2020-10-25T03:44:22.084Z,buy,4.85e-06,1103.0,0.00534955
OAX/BTC,1603597478931,2020-10-25T03:44:38.931Z,buy,4.85e-06,1621.0,0.00786185
OAX/BTC,1603597495100,2020-10-25T03:44:55.100Z,buy,4.85e-06,1030.0,0.0049955
OAX/BTC,1603597495733,2020-10-25T03:44:55.733Z,buy,4.85e-06,206.0,0.0009991
OAX/BTC,1603597525359,2020-10-25T03:45:25.359Z,buy,4.85e-06,33.0,0.00016005
OAX/BTC,1603597526195,2020-10-25T03:45:26.195Z,buy,4.85e-06,10941.0,0.05306385
OAX/BTC,1603597554124,2020-10-25T03:45:54.124Z,buy,4.87e-06,1266.0,0.00616542
OAX/BTC,1603597554124,2020-10-25T03:45:54.124Z,buy,4.87e-06,419.0,0.00204053
OAX/BTC,1603597554124,2020-10-25T03:45:54.124Z,buy,4.87e-06,264.0,0.00128568
OAX/BTC,1603597554124,2020-10-25T03:45:54.124Z,buy,4.87e-06,53.0,0.00025811
OAX/BTC,1603597554124,2020-10-25T03:45:54.124Z,buy,4.87e-06,71.0,0.00034577
OAX/BTC,1603597560885,2020-10-25T03:46:00.885Z,buy,4.87e-06,3950.0,0.0192365
OAX/BTC,1603597561104,2020-10-25T03:46:01.104Z,buy,4.87e-06,241.0,0.00117367
OAX/BTC,1603597599428,2020-10-25T03:46:39.428Z,sell,4.86e-06,745.0,0.0036207
OAX/BTC,1603597679037,2020-10-25T03:47:59.037Z,sell,4.86e-06,11292.0,0.05487912
OAX/BTC,1603597728301,2020-10-25T03:48:48.301Z,sell,4.86e-06,3861.0,0.01876446
OAX/BTC,1603597746048,2020-10-25T03:49:06.048Z,sell,4.86e-06,745.0,0.0036207
OAX/BTC,1603597882103,2020-10-25T03:51:22.103Z,sell,4.86e-06,745.0,0.0036207
OAX/BTC,1603597883414,2020-10-25T03:51:23.414Z,buy,4.87e-06,11998.0,0.05843026
OAX/BTC,1603597953185,2020-10-25T03:52:33.185Z,sell,4.86e-06,389.0,0.00189054
OAX/BTC,1603597957937,2020-10-25T03:52:37.937Z,buy,4.87e-06,4809.0,0.02341983
OAX/BTC,1603597958195,2020-10-25T03:52:38.195Z,buy,4.87e-06,3365.0,0.01638755
OAX/BTC,1603598000987,2020-10-25T03:53:20.987Z,buy,4.88e-06,172.0,0.0008393599999999
OAX/BTC,1603598000987,2020-10-25T03:53:20.987Z,buy,4.89e-06,24.0,0.00011736
OAX/BTC,1603598002134,2020-10-25T03:53:22.134Z,buy,4.89e-06,2205.0,0.0107824499999999
OAX/BTC,1603598006322,2020-10-25T03:53:26.322Z,sell,4.89e-06,745.0,0.0036430499999999
OAX/BTC,1603598007304,2020-10-25T03:53:27.304Z,buy,4.9e-06,1176.0,0.0057624
OAX/BTC,1603598010307,2020-10-25T03:53:30.307Z,buy,4.91e-06,2226.0,0.0109296599999999
OAX/BTC,1603598010354,2020-10-25T03:53:30.354Z,buy,4.92e-06,580.0,0.0028536
OAX/BTC,1603598020180,2020-10-25T03:53:40.180Z,buy,4.93e-06,2891.0,0.01425263
OAX/BTC,1603598020180,2020-10-25T03:53:40.180Z,buy,4.94e-06,9860.0,0.0487084
OAX/BTC,1603598020180,2020-10-25T03:53:40.180Z,buy,4.95e-06,11691.0,0.05787045
OAX/BTC,1603598053384,2020-10-25T03:54:13.384Z,sell,4.9e-06,203.0,0.0009946999999999
OAX/BTC,1603598053617,2020-10-25T03:54:13.617Z,sell,4.9e-06,2223.0,0.0108927
OAX/BTC,1603598146064,2020-10-25T03:55:46.064Z,sell,4.9e-06,745.0,0.0036504999999999
OAX/BTC,1603598279160,2020-10-25T03:57:59.160Z,sell,4.9e-06,745.0,0.0036504999999999
OAX/BTC,1603598401755,2020-10-25T04:00:01.755Z,sell,4.9e-06,14900.0,0.0730099999999999
OAX/BTC,1603598401972,2020-10-25T04:00:01.972Z,sell,4.89e-06,580.0,0.0028361999999999
OAX/BTC,1603598404733,2020-10-25T04:00:04.733Z,sell,4.89e-06,2426.0,0.01186314
OAX/BTC,1603598405728,2020-10-25T04:00:05.728Z,sell,4.89e-06,745.0,0.0036430499999999
OAX/BTC,1603598414759,2020-10-25T04:00:14.759Z,buy,4.9e-06,103.0,0.0005047
OAX/BTC,1603598415013,2020-10-25T04:00:15.013Z,buy,4.9e-06,123.0,0.0006027
OAX/BTC,1603598415371,2020-10-25T04:00:15.371Z,buy,4.9e-06,82.0,0.0004017999999999
OAX/BTC,1603598416777,2020-10-25T04:00:16.777Z,buy,4.9e-06,62.0,0.0003037999999999
OAX/BTC,1603598430836,2020-10-25T04:00:30.836Z,buy,4.93e-06,2350.0,0.0115855
OAX/BTC,1603598440321,2020-10-25T04:00:40.321Z,buy,4.94e-06,41.0,0.00020254
OAX/BTC,1603598456361,2020-10-25T04:00:56.361Z,sell,4.9e-06,3782.0,0.0185317999999999
OAX/BTC,1603598483495,2020-10-25T04:01:23.495Z,sell,4.9e-06,2200.0,0.01078
OAX/BTC,1603598510456,2020-10-25T04:01:50.456Z,sell,4.88e-06,745.0,0.0036355999999999
OAX/BTC,1603598532822,2020-10-25T04:02:12.822Z,sell,4.88e-06,150.0,0.000732
OAX/BTC,1603598591612,2020-10-25T04:03:11.612Z,sell,4.88e-06,773.0,0.00377224
OAX/BTC,1603598591612,2020-10-25T04:03:11.612Z,sell,4.87e-06,1642.0,0.00799654
OAX/BTC,1603598591612,2020-10-25T04:03:11.612Z,sell,4.86e-06,23177.0,0.11264022
OAX/BTC,1603598611804,2020-10-25T04:03:31.804Z,sell,4.87e-06,745.0,0.00362815
OAX/BTC,1603598623793,2020-10-25T04:03:43.793Z,sell,4.87e-06,423.0,0.00206001
OAX/BTC,1603598623793,2020-10-25T04:03:43.793Z,sell,4.86e-06,31377.0,0.15249222
OAX/BTC,1603598726299,2020-10-25T04:05:26.299Z,sell,4.86e-06,745.0,0.0036207
OAX/BTC,1603598764988,2020-10-25T04:06:04.988Z,sell,4.86e-06,5651.0,0.02746386
OAX/BTC,1603598764988,2020-10-25T04:06:04.988Z,sell,4.84e-06,124.0,0.00060016
OAX/BTC,1603598764988,2020-10-25T04:06:04.988Z,sell,4.83e-06,3041.0,0.01468803
OAX/BTC,1603598764988,2020-10-25T04:06:04.988Z,sell,4.82e-06,3689.0,0.01778098
OAX/BTC,1603598768415,2020-10-25T04:06:08.415Z,buy,4.86e-06,41.0,0.00019926
OAX/BTC,1603598841110,2020-10-25T04:07:21.110Z,sell,4.86e-06,30.0,0.0001458
OAX/BTC,1603598841110,2020-10-25T04:07:21.110Z,sell,4.85e-06,473.0,0.00229405
OAX/BTC,1603598841110,2020-10-25T04:07:21.110Z,sell,4.83e-06,242.0,0.00116886
OAX/BTC,1603598848362,2020-10-25T04:07:28.362Z,sell,4.85e-06,153.0,0.00074205
OAX/BTC,1603598848362,2020-10-25T04:07:28.362Z,sell,4.83e-06,714.0,0.00344862
OAX/BTC,1603598920461,2020-10-25T04:08:40.461Z,buy,4.86e-06,153.0,0.00074358
OAX/BTC,1603598920461,2020-10-25T04:08:40.461Z,buy,4.88e-06,149.0,0.0007271199999999
OAX/BTC,1603598920461,2020-10-25T04:08:40.461Z,buy,4.9e-06,2794.0,0.0136905999999999
OAX/BTC,1603598920461,2020-10-25T04:08:40.461Z,buy,4.91e-06,1734.0,0.00851394
OAX/BTC,1603598923576,2020-10-25T04:08:43.576Z,buy,4.9e-06,41.0,0.0002008999999999
OAX/BTC,1603598932631,2020-10-25T04:08:52.631Z,buy,4.9e-06,280.0,0.001372
OAX/BTC,1603598970293,2020-10-25T04:09:30.293Z,sell,4.85e-06,745.0,0.00361325
OAX/BTC,1603599113009,2020-10-25T04:11:53.009Z,sell,4.85e-06,194.0,0.0009409
OAX/BTC,1603599113009,2020-10-25T04:11:53.009Z,sell,4.84e-06,551.0,0.00266684
OAX/BTC,1603599248779,2020-10-25T04:14:08.779Z,sell,4.85e-06,22.0,0.0001067
OAX/BTC,1603599248779,2020-10-25T04:14:08.779Z,sell,4.84e-06,723.0,0.00349932
OAX/BTC,1603599399534,2020-10-25T04:16:39.534Z,sell,4.84e-06,745.0,0.0036058
OAX/BTC,1603599399534,2020-10-25T04:16:39.534Z,sell,4.84e-06,745.0,0.0036058
OAX/BTC,1603599467754,2020-10-25T04:17:47.754Z,sell,4.84e-06,150.0,0.000726
OAX/BTC,1603599556180,2020-10-25T04:19:16.180Z,sell,4.84e-06,745.0,0.0036058
OAX/BTC,1603599567206,2020-10-25T04:19:27.206Z,buy,4.89e-06,22.0,0.00010758
OAX/BTC,1603599705626,2020-10-25T04:21:45.626Z,sell,4.88e-06,31.0,0.00015128
OAX/BTC,1603599705626,2020-10-25T04:21:45.626Z,sell,4.84e-06,714.0,0.00345576
OAX/BTC,1603599850414,2020-10-25T04:24:10.414Z,sell,4.88e-06,21.0,0.00010248
OAX/BTC,1603599850414,2020-10-25T04:24:10.414Z,sell,4.87e-06,21.0,0.00010227
OAX/BTC,1603599850414,2020-10-25T04:24:10.414Z,sell,4.86e-06,21.0,0.00010206
OAX/BTC,1603599850414,2020-10-25T04:24:10.414Z,sell,4.85e-06,85.0,0.00041225
OAX/BTC,1603599850414,2020-10-25T04:24:10.414Z,sell,4.84e-06,597.0,0.00288948
OAX/BTC,1603600003514,2020-10-25T04:26:43.514Z,sell,4.84e-06,745.0,0.0036058
OAX/BTC,1603600036665,2020-10-25T04:27:16.665Z,sell,4.84e-06,6535.0,0.0316294
OAX/BTC,1603600098644,2020-10-25T04:28:18.644Z,sell,4.84e-06,236.0,0.00114224
OAX/BTC,1603600148929,2020-10-25T04:29:08.929Z,sell,4.84e-06,745.0,0.0036058
OAX/BTC,1603600254987,2020-10-25T04:30:54.987Z,sell,4.84e-06,745.0,0.0036058
OAX/BTC,1603600261026,2020-10-25T04:31:01.026Z,sell,4.84e-06,5683.0,0.02750572
OAX/BTC,1603600301111,2020-10-25T04:31:41.111Z,sell,4.84e-06,177.0,0.00085668
OAX/BTC,1603600301111,2020-10-25T04:31:41.111Z,sell,4.83e-06,126.0,0.00060858
OAX/BTC,1603600307425,2020-10-25T04:31:47.425Z,sell,4.84e-06,618.0,0.00299112
OAX/BTC,1603600357877,2020-10-25T04:32:37.877Z,sell,4.85e-06,2330.0,0.0113005
OAX/BTC,1603600357914,2020-10-25T04:32:37.914Z,sell,4.85e-06,2330.0,0.0113005
OAX/BTC,1603600358071,2020-10-25T04:32:38.071Z,sell,4.85e-06,1599.0,0.00775515
OAX/BTC,1603600363203,2020-10-25T04:32:43.203Z,sell,4.85e-06,745.0,0.00361325
OAX/BTC,1603600477256,2020-10-25T04:34:37.256Z,sell,4.85e-06,745.0,0.00361325
OAX/BTC,1603600510246,2020-10-25T04:35:10.246Z,sell,4.85e-06,468.0,0.0022698
OAX/BTC,1603600541221,2020-10-25T04:35:41.221Z,sell,4.85e-06,308.0,0.0014938
OAX/BTC,1603600589475,2020-10-25T04:36:29.475Z,sell,4.85e-06,745.0,0.00361325
OAX/BTC,1603600694559,2020-10-25T04:38:14.559Z,sell,4.85e-06,745.0,0.00361325
OAX/BTC,1603600735853,2020-10-25T04:38:55.853Z,sell,4.85e-06,193.0,0.00093605
OAX/BTC,1603600820986,2020-10-25T04:40:20.986Z,sell,4.85e-06,745.0,0.00361325
OAX/BTC,1603600957282,2020-10-25T04:42:37.282Z,sell,4.85e-06,745.0,0.00361325
OAX/BTC,1603601015167,2020-10-25T04:43:35.167Z,buy,4.86e-06,25.0,0.0001215
OAX/BTC,1603601098558,2020-10-25T04:44:58.558Z,sell,4.85e-06,745.0,0.00361325
OAX/BTC,1603601154150,2020-10-25T04:45:54.150Z,buy,4.86e-06,3853.0,0.01872558
OAX/BTC,1603601237688,2020-10-25T04:47:17.688Z,sell,4.85e-06,745.0,0.00361325
OAX/BTC,1603601254409,2020-10-25T04:47:34.409Z,buy,4.86e-06,455.0,0.0022113
OAX/BTC,1603601266630,2020-10-25T04:47:46.630Z,buy,4.88e-06,618.0,0.00301584
OAX/BTC,1603601276124,2020-10-25T04:47:56.124Z,buy,4.89e-06,6500.0,0.031785
OAX/BTC,1603601374735,2020-10-25T04:49:34.735Z,sell,4.85e-06,745.0,0.00361325
OAX/BTC,1603601509029,2020-10-25T04:51:49.029Z,sell,4.85e-06,745.0,0.00361325
OAX/BTC,1603601608596,2020-10-25T04:53:28.596Z,sell,4.85e-06,675.0,0.00327375
OAX/BTC,1603601635099,2020-10-25T04:53:55.099Z,sell,4.85e-06,745.0,0.00361325
OAX/BTC,1603601768420,2020-10-25T04:56:08.420Z,sell,4.85e-06,745.0,0.00361325
OAX/BTC,1603601789004,2020-10-25T04:56:29.004Z,buy,4.89e-06,21.0,0.00010269
OAX/BTC,1603601895014,2020-10-25T04:58:15.014Z,sell,4.85e-06,745.0,0.00361325
OAX/BTC,1603601994471,2020-10-25T04:59:54.471Z,sell,4.85e-06,745.0,0.00361325
OAX/BTC,1603602005237,2020-10-25T05:00:05.237Z,buy,4.89e-06,659.0,0.00322251
OAX/BTC,1603602005488,2020-10-25T05:00:05.488Z,buy,4.89e-06,309.0,0.00151101
OAX/BTC,1603602015440,2020-10-25T05:00:15.440Z,buy,4.9e-06,152.0,0.0007448
OAX/BTC,1603602016324,2020-10-25T05:00:16.324Z,buy,4.9e-06,64.0,0.0003136
OAX/BTC,1603602016561,2020-10-25T05:00:16.561Z,buy,4.9e-06,1300.0,0.00637
OAX/BTC,1603602046923,2020-10-25T05:00:46.923Z,buy,4.9e-06,1960.0,0.009604
OAX/BTC,1603602049546,2020-10-25T05:00:49.546Z,buy,4.9e-06,85.0,0.0004165
OAX/BTC,1603602051843,2020-10-25T05:00:51.843Z,buy,4.9e-06,307.0,0.0015042999999999
OAX/BTC,1603602111603,2020-10-25T05:01:51.603Z,sell,4.86e-06,745.0,0.0036207
OAX/BTC,1603602120561,2020-10-25T05:02:00.561Z,sell,4.86e-06,3470.0,0.0168642
OAX/BTC,1603602233392,2020-10-25T05:03:53.392Z,sell,4.86e-06,745.0,0.0036207
OAX/BTC,1603602350419,2020-10-25T05:05:50.419Z,sell,4.86e-06,745.0,0.0036207
OAX/BTC,1603602480483,2020-10-25T05:08:00.483Z,sell,4.86e-06,485.0,0.0023571
OAX/BTC,1603602480483,2020-10-25T05:08:00.483Z,sell,4.85e-06,260.0,0.001261
OAX/BTC,1603602621933,2020-10-25T05:10:21.933Z,sell,4.85e-06,745.0,0.00361325
OAX/BTC,1603602672859,2020-10-25T05:11:12.859Z,buy,4.9e-06,103.0,0.0005047
OAX/BTC,1603602736905,2020-10-25T05:12:16.905Z,sell,4.85e-06,745.0,0.00361325
OAX/BTC,1603602861571,2020-10-25T05:14:21.571Z,sell,4.86e-06,64.0,0.00031104
OAX/BTC,1603602861571,2020-10-25T05:14:21.571Z,sell,4.85e-06,7509.0,0.03641865
OAX/BTC,1603602876945,2020-10-25T05:14:36.945Z,sell,4.85e-06,745.0,0.00361325
OAX/BTC,1603602876945,2020-10-25T05:14:36.945Z,sell,4.85e-06,745.0,0.00361325
OAX/BTC,1603603051145,2020-10-25T05:17:31.145Z,sell,4.85e-06,745.0,0.00361325
OAX/BTC,1603603211293,2020-10-25T05:20:11.293Z,sell,4.85e-06,745.0,0.00361325
OAX/BTC,1603603255509,2020-10-25T05:20:55.509Z,sell,4.85e-06,114.0,0.0005529
OAX/BTC,1603603302727,2020-10-25T05:21:42.727Z,sell,4.85e-06,2968.0,0.0143948
OAX/BTC,1603603368732,2020-10-25T05:22:48.732Z,sell,4.85e-06,102.0,0.0004947
OAX/BTC,1603603368732,2020-10-25T05:22:48.732Z,sell,4.84e-06,643.0,0.00311212
OAX/BTC,1603603512399,2020-10-25T05:25:12.399Z,sell,4.84e-06,745.0,0.0036058
OAX/BTC,1603603569575,2020-10-25T05:26:09.575Z,sell,4.84e-06,636.0,0.00307824
OAX/BTC,1603603569575,2020-10-25T05:26:09.575Z,sell,4.83e-06,314.0,0.00151662
OAX/BTC,1603603652698,2020-10-25T05:27:32.698Z,sell,4.83e-06,745.0,0.00359835
OAX/BTC,1603603781673,2020-10-25T05:29:41.673Z,sell,4.83e-06,259.0,0.00125097
OAX/BTC,1603603781673,2020-10-25T05:29:41.673Z,sell,4.82e-06,486.0,0.00234252
OAX/BTC,1603603906100,2020-10-25T05:31:46.100Z,sell,4.82e-06,745.0,0.0035908999999999
OAX/BTC,1603604019595,2020-10-25T05:33:39.595Z,sell,4.82e-06,2268.0,0.0109317599999999
OAX/BTC,1603604038978,2020-10-25T05:33:58.978Z,sell,4.82e-06,745.0,0.0035908999999999
OAX/BTC,1603604047826,2020-10-25T05:34:07.826Z,sell,4.82e-06,897.0,0.00432354
OAX/BTC,1603604079658,2020-10-25T05:34:39.658Z,buy,4.84e-06,1238.0,0.00599192
OAX/BTC,1603604079658,2020-10-25T05:34:39.658Z,buy,4.85e-06,1936.0,0.0093896
OAX/BTC,1603604079658,2020-10-25T05:34:39.658Z,buy,4.86e-06,7126.0,0.03463236
OAX/BTC,1603604079658,2020-10-25T05:34:39.658Z,buy,4.86e-06,49.0,0.00023814
OAX/BTC,1603604079658,2020-10-25T05:34:39.658Z,buy,4.86e-06,47.0,0.00022842
OAX/BTC,1603604079658,2020-10-25T05:34:39.658Z,buy,4.86e-06,40.0,0.0001944
OAX/BTC,1603604092346,2020-10-25T05:34:52.346Z,buy,4.86e-06,3422.0,0.01663092
OAX/BTC,1603604147599,2020-10-25T05:35:47.599Z,buy,4.87e-06,102.0,0.00049674
OAX/BTC,1603604175257,2020-10-25T05:36:15.257Z,sell,4.87e-06,89.0,0.00043343
OAX/BTC,1603604175257,2020-10-25T05:36:15.257Z,sell,4.86e-06,656.0,0.00318816
OAX/BTC,1603604247046,2020-10-25T05:37:27.046Z,buy,4.88e-06,5000.0,0.0243999999999999
OAX/BTC,1603604289854,2020-10-25T05:38:09.854Z,sell,4.86e-06,745.0,0.0036207
OAX/BTC,1603604436560,2020-10-25T05:40:36.560Z,sell,4.86e-06,745.0,0.0036207
OAX/BTC,1603604582608,2020-10-25T05:43:02.608Z,sell,4.86e-06,745.0,0.0036207
OAX/BTC,1603604740658,2020-10-25T05:45:40.658Z,sell,4.86e-06,745.0,0.0036207
OAX/BTC,1603604772196,2020-10-25T05:46:12.196Z,buy,4.87e-06,453.0,0.00220611
OAX/BTC,1603604772493,2020-10-25T05:46:12.493Z,buy,4.87e-06,226.0,0.00110062
OAX/BTC,1603604783827,2020-10-25T05:46:23.827Z,buy,4.87e-06,201.0,0.00097887
OAX/BTC,1603604797731,2020-10-25T05:46:37.731Z,buy,4.87e-06,886.0,0.00431482
OAX/BTC,1603604849020,2020-10-25T05:47:29.020Z,buy,4.87e-06,205.0,0.00099835
OAX/BTC,1603604849033,2020-10-25T05:47:29.033Z,buy,4.87e-06,509.0,0.00247883
OAX/BTC,1603604849320,2020-10-25T05:47:29.320Z,buy,4.87e-06,254.0,0.00123698
OAX/BTC,1603604876399,2020-10-25T05:47:56.399Z,buy,4.87e-06,6000.0,0.02922
OAX/BTC,1603604876409,2020-10-25T05:47:56.409Z,buy,4.87e-06,166.0,0.00080842
OAX/BTC,1603604877561,2020-10-25T05:47:57.561Z,buy,4.88e-06,246.0,0.0012004799999999
OAX/BTC,1603604908399,2020-10-25T05:48:28.399Z,sell,4.86e-06,745.0,0.0036207
OAX/BTC,1603604967517,2020-10-25T05:49:27.517Z,buy,4.88e-06,205.0,0.0010004
OAX/BTC,1603605065843,2020-10-25T05:51:05.843Z,sell,4.87e-06,745.0,0.00362815
OAX/BTC,1603605087933,2020-10-25T05:51:27.933Z,buy,4.88e-06,205.0,0.0010004
OAX/BTC,1603605101410,2020-10-25T05:51:41.410Z,buy,4.88e-06,21.0,0.00010248
OAX/BTC,1603605138964,2020-10-25T05:52:18.964Z,sell,4.87e-06,708.0,0.00344796
OAX/BTC,1603605139263,2020-10-25T05:52:19.263Z,sell,4.87e-06,353.0,0.00171911
OAX/BTC,1603605173818,2020-10-25T05:52:53.818Z,sell,4.87e-06,45716.0,0.22263692
OAX/BTC,1603605188286,2020-10-25T05:53:08.286Z,buy,4.87e-06,1066.0,0.0051914199999999
OAX/BTC,1603605188286,2020-10-25T05:53:08.286Z,buy,4.88e-06,3369.0,0.01644072
OAX/BTC,1603605194063,2020-10-25T05:53:14.063Z,buy,4.88e-06,1104.0,0.00538752
OAX/BTC,1603605198246,2020-10-25T05:53:18.246Z,buy,4.88e-06,274.0,0.00133712
OAX/BTC,1603605202150,2020-10-25T05:53:22.150Z,buy,4.88e-06,1512.0,0.00737856
OAX/BTC,1603605206670,2020-10-25T05:53:26.670Z,buy,4.88e-06,91.0,0.0004440799999999
OAX/BTC,1603605212059,2020-10-25T05:53:32.059Z,sell,4.86e-06,745.0,0.0036207
OAX/BTC,1603605332258,2020-10-25T05:55:32.258Z,buy,4.88e-06,2598.0,0.01267824
OAX/BTC,1603605332258,2020-10-25T05:55:32.258Z,buy,4.89e-06,5994.0,0.02931066
OAX/BTC,1603605332258,2020-10-25T05:55:32.258Z,buy,4.9e-06,780.0,0.003822
OAX/BTC,1603605338031,2020-10-25T05:55:38.031Z,buy,4.9e-06,2302.0,0.0112798
OAX/BTC,1603605340188,2020-10-25T05:55:40.188Z,buy,4.9e-06,743.0,0.0036406999999999
OAX/BTC,1603605349661,2020-10-25T05:55:49.661Z,sell,4.86e-06,745.0,0.0036207
OAX/BTC,1603605483870,2020-10-25T05:58:03.870Z,buy,4.9e-06,541.0,0.0026509
OAX/BTC,1603605483870,2020-10-25T05:58:03.870Z,buy,4.91e-06,11864.0,0.05825224
OAX/BTC,1603605483870,2020-10-25T05:58:03.870Z,buy,4.92e-06,6813.0,0.03351996
OAX/BTC,1603605483870,2020-10-25T05:58:03.870Z,buy,4.93e-06,5782.0,0.02850526
OAX/BTC,1603605492448,2020-10-25T05:58:12.448Z,sell,4.86e-06,745.0,0.0036207
OAX/BTC,1603605610860,2020-10-25T06:00:10.860Z,sell,4.87e-06,745.0,0.00362815
OAX/BTC,1603605729085,2020-10-25T06:02:09.085Z,sell,4.87e-06,745.0,0.00362815
OAX/BTC,1603605742963,2020-10-25T06:02:22.963Z,buy,4.92e-06,244.0,0.00120048
OAX/BTC,1603605849510,2020-10-25T06:04:09.510Z,sell,4.9e-06,745.0,0.0036504999999999
OAX/BTC,1603605971616,2020-10-25T06:06:11.616Z,sell,4.9e-06,745.0,0.0036504999999999
OAX/BTC,1603606007296,2020-10-25T06:06:47.296Z,sell,4.9e-06,10777.0,0.0528072999999999
OAX/BTC,1603606007296,2020-10-25T06:06:47.296Z,sell,4.89e-06,34240.0,0.1674336
OAX/BTC,1603606007296,2020-10-25T06:06:47.296Z,sell,4.87e-06,206.0,0.00100322
OAX/BTC,1603606007296,2020-10-25T06:06:47.296Z,sell,4.86e-06,4382.0,0.02129652
OAX/BTC,1603606007296,2020-10-25T06:06:47.296Z,sell,4.85e-06,5254.0,0.0254819
OAX/BTC,1603606007296,2020-10-25T06:06:47.296Z,sell,4.84e-06,3000.0,0.01452
OAX/BTC,1603606007296,2020-10-25T06:06:47.296Z,sell,4.83e-06,6000.0,0.02898
OAX/BTC,1603606007296,2020-10-25T06:06:47.296Z,sell,4.82e-06,950.0,0.004579
OAX/BTC,1603606023926,2020-10-25T06:07:03.926Z,sell,4.84e-06,1388.0,0.00671792
OAX/BTC,1603606023926,2020-10-25T06:07:03.926Z,sell,4.83e-06,4109.0,0.01984647
OAX/BTC,1603606023926,2020-10-25T06:07:03.926Z,sell,4.82e-06,10706.0,0.05160292
OAX/BTC,1603606025634,2020-10-25T06:07:05.634Z,sell,4.83e-06,31.0,0.00014973
OAX/BTC,1603606025634,2020-10-25T06:07:05.634Z,sell,4.82e-06,5370.0,0.0258833999999999
OAX/BTC,1603606087386,2020-10-25T06:08:07.386Z,sell,4.83e-06,745.0,0.00359835
OAX/BTC,1603606093973,2020-10-25T06:08:13.973Z,sell,4.83e-06,2193.0,0.01059219
OAX/BTC,1603606094048,2020-10-25T06:08:14.048Z,buy,4.83e-06,5074.0,0.02450742
OAX/BTC,1603606127015,2020-10-25T06:08:47.015Z,buy,4.87e-06,25.0,0.00012175
OAX/BTC,1603606212685,2020-10-25T06:10:12.685Z,sell,4.83e-06,745.0,0.00359835
OAX/BTC,1603606357082,2020-10-25T06:12:37.082Z,sell,4.83e-06,3538.0,0.01708854
OAX/BTC,1603606357690,2020-10-25T06:12:37.690Z,sell,4.82e-06,886.0,0.00427052
OAX/BTC,1603606360611,2020-10-25T06:12:40.611Z,sell,4.82e-06,745.0,0.0035908999999999
OAX/BTC,1603606369071,2020-10-25T06:12:49.071Z,buy,4.86e-06,21.0,0.00010206
OAX/BTC,1603606381211,2020-10-25T06:13:01.211Z,sell,4.86e-06,152.0,0.00073872
OAX/BTC,1603606415662,2020-10-25T06:13:35.662Z,sell,4.86e-06,257.0,0.00124902
OAX/BTC,1603606418259,2020-10-25T06:13:38.259Z,sell,4.86e-06,37.0,0.00017982
OAX/BTC,1603606432906,2020-10-25T06:13:52.906Z,buy,4.86e-06,419.0,0.00203634
OAX/BTC,1603606461506,2020-10-25T06:14:21.506Z,sell,4.83e-06,21.0,0.00010143
OAX/BTC,1603606461546,2020-10-25T06:14:21.546Z,buy,4.83e-06,281.0,0.00135723
OAX/BTC,1603606461546,2020-10-25T06:14:21.546Z,buy,4.83e-06,281.0,0.00135723
OAX/BTC,1603606520565,2020-10-25T06:15:20.565Z,sell,4.82e-06,745.0,0.0035908999999999
OAX/BTC,1603606567040,2020-10-25T06:16:07.040Z,sell,4.83e-06,21.0,0.00010143
OAX/BTC,1603606571807,2020-10-25T06:16:11.807Z,buy,4.85e-06,1169.0,0.00566965
OAX/BTC,1603606679846,2020-10-25T06:17:59.846Z,sell,4.83e-06,745.0,0.00359835
OAX/BTC,1603606824531,2020-10-25T06:20:24.531Z,sell,4.83e-06,745.0,0.00359835
OAX/BTC,1603606940474,2020-10-25T06:22:20.474Z,sell,4.83e-06,949.0,0.00458367
OAX/BTC,1603606979455,2020-10-25T06:22:59.455Z,sell,4.84e-06,138.0,0.00066792
OAX/BTC,1603606979455,2020-10-25T06:22:59.455Z,sell,4.83e-06,607.0,0.00293181
OAX/BTC,1603607077930,2020-10-25T06:24:37.930Z,buy,4.86e-06,1445.0,0.0070227
OAX/BTC,1603607077984,2020-10-25T06:24:37.984Z,buy,4.87e-06,359.0,0.00174833
OAX/BTC,1603607109275,2020-10-25T06:25:09.275Z,buy,4.88e-06,3970.0,0.0193735999999999
OAX/BTC,1603607113988,2020-10-25T06:25:13.988Z,sell,4.83e-06,745.0,0.00359835
OAX/BTC,1603607265021,2020-10-25T06:27:45.021Z,sell,4.84e-06,745.0,0.0036058
OAX/BTC,1603607305014,2020-10-25T06:28:25.014Z,buy,4.88e-06,250.0,0.00122
OAX/BTC,1603607313730,2020-10-25T06:28:33.730Z,buy,4.88e-06,851.0,0.00415288
OAX/BTC,1603607405653,2020-10-25T06:30:05.653Z,sell,4.88e-06,745.0,0.0036355999999999
OAX/BTC,1603607405665,2020-10-25T06:30:05.665Z,sell,4.88e-06,1000.0,0.00488
OAX/BTC,1603607405766,2020-10-25T06:30:05.766Z,sell,4.88e-06,500.0,0.00244
OAX/BTC,1603607406186,2020-10-25T06:30:06.186Z,sell,4.88e-06,249.0,0.0012151199999999
OAX/BTC,1603607432914,2020-10-25T06:30:32.914Z,buy,4.89e-06,15481.0,0.07570209
OAX/BTC,1603607469708,2020-10-25T06:31:09.708Z,buy,4.9e-06,21.0,0.0001029
OAX/BTC,1603607534527,2020-10-25T06:32:14.527Z,sell,4.88e-06,745.0,0.0036355999999999
OAX/BTC,1603607539988,2020-10-25T06:32:19.988Z,buy,4.9e-06,726.0,0.0035573999999999
OAX/BTC,1603607539988,2020-10-25T06:32:19.988Z,buy,4.91e-06,1893.0,0.00929463
OAX/BTC,1603607545428,2020-10-25T06:32:25.428Z,sell,4.91e-06,24011.0,0.11789401
OAX/BTC,1603607649011,2020-10-25T06:34:09.011Z,sell,4.9e-06,125.0,0.0006125
OAX/BTC,1603607656479,2020-10-25T06:34:16.479Z,sell,4.88e-06,527.0,0.0025717599999999
OAX/BTC,1603607656479,2020-10-25T06:34:16.479Z,sell,4.85e-06,218.0,0.0010573
OAX/BTC,1603607664714,2020-10-25T06:34:24.714Z,buy,4.87e-06,218.0,0.00106166
OAX/BTC,1603607803516,2020-10-25T06:36:43.516Z,sell,4.85e-06,745.0,0.00361325
OAX/BTC,1603607873293,2020-10-25T06:37:53.293Z,buy,4.9e-06,3712.0,0.0181887999999999
OAX/BTC,1603607896633,2020-10-25T06:38:16.633Z,buy,4.91e-06,455.0,0.00223405
OAX/BTC,1603607936466,2020-10-25T06:38:56.466Z,sell,4.88e-06,175.0,0.0008539999999999
OAX/BTC,1603607936466,2020-10-25T06:38:56.466Z,sell,4.86e-06,570.0,0.0027702
OAX/BTC,1603608064624,2020-10-25T06:41:04.624Z,sell,4.87e-06,5994.0,0.02919078
OAX/BTC,1603608078317,2020-10-25T06:41:18.317Z,sell,4.87e-06,745.0,0.00362815
OAX/BTC,1603608220335,2020-10-25T06:43:40.335Z,sell,4.86e-06,531.0,0.00258066
OAX/BTC,1603608220335,2020-10-25T06:43:40.335Z,sell,4.85e-06,214.0,0.0010379
OAX/BTC,1603608256146,2020-10-25T06:44:16.146Z,buy,4.9e-06,682.0,0.0033418
OAX/BTC,1603608366709,2020-10-25T06:46:06.709Z,sell,4.85e-06,318.0,0.0015423
OAX/BTC,1603608366709,2020-10-25T06:46:06.709Z,sell,4.84e-06,427.0,0.00206668
OAX/BTC,1603608508532,2020-10-25T06:48:28.532Z,sell,4.85e-06,31.0,0.00015035
OAX/BTC,1603608508532,2020-10-25T06:48:28.532Z,sell,4.84e-06,714.0,0.00345576
OAX/BTC,1603608548276,2020-10-25T06:49:08.276Z,buy,4.89e-06,781.0,0.00381909
OAX/BTC,1603608663163,2020-10-25T06:51:03.163Z,sell,4.84e-06,745.0,0.0036058
OAX/BTC,1603608818117,2020-10-25T06:53:38.117Z,sell,4.84e-06,745.0,0.0036058
OAX/BTC,1603608963784,2020-10-25T06:56:03.784Z,sell,4.84e-06,745.0,0.0036058
OAX/BTC,1603609099835,2020-10-25T06:58:19.835Z,sell,4.84e-06,371.0,0.00179564
OAX/BTC,1603609099835,2020-10-25T06:58:19.835Z,sell,4.82e-06,374.0,0.0018026799999999
OAX/BTC,1603609161212,2020-10-25T06:59:21.212Z,buy,4.87e-06,324.0,0.00157788
OAX/BTC,1603609232600,2020-10-25T07:00:32.600Z,buy,4.88e-06,296.0,0.00144448
OAX/BTC,1603609232600,2020-10-25T07:00:32.600Z,buy,4.89e-06,2837.0,0.0138729299999999
OAX/BTC,1603609247899,2020-10-25T07:00:47.899Z,sell,4.85e-06,745.0,0.00361325
OAX/BTC,1603609345865,2020-10-25T07:02:25.865Z,sell,4.85e-06,745.0,0.00361325
OAX/BTC,1603609451046,2020-10-25T07:04:11.046Z,sell,4.87e-06,200.0,0.000974
OAX/BTC,1603609451046,2020-10-25T07:04:11.046Z,sell,4.86e-06,545.0,0.0026487
OAX/BTC,1603609482142,2020-10-25T07:04:42.142Z,buy,4.89e-06,8051.0,0.03936939
OAX/BTC,1603609544989,2020-10-25T07:05:44.989Z,sell,4.86e-06,745.0,0.0036207
OAX/BTC,1603609566035,2020-10-25T07:06:06.035Z,buy,4.89e-06,705.0,0.00344745
OAX/BTC,1603609567776,2020-10-25T07:06:07.776Z,buy,4.89e-06,1064.0,0.0052029599999999
OAX/BTC,1603609571399,2020-10-25T07:06:11.399Z,buy,4.89e-06,539.0,0.00263571
OAX/BTC,1603609660422,2020-10-25T07:07:40.422Z,sell,4.86e-06,745.0,0.0036207
OAX/BTC,1603609676869,2020-10-25T07:07:56.869Z,buy,4.89e-06,52629.0,0.2573558099999999
OAX/BTC,1603609676934,2020-10-25T07:07:56.934Z,buy,4.9e-06,2699.0,0.0132250999999999
OAX/BTC,1603609707340,2020-10-25T07:08:27.340Z,buy,4.93e-06,12465.0,0.06145245
OAX/BTC,1603609712652,2020-10-25T07:08:32.652Z,sell,4.89e-06,16859.0,0.08244051
OAX/BTC,1603609714576,2020-10-25T07:08:34.576Z,sell,4.88e-06,4315.0,0.0210571999999999
OAX/BTC,1603609786160,2020-10-25T07:09:46.160Z,sell,4.89e-06,745.0,0.0036430499999999
OAX/BTC,1603609832272,2020-10-25T07:10:32.272Z,buy,4.92e-06,4967.0,0.02443764
OAX/BTC,1603609920718,2020-10-25T07:12:00.718Z,buy,4.9e-06,67.0,0.0003282999999999
OAX/BTC,1603609924717,2020-10-25T07:12:04.717Z,sell,4.9e-06,745.0,0.0036504999999999
OAX/BTC,1603610005213,2020-10-25T07:13:25.213Z,buy,4.91e-06,93.0,0.0004566299999999
OAX/BTC,1603610005213,2020-10-25T07:13:25.213Z,buy,4.92e-06,2192.0,0.01078464
OAX/BTC,1603610051137,2020-10-25T07:14:11.137Z,buy,4.93e-06,1374.0,0.00677382
OAX/BTC,1603610051137,2020-10-25T07:14:11.137Z,buy,4.94e-06,2055.0,0.0101517
OAX/BTC,1603610051252,2020-10-25T07:14:11.252Z,sell,4.94e-06,1120.0,0.0055328
OAX/BTC,1603610054834,2020-10-25T07:14:14.834Z,buy,4.95e-06,102.0,0.0005049
OAX/BTC,1603610054840,2020-10-25T07:14:14.840Z,buy,4.95e-06,81.0,0.00040095
OAX/BTC,1603610054891,2020-10-25T07:14:14.891Z,buy,4.95e-06,21.0,0.00010395
OAX/BTC,1603610054930,2020-10-25T07:14:14.930Z,buy,4.95e-06,61.0,0.00030195
OAX/BTC,1603610055785,2020-10-25T07:14:15.785Z,buy,4.95e-06,41.0,0.00020295
OAX/BTC,1603610056298,2020-10-25T07:14:16.298Z,buy,4.95e-06,122.0,0.0006039
OAX/BTC,1603610056298,2020-10-25T07:14:16.298Z,buy,4.95e-06,122.0,0.0006039
OAX/BTC,1603610066917,2020-10-25T07:14:26.917Z,sell,4.92e-06,745.0,0.0036654
OAX/BTC,1603610071711,2020-10-25T07:14:31.711Z,buy,4.95e-06,3416.0,0.0169092
OAX/BTC,1603610071725,2020-10-25T07:14:31.725Z,sell,4.95e-06,7165.0,0.03546675
OAX/BTC,1603610071760,2020-10-25T07:14:31.760Z,sell,4.95e-06,2360.0,0.011682
OAX/BTC,1603610077815,2020-10-25T07:14:37.815Z,sell,4.92e-06,11450.0,0.056334
OAX/BTC,1603610092308,2020-10-25T07:14:52.308Z,sell,4.92e-06,205.0,0.0010086
OAX/BTC,1603610202868,2020-10-25T07:16:42.868Z,sell,4.91e-06,745.0,0.0036579499999999
OAX/BTC,1603610202868,2020-10-25T07:16:42.868Z,sell,4.91e-06,69.0,0.0003387899999999
OAX/BTC,1603610202868,2020-10-25T07:16:42.868Z,sell,4.91e-06,44.0,0.0002160399999999
OAX/BTC,1603610369383,2020-10-25T07:19:29.383Z,sell,4.91e-06,745.0,0.0036579499999999
OAX/BTC,1603610419973,2020-10-25T07:20:19.973Z,buy,4.95e-06,858.0,0.0042471
OAX/BTC,1603610419973,2020-10-25T07:20:19.973Z,buy,4.96e-06,1629.0,0.00807984
OAX/BTC,1603610419973,2020-10-25T07:20:19.973Z,buy,4.97e-06,38945.0,0.19355665
OAX/BTC,1603610420058,2020-10-25T07:20:20.058Z,buy,4.98e-06,443.0,0.00220614
OAX/BTC,1603610424163,2020-10-25T07:20:24.163Z,sell,4.97e-06,659.0,0.00327523
OAX/BTC,1603610440246,2020-10-25T07:20:40.246Z,sell,4.97e-06,205.0,0.00101885
OAX/BTC,1603610441424,2020-10-25T07:20:41.424Z,sell,4.97e-06,205.0,0.00101885
OAX/BTC,1603610468131,2020-10-25T07:21:08.131Z,sell,4.97e-06,41.0,0.0002037699999999
OAX/BTC,1603610503722,2020-10-25T07:21:43.722Z,buy,4.99e-06,39345.0,0.19633155
OAX/BTC,1603610504505,2020-10-25T07:21:44.505Z,sell,4.99e-06,1721.0,0.00858779
OAX/BTC,1603610506090,2020-10-25T07:21:46.090Z,sell,4.96e-06,51.0,0.00025296
OAX/BTC,1603610531092,2020-10-25T07:22:11.092Z,sell,4.95e-06,745.0,0.00368775
OAX/BTC,1603610585530,2020-10-25T07:23:05.530Z,buy,4.98e-06,51.0,0.00025398
OAX/BTC,1603610585530,2020-10-25T07:23:05.530Z,buy,5e-06,19713.0,0.098565
OAX/BTC,1603610589258,2020-10-25T07:23:09.258Z,sell,5e-06,745.0,0.003725
OAX/BTC,1603610589304,2020-10-25T07:23:09.304Z,buy,5.01e-06,21.0,0.00010521
OAX/BTC,1603610589325,2020-10-25T07:23:09.325Z,buy,5.01e-06,400.0,0.002004
OAX/BTC,1603610589360,2020-10-25T07:23:09.360Z,buy,5.01e-06,21.0,0.00010521
OAX/BTC,1603610589452,2020-10-25T07:23:09.452Z,buy,5.01e-06,21.0,0.00010521
OAX/BTC,1603610589524,2020-10-25T07:23:09.524Z,buy,5.01e-06,80.0,0.0004008
OAX/BTC,1603610589757,2020-10-25T07:23:09.757Z,buy,5.01e-06,60.0,0.0003006
OAX/BTC,1603610589927,2020-10-25T07:23:09.927Z,buy,5.01e-06,40.0,0.0002004
OAX/BTC,1603610589935,2020-10-25T07:23:09.935Z,buy,5.01e-06,60.0,0.0003006
OAX/BTC,1603610591956,2020-10-25T07:23:11.956Z,sell,4.98e-06,375.0,0.0018674999999999
OAX/BTC,1603610599561,2020-10-25T07:23:19.561Z,buy,5.01e-06,2216.0,0.01110216
OAX/BTC,1603610617499,2020-10-25T07:23:37.499Z,buy,5e-06,22329.0,0.111645
OAX/BTC,1603610620979,2020-10-25T07:23:40.979Z,sell,4.98e-06,402.0,0.00200196
OAX/BTC,1603610639515,2020-10-25T07:23:59.515Z,sell,4.99e-06,1200.0,0.0059879999999999
OAX/BTC,1603610641392,2020-10-25T07:24:01.392Z,buy,5e-06,200.0,0.001
OAX/BTC,1603610644346,2020-10-25T07:24:04.346Z,sell,4.98e-06,109.0,0.00054282
OAX/BTC,1603610644346,2020-10-25T07:24:04.346Z,sell,4.96e-06,450.0,0.002232
OAX/BTC,1603610674179,2020-10-25T07:24:34.179Z,sell,4.95e-06,4117.0,0.02037915
OAX/BTC,1603610680051,2020-10-25T07:24:40.051Z,sell,4.94e-06,109.0,0.00053846
OAX/BTC,1603610680362,2020-10-25T07:24:40.362Z,buy,4.95e-06,87.0,0.00043065
OAX/BTC,1603610683097,2020-10-25T07:24:43.097Z,sell,4.97e-06,745.0,0.00370265
OAX/BTC,1603610693580,2020-10-25T07:24:53.580Z,buy,4.99e-06,3509.0,0.01750991
OAX/BTC,1603610711628,2020-10-25T07:25:11.628Z,buy,4.99e-06,1234.0,0.00615766
OAX/BTC,1603610712375,2020-10-25T07:25:12.375Z,sell,4.99e-06,28329.0,0.14136171
OAX/BTC,1603610712382,2020-10-25T07:25:12.382Z,sell,4.99e-06,3465.0,0.01729035
OAX/BTC,1603610712395,2020-10-25T07:25:12.395Z,sell,4.99e-06,2936.0,0.01465064
OAX/BTC,1603610721436,2020-10-25T07:25:21.436Z,buy,5e-06,10876.0,0.05438
OAX/BTC,1603610826263,2020-10-25T07:27:06.263Z,sell,4.99e-06,745.0,0.0037175499999999
OAX/BTC,1603610826263,2020-10-25T07:27:06.263Z,sell,4.99e-06,219.0,0.0010928099999999
OAX/BTC,1603610826263,2020-10-25T07:27:06.263Z,sell,4.99e-06,53.0,0.00026447
OAX/BTC,1603610946318,2020-10-25T07:29:06.318Z,buy,5.01e-06,200.0,0.001002
OAX/BTC,1603610950191,2020-10-25T07:29:10.191Z,buy,5.01e-06,99.0,0.00049599
OAX/BTC,1603610977273,2020-10-25T07:29:37.273Z,sell,4.99e-06,745.0,0.0037175499999999
OAX/BTC,1603610998476,2020-10-25T07:29:58.476Z,sell,4.99e-06,4585.0,0.0228791499999999
OAX/BTC,1603611112373,2020-10-25T07:31:52.373Z,sell,4.97e-06,745.0,0.00370265
OAX/BTC,1603611112373,2020-10-25T07:31:52.373Z,sell,4.97e-06,177.0,0.0008796899999999
OAX/BTC,1603611113246,2020-10-25T07:31:53.246Z,sell,4.97e-06,11998.0,0.05963006
OAX/BTC,1603611219625,2020-10-25T07:33:39.625Z,sell,4.97e-06,745.0,0.00370265
OAX/BTC,1603611235566,2020-10-25T07:33:55.566Z,buy,4.98e-06,99.0,0.0004930199999999
OAX/BTC,1603611340359,2020-10-25T07:35:40.359Z,buy,4.99e-06,386.0,0.0019261399999999
OAX/BTC,1603611342303,2020-10-25T07:35:42.303Z,sell,4.98e-06,745.0,0.0037101
OAX/BTC,1603611384149,2020-10-25T07:36:24.149Z,sell,4.98e-06,346.0,0.0017230799999999
OAX/BTC,1603611433404,2020-10-25T07:37:13.404Z,buy,4.99e-06,1009.0,0.00503491
OAX/BTC,1603611436533,2020-10-25T07:37:16.533Z,buy,4.99e-06,270.0,0.0013472999999999
OAX/BTC,1603611457774,2020-10-25T07:37:37.774Z,sell,4.98e-06,745.0,0.0037101
OAX/BTC,1603611543540,2020-10-25T07:39:03.540Z,sell,4.98e-06,1464.0,0.00729072
OAX/BTC,1603611579279,2020-10-25T07:39:39.279Z,buy,4.98e-06,81.0,0.00040338
OAX/BTC,1603611579330,2020-10-25T07:39:39.330Z,buy,4.98e-06,101.0,0.00050298
OAX/BTC,1603611579428,2020-10-25T07:39:39.428Z,buy,4.98e-06,21.0,0.0001045799999999
OAX/BTC,1603611579871,2020-10-25T07:39:39.871Z,buy,4.98e-06,61.0,0.0003037799999999
OAX/BTC,1603611579998,2020-10-25T07:39:39.998Z,buy,4.98e-06,121.0,0.00060258
OAX/BTC,1603611586582,2020-10-25T07:39:46.582Z,sell,4.97e-06,745.0,0.00370265
OAX/BTC,1603611610360,2020-10-25T07:40:10.360Z,buy,4.98e-06,41.0,0.00020418
OAX/BTC,1603611677678,2020-10-25T07:41:17.678Z,buy,4.98e-06,1000.0,0.00498
OAX/BTC,1603611716216,2020-10-25T07:41:56.216Z,sell,4.97e-06,745.0,0.00370265
OAX/BTC,1603611742108,2020-10-25T07:42:22.108Z,buy,4.98e-06,11300.0,0.056274
OAX/BTC,1603611808281,2020-10-25T07:43:28.281Z,buy,4.98e-06,200.0,0.000996
OAX/BTC,1603611815419,2020-10-25T07:43:35.419Z,sell,4.97e-06,6314.0,0.03138058
OAX/BTC,1603611818940,2020-10-25T07:43:38.940Z,sell,4.97e-06,1000.0,0.00497
OAX/BTC,1603611863060,2020-10-25T07:44:23.060Z,sell,4.97e-06,745.0,0.00370265
OAX/BTC,1603611957683,2020-10-25T07:45:57.683Z,buy,4.98e-06,1551.0,0.0077239799999999
OAX/BTC,1603612005962,2020-10-25T07:46:45.962Z,sell,4.97e-06,745.0,0.00370265
OAX/BTC,1603612149896,2020-10-25T07:49:09.896Z,sell,4.97e-06,381.0,0.00189357
OAX/BTC,1603612149896,2020-10-25T07:49:09.896Z,sell,4.96e-06,1130.0,0.0056048
OAX/BTC,1603612151104,2020-10-25T07:49:11.104Z,sell,4.96e-06,745.0,0.0036952
OAX/BTC,1603612302134,2020-10-25T07:51:42.134Z,sell,4.96e-06,745.0,0.0036952
OAX/BTC,1603612305980,2020-10-25T07:51:45.980Z,sell,4.96e-06,975.0,0.004836
OAX/BTC,1603612463373,2020-10-25T07:54:23.373Z,sell,4.96e-06,745.0,0.0036952
OAX/BTC,1603612599818,2020-10-25T07:56:39.818Z,sell,4.96e-06,745.0,0.0036952
OAX/BTC,1603612740682,2020-10-25T07:59:00.682Z,sell,4.97e-06,745.0,0.00370265
OAX/BTC,1603612805101,2020-10-25T08:00:05.101Z,buy,4.98e-06,2838.0,0.01413324
OAX/BTC,1603612805418,2020-10-25T08:00:05.418Z,sell,4.97e-06,40.0,0.0001988
OAX/BTC,1603612805427,2020-10-25T08:00:05.427Z,buy,4.98e-06,2100.0,0.010458
OAX/BTC,1603612805985,2020-10-25T08:00:05.985Z,sell,4.97e-06,1132.0,0.00562604
OAX/BTC,1603612900829,2020-10-25T08:01:40.829Z,sell,4.96e-06,745.0,0.0036952
OAX/BTC,1603612906605,2020-10-25T08:01:46.605Z,sell,4.96e-06,13346.0,0.06619616
OAX/BTC,1603612916361,2020-10-25T08:01:56.361Z,sell,4.94e-06,774.0,0.00382356
OAX/BTC,1603612916361,2020-10-25T08:01:56.361Z,sell,4.93e-06,1104.0,0.00544272
OAX/BTC,1603612916361,2020-10-25T08:01:56.361Z,sell,4.92e-06,4191.0,0.02061972
OAX/BTC,1603612916361,2020-10-25T08:01:56.361Z,sell,4.91e-06,2183.0,0.0107185299999999
OAX/BTC,1603612916378,2020-10-25T08:01:56.378Z,buy,4.91e-06,6748.0,0.03313268
OAX/BTC,1603612918106,2020-10-25T08:01:58.106Z,sell,4.91e-06,15000.0,0.07365
OAX/BTC,1603612918183,2020-10-25T08:01:58.183Z,buy,4.93e-06,567.0,0.00279531
OAX/BTC,1603612920293,2020-10-25T08:02:00.293Z,sell,4.92e-06,448.0,0.00220416
OAX/BTC,1603612920293,2020-10-25T08:02:00.293Z,sell,4.91e-06,6114.0,0.0300197399999999
OAX/BTC,1603612920591,2020-10-25T08:02:00.591Z,buy,4.91e-06,41.0,0.0002013099999999
OAX/BTC,1603612920677,2020-10-25T08:02:00.677Z,buy,4.91e-06,7238.0,0.03553858
OAX/BTC,1603612920781,2020-10-25T08:02:00.781Z,buy,4.91e-06,1159.0,0.0056906899999999
OAX/BTC,1603612922494,2020-10-25T08:02:02.494Z,sell,4.91e-06,8813.0,0.04327183
OAX/BTC,1603612931088,2020-10-25T08:02:11.088Z,buy,4.9e-06,448.0,0.0021952
OAX/BTC,1603612976635,2020-10-25T08:02:56.635Z,sell,4.89e-06,18584.0,0.09087576
OAX/BTC,1603612976635,2020-10-25T08:02:56.635Z,sell,4.88e-06,5917.0,0.0288749599999999
OAX/BTC,1603612976635,2020-10-25T08:02:56.635Z,sell,4.87e-06,3517.0,0.01712779
OAX/BTC,1603612976713,2020-10-25T08:02:56.713Z,buy,4.87e-06,4823.0,0.02348801
OAX/BTC,1603612981416,2020-10-25T08:03:01.416Z,sell,4.87e-06,38.0,0.00018506
OAX/BTC,1603612985016,2020-10-25T08:03:05.016Z,buy,4.9e-06,111.0,0.0005438999999999
OAX/BTC,1603612987505,2020-10-25T08:03:07.505Z,buy,4.92e-06,403.0,0.00198276
OAX/BTC,1603612992278,2020-10-25T08:03:12.278Z,sell,4.9e-06,204.0,0.0009996
OAX/BTC,1603613003571,2020-10-25T08:03:23.571Z,buy,4.92e-06,21.0,0.00010332
OAX/BTC,1603613022226,2020-10-25T08:03:42.226Z,sell,4.9e-06,1997.0,0.0097852999999999
OAX/BTC,1603613034882,2020-10-25T08:03:54.882Z,buy,4.92e-06,3034.0,0.01492728
OAX/BTC,1603613038943,2020-10-25T08:03:58.943Z,sell,4.91e-06,165.0,0.0008101499999999
OAX/BTC,1603613038943,2020-10-25T08:03:58.943Z,sell,4.9e-06,580.0,0.002842
OAX/BTC,1603613052189,2020-10-25T08:04:12.189Z,sell,4.91e-06,26.0,0.0001276599999999
OAX/BTC,1603613071206,2020-10-25T08:04:31.206Z,buy,4.92e-06,25.0,0.000123
OAX/BTC,1603613102068,2020-10-25T08:05:02.068Z,sell,4.91e-06,11861.0,0.0582375099999999
OAX/BTC,1603613135789,2020-10-25T08:05:35.789Z,sell,4.91e-06,745.0,0.0036579499999999
OAX/BTC,1603613138021,2020-10-25T08:05:38.021Z,sell,4.91e-06,1061.0,0.00520951
OAX/BTC,1603613138021,2020-10-25T08:05:38.021Z,sell,4.9e-06,1504.0,0.0073696
OAX/BTC,1603613189881,2020-10-25T08:06:29.881Z,buy,4.92e-06,25.0,0.000123
OAX/BTC,1603613201310,2020-10-25T08:06:41.310Z,sell,4.92e-06,31.0,0.00015252
OAX/BTC,1603613216733,2020-10-25T08:06:56.733Z,sell,4.92e-06,3879.0,0.01908468
OAX/BTC,1603613216745,2020-10-25T08:06:56.745Z,buy,4.91e-06,416.0,0.0020425599999999
OAX/BTC,1603613239092,2020-10-25T08:07:19.092Z,sell,4.91e-06,30.0,0.0001472999999999
OAX/BTC,1603613239092,2020-10-25T08:07:19.092Z,sell,4.9e-06,715.0,0.0035034999999999
OAX/BTC,1603613360697,2020-10-25T08:09:20.697Z,sell,4.9e-06,745.0,0.0036504999999999
OAX/BTC,1603613368133,2020-10-25T08:09:28.133Z,buy,4.91e-06,222.0,0.00109002
OAX/BTC,1603613405955,2020-10-25T08:10:05.955Z,buy,4.91e-06,31.0,0.0001522099999999
OAX/BTC,1603613441317,2020-10-25T08:10:41.317Z,buy,4.92e-06,48.0,0.00023616
OAX/BTC,1603613478795,2020-10-25T08:11:18.795Z,buy,4.93e-06,31.0,0.00015283
OAX/BTC,1603613486025,2020-10-25T08:11:26.025Z,buy,4.93e-06,31.0,0.00015283
OAX/BTC,1603613488059,2020-10-25T08:11:28.059Z,sell,4.92e-06,572.0,0.00281424
OAX/BTC,1603613488059,2020-10-25T08:11:28.059Z,sell,4.9e-06,173.0,0.0008477
OAX/BTC,1603613631620,2020-10-25T08:13:51.620Z,sell,4.91e-06,745.0,0.0036579499999999
OAX/BTC,1603613631620,2020-10-25T08:13:51.620Z,sell,4.91e-06,745.0,0.0036579499999999
OAX/BTC,1603613702835,2020-10-25T08:15:02.835Z,buy,4.92e-06,31.0,0.00015252
OAX/BTC,1603613712060,2020-10-25T08:15:12.060Z,buy,4.93e-06,603.0,0.00297279
OAX/BTC,1603613722036,2020-10-25T08:15:22.036Z,buy,4.94e-06,5587.0,0.02759978
OAX/BTC,1603613783039,2020-10-25T08:16:23.039Z,sell,4.91e-06,582.0,0.00285762
OAX/BTC,1603613783039,2020-10-25T08:16:23.039Z,sell,4.9e-06,163.0,0.0007987
OAX/BTC,1603613942608,2020-10-25T08:19:02.608Z,sell,4.91e-06,31.0,0.0001522099999999
OAX/BTC,1603613942608,2020-10-25T08:19:02.608Z,sell,4.9e-06,714.0,0.0034985999999999
OAX/BTC,1603614000358,2020-10-25T08:20:00.358Z,sell,4.91e-06,50.0,0.0002455
OAX/BTC,1603614104690,2020-10-25T08:21:44.690Z,sell,4.92e-06,31.0,0.00015252
OAX/BTC,1603614104690,2020-10-25T08:21:44.690Z,sell,4.91e-06,714.0,0.00350574
OAX/BTC,1603614256708,2020-10-25T08:24:16.708Z,sell,4.91e-06,745.0,0.0036579499999999
OAX/BTC,1603614400230,2020-10-25T08:26:40.230Z,sell,4.91e-06,745.0,0.0036579499999999
OAX/BTC,1603614548750,2020-10-25T08:29:08.750Z,sell,4.91e-06,745.0,0.0036579499999999
OAX/BTC,1603614690289,2020-10-25T08:31:30.289Z,sell,4.91e-06,745.0,0.0036579499999999
OAX/BTC,1603614819288,2020-10-25T08:33:39.288Z,sell,4.91e-06,1347.0,0.00661377
OAX/BTC,1603614830217,2020-10-25T08:33:50.217Z,sell,4.91e-06,745.0,0.0036579499999999
OAX/BTC,1603614874139,2020-10-25T08:34:34.139Z,sell,4.91e-06,2124.0,0.0104288399999999
OAX/BTC,1603614902770,2020-10-25T08:35:02.770Z,sell,4.91e-06,379.0,0.0018608899999999
OAX/BTC,1603614967082,2020-10-25T08:36:07.082Z,sell,4.91e-06,745.0,0.0036579499999999
OAX/BTC,1603615062135,2020-10-25T08:37:42.135Z,buy,4.92e-06,184.0,0.00090528
OAX/BTC,1603615074406,2020-10-25T08:37:54.406Z,sell,4.92e-06,745.0,0.0036654
OAX/BTC,1603615211068,2020-10-25T08:40:11.068Z,sell,4.92e-06,745.0,0.0036654
OAX/BTC,1603615352956,2020-10-25T08:42:32.956Z,sell,4.93e-06,50.0,0.0002465
OAX/BTC,1603615352956,2020-10-25T08:42:32.956Z,sell,4.92e-06,695.0,0.0034194
OAX/BTC,1603615456880,2020-10-25T08:44:16.880Z,sell,4.92e-06,9811.0,0.04827012
OAX/BTC,1603615490732,2020-10-25T08:44:50.732Z,sell,4.91e-06,745.0,0.0036579499999999
OAX/BTC,1603615647026,2020-10-25T08:47:27.026Z,sell,4.91e-06,41.0,0.0002013099999999
OAX/BTC,1603615647026,2020-10-25T08:47:27.026Z,sell,4.9e-06,704.0,0.0034495999999999
OAX/BTC,1603615809123,2020-10-25T08:50:09.123Z,sell,4.9e-06,745.0,0.0036504999999999
OAX/BTC,1603615916066,2020-10-25T08:51:56.066Z,sell,4.9e-06,51291.0,0.2513259
OAX/BTC,1603615964487,2020-10-25T08:52:44.487Z,sell,4.86e-06,745.0,0.0036207
OAX/BTC,1603616055185,2020-10-25T08:54:15.185Z,buy,4.9e-06,300.0,0.00147
OAX/BTC,1603616112311,2020-10-25T08:55:12.311Z,sell,4.87e-06,745.0,0.00362815
OAX/BTC,1603616172242,2020-10-25T08:56:12.242Z,sell,4.87e-06,137.0,0.00066719
OAX/BTC,1603616263731,2020-10-25T08:57:43.731Z,sell,4.87e-06,745.0,0.00362815
OAX/BTC,1603616412846,2020-10-25T09:00:12.846Z,sell,4.87e-06,738.0,0.00359406
OAX/BTC,1603616440741,2020-10-25T09:00:40.741Z,sell,4.87e-06,2747.0,0.01337789
OAX/BTC,1603616444990,2020-10-25T09:00:44.990Z,sell,4.87e-06,2747.0,0.01337789
OAX/BTC,1603616546085,2020-10-25T09:02:26.085Z,sell,4.87e-06,745.0,0.00362815
OAX/BTC,1603616609736,2020-10-25T09:03:29.736Z,buy,4.89e-06,3398.0,0.0166162199999999
OAX/BTC,1603616616668,2020-10-25T09:03:36.668Z,sell,4.89e-06,2547.0,0.01245483
OAX/BTC,1603616675287,2020-10-25T09:04:35.287Z,sell,4.87e-06,482.0,0.00234734
OAX/BTC,1603616675287,2020-10-25T09:04:35.287Z,sell,4.86e-06,263.0,0.00127818
OAX/BTC,1603616699414,2020-10-25T09:04:59.414Z,sell,4.89e-06,985.0,0.00481665
OAX/BTC,1603616699515,2020-10-25T09:04:59.515Z,sell,4.89e-06,492.0,0.00240588
OAX/BTC,1603616699610,2020-10-25T09:04:59.610Z,sell,4.89e-06,246.0,0.00120294
OAX/BTC,1603616722052,2020-10-25T09:05:22.052Z,sell,4.89e-06,552.0,0.00269928
OAX/BTC,1603616722061,2020-10-25T09:05:22.061Z,sell,4.89e-06,220.0,0.0010758
OAX/BTC,1603616797076,2020-10-25T09:06:37.076Z,sell,4.89e-06,745.0,0.0036430499999999
OAX/BTC,1603616908056,2020-10-25T09:08:28.056Z,sell,4.89e-06,620.0,0.0030318
OAX/BTC,1603616908056,2020-10-25T09:08:28.056Z,sell,4.87e-06,125.0,0.00060875
OAX/BTC,1603617050672,2020-10-25T09:10:50.672Z,sell,4.87e-06,745.0,0.00362815
OAX/BTC,1603617198472,2020-10-25T09:13:18.472Z,sell,4.87e-06,745.0,0.00362815
OAX/BTC,1603617198472,2020-10-25T09:13:18.472Z,sell,4.87e-06,745.0,0.00362815
OAX/BTC,1603617349726,2020-10-25T09:15:49.726Z,sell,4.87e-06,745.0,0.00362815
OAX/BTC,1603617515061,2020-10-25T09:18:35.061Z,sell,4.86e-06,745.0,0.0036207
OAX/BTC,1603617661690,2020-10-25T09:21:01.690Z,sell,4.86e-06,745.0,0.0036207
OAX/BTC,1603617727831,2020-10-25T09:22:07.831Z,sell,4.86e-06,228.0,0.00110808
OAX/BTC,1603617825987,2020-10-25T09:23:45.987Z,sell,4.86e-06,745.0,0.0036207
OAX/BTC,1603617958344,2020-10-25T09:25:58.344Z,buy,4.89e-06,1150.0,0.0056235
OAX/BTC,1603617972240,2020-10-25T09:26:12.240Z,sell,4.89e-06,745.0,0.0036430499999999
OAX/BTC,1603617972248,2020-10-25T09:26:12.248Z,sell,4.89e-06,1048.0,0.00512472
OAX/BTC,1603617972537,2020-10-25T09:26:12.537Z,sell,4.89e-06,523.0,0.00255747
OAX/BTC,1603617972547,2020-10-25T09:26:12.547Z,sell,4.89e-06,5600.0,0.027384
OAX/BTC,1603618121786,2020-10-25T09:28:41.786Z,sell,4.87e-06,745.0,0.00362815
OAX/BTC,1603618272680,2020-10-25T09:31:12.680Z,sell,4.87e-06,745.0,0.00362815
OAX/BTC,1603618371823,2020-10-25T09:32:51.823Z,sell,4.87e-06,1075.0,0.00523525
OAX/BTC,1603618389743,2020-10-25T09:33:09.743Z,sell,4.86e-06,745.0,0.0036207
OAX/BTC,1603618392894,2020-10-25T09:33:12.894Z,sell,4.85e-06,156.0,0.0007566
OAX/BTC,1603618400595,2020-10-25T09:33:20.595Z,buy,4.87e-06,25.0,0.00012175
OAX/BTC,1603618460699,2020-10-25T09:34:20.699Z,buy,4.87e-06,2629.0,0.01280323
OAX/BTC,1603618501260,2020-10-25T09:35:01.260Z,sell,4.85e-06,745.0,0.00361325
OAX/BTC,1603618517667,2020-10-25T09:35:17.667Z,sell,4.85e-06,73.0,0.00035405
OAX/BTC,1603618637987,2020-10-25T09:37:17.987Z,sell,4.85e-06,745.0,0.00361325
OAX/BTC,1603618680954,2020-10-25T09:38:00.954Z,sell,4.85e-06,12941.0,0.06276385
OAX/BTC,1603618681028,2020-10-25T09:38:01.028Z,sell,4.85e-06,1827.0,0.00886095
OAX/BTC,1603618722394,2020-10-25T09:38:42.394Z,sell,4.84e-06,3357.0,0.01624788
OAX/BTC,1603618722394,2020-10-25T09:38:42.394Z,sell,4.83e-06,448.0,0.00216384
OAX/BTC,1603618757949,2020-10-25T09:39:17.949Z,sell,4.83e-06,745.0,0.00359835
OAX/BTC,1603618832121,2020-10-25T09:40:32.121Z,sell,4.83e-06,2487.0,0.01201221
OAX/BTC,1603618878691,2020-10-25T09:41:18.691Z,sell,4.82e-06,745.0,0.0035908999999999
OAX/BTC,1603618896154,2020-10-25T09:41:36.154Z,sell,4.82e-06,401.0,0.0019328199999999
OAX/BTC,1603618896254,2020-10-25T09:41:36.254Z,buy,4.82e-06,1455.0,0.0070130999999999
OAX/BTC,1603618896355,2020-10-25T09:41:36.355Z,buy,4.83e-06,250.0,0.0012075
OAX/BTC,1603618900422,2020-10-25T09:41:40.422Z,buy,4.87e-06,204.0,0.00099348
OAX/BTC,1603618900422,2020-10-25T09:41:40.422Z,buy,4.87e-06,24.0,0.00011688
OAX/BTC,1603619011086,2020-10-25T09:43:31.086Z,sell,4.85e-06,745.0,0.00361325
OAX/BTC,1603619030352,2020-10-25T09:43:50.352Z,buy,4.87e-06,590.0,0.0028733
OAX/BTC,1603619069347,2020-10-25T09:44:29.347Z,sell,4.85e-06,205.0,0.00099425
OAX/BTC,1603619162762,2020-10-25T09:46:02.762Z,sell,4.85e-06,745.0,0.00361325
OAX/BTC,1603619301756,2020-10-25T09:48:21.756Z,sell,4.85e-06,8365.0,0.04057025
OAX/BTC,1603619317623,2020-10-25T09:48:37.623Z,sell,4.85e-06,745.0,0.00361325
OAX/BTC,1603619404954,2020-10-25T09:50:04.954Z,sell,4.85e-06,3281.0,0.01591285
OAX/BTC,1603619467355,2020-10-25T09:51:07.355Z,sell,4.85e-06,745.0,0.00361325
OAX/BTC,1603619539448,2020-10-25T09:52:19.448Z,sell,4.85e-06,9889.0,0.04796165
OAX/BTC,1603619573477,2020-10-25T09:52:53.477Z,sell,4.85e-06,13556.0,0.0657466
OAX/BTC,1603619599397,2020-10-25T09:53:19.397Z,sell,4.85e-06,745.0,0.00361325
OAX/BTC,1603619621428,2020-10-25T09:53:41.428Z,sell,4.85e-06,34.0,0.0001649
OAX/BTC,1603619758333,2020-10-25T09:55:58.333Z,sell,4.85e-06,745.0,0.00361325
OAX/BTC,1603619864989,2020-10-25T09:57:44.989Z,sell,4.85e-06,589.0,0.00285665
OAX/BTC,1603619900188,2020-10-25T09:58:20.188Z,sell,4.85e-06,745.0,0.00361325
OAX/BTC,1603620044689,2020-10-25T10:00:44.689Z,sell,4.86e-06,700.0,0.003402
OAX/BTC,1603620044689,2020-10-25T10:00:44.689Z,sell,4.85e-06,45.0,0.00021825
OAX/BTC,1603620195135,2020-10-25T10:03:15.135Z,sell,4.86e-06,745.0,0.0036207
OAX/BTC,1603620248207,2020-10-25T10:04:08.207Z,sell,4.86e-06,41.0,0.00019926
OAX/BTC,1603620309628,2020-10-25T10:05:09.628Z,sell,4.86e-06,214.0,0.00104004
OAX/BTC,1603620309628,2020-10-25T10:05:09.628Z,sell,4.85e-06,531.0,0.00257535
OAX/BTC,1603620363025,2020-10-25T10:06:03.025Z,sell,4.85e-06,3350.0,0.0162475
OAX/BTC,1603620431328,2020-10-25T10:07:11.328Z,sell,4.85e-06,745.0,0.00361325
OAX/BTC,1603620529137,2020-10-25T10:08:49.137Z,sell,4.86e-06,4823.0,0.02343978
OAX/BTC,1603620557735,2020-10-25T10:09:17.735Z,sell,4.85e-06,745.0,0.00361325
OAX/BTC,1603620579816,2020-10-25T10:09:39.816Z,sell,4.85e-06,119.0,0.00057715
OAX/BTC,1603620623823,2020-10-25T10:10:23.823Z,buy,4.85e-06,501.0,0.00242985
OAX/BTC,1603620647757,2020-10-25T10:10:47.757Z,buy,4.83e-06,530.0,0.0025599
OAX/BTC,1603620664158,2020-10-25T10:11:04.158Z,sell,4.82e-06,745.0,0.0035908999999999
OAX/BTC,1603620779941,2020-10-25T10:12:59.941Z,sell,4.82e-06,745.0,0.0035908999999999
OAX/BTC,1603620779941,2020-10-25T10:12:59.941Z,sell,4.82e-06,745.0,0.0035908999999999
OAX/BTC,1603620832567,2020-10-25T10:13:52.567Z,buy,4.85e-06,8890.0,0.0431165
OAX/BTC,1603620858398,2020-10-25T10:14:18.398Z,buy,4.86e-06,2842.0,0.01381212
OAX/BTC,1603620934018,2020-10-25T10:15:34.018Z,sell,4.83e-06,745.0,0.00359835
OAX/BTC,1603620934119,2020-10-25T10:15:34.119Z,buy,4.85e-06,560.0,0.002716
OAX/BTC,1603621075973,2020-10-25T10:17:55.973Z,sell,4.85e-06,100.0,0.000485
OAX/BTC,1603621075973,2020-10-25T10:17:55.973Z,sell,4.83e-06,645.0,0.00311535
OAX/BTC,1603621083543,2020-10-25T10:18:03.543Z,buy,4.87e-06,50.0,0.0002435
OAX/BTC,1603621226879,2020-10-25T10:20:26.879Z,sell,4.85e-06,745.0,0.00361325
OAX/BTC,1603621379682,2020-10-25T10:22:59.682Z,sell,4.85e-06,745.0,0.00361325
OAX/BTC,1603621529428,2020-10-25T10:25:29.428Z,sell,4.85e-06,745.0,0.00361325
OAX/BTC,1603621678311,2020-10-25T10:27:58.311Z,sell,4.85e-06,745.0,0.00361325
OAX/BTC,1603621692030,2020-10-25T10:28:12.030Z,sell,4.85e-06,31.0,0.00015035
OAX/BTC,1603621708348,2020-10-25T10:28:28.348Z,buy,4.87e-06,42.0,0.00020454
OAX/BTC,1603621826744,2020-10-25T10:30:26.744Z,sell,4.85e-06,745.0,0.00361325
OAX/BTC,1603621887956,2020-10-25T10:31:27.956Z,sell,4.85e-06,8134.0,0.0394499
OAX/BTC,1603621887956,2020-10-25T10:31:27.956Z,sell,4.84e-06,1856.0,0.00898304
OAX/BTC,1603621959198,2020-10-25T10:32:39.198Z,sell,4.84e-06,745.0,0.0036058
OAX/BTC,1603622028146,2020-10-25T10:33:48.146Z,sell,4.83e-06,10953.0,0.05290299
OAX/BTC,1603622046003,2020-10-25T10:34:06.003Z,sell,4.83e-06,5209.0,0.02515947
OAX/BTC,1603622094055,2020-10-25T10:34:54.055Z,sell,4.83e-06,745.0,0.00359835
OAX/BTC,1603622186559,2020-10-25T10:36:26.559Z,sell,4.83e-06,5075.0,0.02451225
OAX/BTC,1603622210665,2020-10-25T10:36:50.665Z,sell,4.83e-06,745.0,0.00359835
OAX/BTC,1603622348096,2020-10-25T10:39:08.096Z,sell,4.83e-06,745.0,0.00359835
OAX/BTC,1603622480149,2020-10-25T10:41:20.149Z,sell,4.83e-06,745.0,0.00359835
OAX/BTC,1603622638261,2020-10-25T10:43:58.261Z,sell,4.83e-06,745.0,0.00359835
OAX/BTC,1603622659322,2020-10-25T10:44:19.322Z,buy,4.86e-06,206.0,0.00100116
OAX/BTC,1603622778892,2020-10-25T10:46:18.892Z,sell,4.83e-06,745.0,0.00359835
OAX/BTC,1603622893969,2020-10-25T10:48:13.969Z,buy,4.86e-06,100.0,0.000486
OAX/BTC,1603622923879,2020-10-25T10:48:43.879Z,sell,4.83e-06,745.0,0.00359835
OAX/BTC,1603623078171,2020-10-25T10:51:18.171Z,sell,4.83e-06,745.0,0.00359835
OAX/BTC,1603623105383,2020-10-25T10:51:45.383Z,sell,4.83e-06,1153.0,0.00556899
OAX/BTC,1603623230816,2020-10-25T10:53:50.816Z,sell,4.83e-06,745.0,0.00359835
OAX/BTC,1603623293843,2020-10-25T10:54:53.843Z,sell,4.83e-06,1862.0,0.00899346
OAX/BTC,1603623377732,2020-10-25T10:56:17.732Z,sell,4.83e-06,745.0,0.00359835
OAX/BTC,1603623500058,2020-10-25T10:58:20.058Z,sell,4.84e-06,308.0,0.00149072
OAX/BTC,1603623500110,2020-10-25T10:58:20.110Z,sell,4.83e-06,5843.0,0.02822169
OAX/BTC,1603623527079,2020-10-25T10:58:47.079Z,sell,4.83e-06,745.0,0.00359835
OAX/BTC,1603623578589,2020-10-25T10:59:38.589Z,sell,4.83e-06,1266.0,0.00611478
OAX/BTC,1603623587122,2020-10-25T10:59:47.122Z,buy,4.84e-06,1754.0,0.00848936
OAX/BTC,1603623603908,2020-10-25T11:00:03.908Z,buy,4.85e-06,2925.0,0.01418625
OAX/BTC,1603623604614,2020-10-25T11:00:04.614Z,buy,4.85e-06,1454.0,0.0070519
OAX/BTC,1603623614418,2020-10-25T11:00:14.418Z,buy,4.85e-06,670.0,0.0032495
OAX/BTC,1603623614715,2020-10-25T11:00:14.715Z,buy,4.85e-06,335.0,0.00162475
OAX/BTC,1603623625208,2020-10-25T11:00:25.208Z,buy,4.85e-06,10384.0,0.0503624
OAX/BTC,1603623661331,2020-10-25T11:01:01.331Z,sell,4.85e-06,745.0,0.00361325
OAX/BTC,1603623796495,2020-10-25T11:03:16.495Z,sell,4.85e-06,745.0,0.00361325
OAX/BTC,1603623848144,2020-10-25T11:04:08.144Z,sell,4.85e-06,41.0,0.00019885
OAX/BTC,1603623904100,2020-10-25T11:05:04.100Z,buy,4.87e-06,1147.0,0.00558589
OAX/BTC,1603623904113,2020-10-25T11:05:04.113Z,buy,4.87e-06,1310.0,0.0063797
OAX/BTC,1603623904377,2020-10-25T11:05:04.377Z,buy,4.87e-06,603.0,0.00293661
OAX/BTC,1603623909671,2020-10-25T11:05:09.671Z,buy,4.88e-06,1105.0,0.0053923999999999
OAX/BTC,1603623909671,2020-10-25T11:05:09.671Z,buy,4.89e-06,4346.0,0.02125194
OAX/BTC,1603623909671,2020-10-25T11:05:09.671Z,buy,4.9e-06,2163.0,0.0105986999999999
OAX/BTC,1603623917262,2020-10-25T11:05:17.262Z,buy,4.91e-06,1213.0,0.00595583
OAX/BTC,1603623917262,2020-10-25T11:05:17.262Z,buy,4.92e-06,26372.0,0.12975024
OAX/BTC,1603623918706,2020-10-25T11:05:18.706Z,sell,4.92e-06,31.0,0.00015252
OAX/BTC,1603623920532,2020-10-25T11:05:20.532Z,sell,4.92e-06,745.0,0.0036654
OAX/BTC,1603623922946,2020-10-25T11:05:22.946Z,buy,4.93e-06,98.0,0.00048314
OAX/BTC,1603623954785,2020-10-25T11:05:54.785Z,buy,4.92e-06,21434.0,0.10545528
OAX/BTC,1603623967916,2020-10-25T11:06:07.916Z,buy,4.93e-06,20341.0,0.10028113
OAX/BTC,1603623967924,2020-10-25T11:06:07.924Z,sell,4.93e-06,1638.0,0.00807534
OAX/BTC,1603623998945,2020-10-25T11:06:38.945Z,sell,4.9e-06,119.0,0.0005830999999999
OAX/BTC,1603624013316,2020-10-25T11:06:53.316Z,sell,4.89e-06,745.0,0.0036430499999999
OAX/BTC,1603624045438,2020-10-25T11:07:25.438Z,buy,4.92e-06,119.0,0.00058548
OAX/BTC,1603624045438,2020-10-25T11:07:25.438Z,buy,4.94e-06,391.0,0.00193154
OAX/BTC,1603624045438,2020-10-25T11:07:25.438Z,buy,4.95e-06,18543.0,0.09178785
OAX/BTC,1603624057631,2020-10-25T11:07:37.631Z,sell,4.95e-06,178.0,0.0008811
OAX/BTC,1603624062251,2020-10-25T11:07:42.251Z,sell,4.95e-06,10326.0,0.0511137
OAX/BTC,1603624064105,2020-10-25T11:07:44.105Z,sell,4.91e-06,42.0,0.00020622
OAX/BTC,1603624122731,2020-10-25T11:08:42.731Z,sell,4.9e-06,745.0,0.0036504999999999
OAX/BTC,1603624214713,2020-10-25T11:10:14.713Z,buy,4.92e-06,745.0,0.0036654
OAX/BTC,1603624214748,2020-10-25T11:10:14.748Z,sell,4.92e-06,3420.0,0.0168264
OAX/BTC,1603624232325,2020-10-25T11:10:32.325Z,sell,4.9e-06,745.0,0.0036504999999999
OAX/BTC,1603624323947,2020-10-25T11:12:03.947Z,buy,4.93e-06,29952.0,0.14766336
OAX/BTC,1603624333399,2020-10-25T11:12:13.399Z,buy,4.94e-06,122.0,0.00060268
OAX/BTC,1603624341295,2020-10-25T11:12:21.295Z,buy,4.94e-06,7474.0,0.03692156
OAX/BTC,1603624341315,2020-10-25T11:12:21.315Z,sell,4.94e-06,608.0,0.00300352
OAX/BTC,1603624351684,2020-10-25T11:12:31.684Z,buy,4.95e-06,61332.0,0.3035934
OAX/BTC,1603624359568,2020-10-25T11:12:39.568Z,buy,4.97e-06,101.0,0.00050197
OAX/BTC,1603624360091,2020-10-25T11:12:40.091Z,buy,4.97e-06,41.0,0.0002037699999999
OAX/BTC,1603624360279,2020-10-25T11:12:40.279Z,buy,4.97e-06,61.0,0.00030317
