symbol,timestamp,datetime,side,price,amount,btc_volume
OAX/BTC,1592323226798,2020-06-16T16:00:26.798Z,sell,4.76e-06,97.0,0.00046172
OAX/BTC,1592323243695,2020-06-16T16:00:43.695Z,sell,4.76e-06,2115.0,0.0100674
OAX/BTC,1592323714819,2020-06-16T16:08:34.819Z,buy,4.79e-06,22.0,0.00010538
OAX/BTC,1592323716174,2020-06-16T16:08:36.174Z,buy,4.79e-06,8286.0,0.03968994
OAX/BTC,1592323748828,2020-06-16T16:09:08.828Z,sell,4.79e-06,22.0,0.00010538
OAX/BTC,1592324173027,2020-06-16T16:16:13.027Z,sell,4.79e-06,2997.0,0.01435563
OAX/BTC,1592324173377,2020-06-16T16:16:13.377Z,sell,4.78e-06,11297.0,0.05399966
OAX/BTC,1592324173377,2020-06-16T16:16:13.377Z,sell,4.77e-06,10673.0,0.05091021
OAX/BTC,1592324173377,2020-06-16T16:16:13.377Z,sell,4.76e-06,8516.0,0.04053616
OAX/BTC,1592324220231,2020-06-16T16:17:00.231Z,sell,4.76e-06,8155.0,0.0388178
OAX/BTC,1592324319237,2020-06-16T16:18:39.237Z,buy,4.8e-06,35.0,0.000168
OAX/BTC,1592324345603,2020-06-16T16:19:05.603Z,buy,4.8e-06,8357.0,0.0401136
OAX/BTC,1592324348526,2020-06-16T16:19:08.526Z,buy,4.8e-06,211.0,0.0010128
OAX/BTC,1592324348526,2020-06-16T16:19:08.526Z,buy,4.81e-06,5492.0,0.02641652
OAX/BTC,1592324348526,2020-06-16T16:19:08.526Z,buy,4.82e-06,6833.0,0.0329350599999999
OAX/BTC,1592324350890,2020-06-16T16:19:10.890Z,buy,4.82e-06,9372.0,0.04517304
OAX/BTC,1592324357985,2020-06-16T16:19:17.985Z,buy,4.82e-06,1089.0,0.0052489799999999
OAX/BTC,1592324357985,2020-06-16T16:19:17.985Z,buy,4.83e-06,1225.0,0.00591675
OAX/BTC,1592324364737,2020-06-16T16:19:24.737Z,buy,4.83e-06,570.0,0.0027531
OAX/BTC,1592324367449,2020-06-16T16:19:27.449Z,sell,4.8e-06,132.0,0.0006336
OAX/BTC,1592324369864,2020-06-16T16:19:29.864Z,buy,4.8e-06,78.0,0.0003744
OAX/BTC,1592324369864,2020-06-16T16:19:29.864Z,buy,4.82e-06,35.0,0.0001686999999999
OAX/BTC,1592324369864,2020-06-16T16:19:29.864Z,buy,4.83e-06,26.0,0.00012558
OAX/BTC,1592324377500,2020-06-16T16:19:37.500Z,buy,4.83e-06,35.0,0.00016905
OAX/BTC,1592324454303,2020-06-16T16:20:54.303Z,sell,4.8e-06,4007.0,0.0192336
OAX/BTC,1592324454303,2020-06-16T16:20:54.303Z,sell,4.78e-06,1082.0,0.00517196
OAX/BTC,1592324454303,2020-06-16T16:20:54.303Z,sell,4.77e-06,25338.0,0.12086226
OAX/BTC,1592324464338,2020-06-16T16:21:04.338Z,buy,4.8e-06,21.0,0.0001008
OAX/BTC,1592324543585,2020-06-16T16:22:23.585Z,buy,4.8e-06,14.0,6.72e-05
OAX/BTC,1592324563491,2020-06-16T16:22:43.491Z,sell,4.8e-06,818.0,0.0039264
OAX/BTC,1592325614838,2020-06-16T16:40:14.838Z,buy,4.82e-06,42.0,0.00020244
OAX/BTC,1592325829282,2020-06-16T16:43:49.282Z,buy,4.81e-06,2306.0,0.0110918599999999
OAX/BTC,1592325830372,2020-06-16T16:43:50.372Z,buy,4.82e-06,503.0,0.00242446
OAX/BTC,1592326032925,2020-06-16T16:47:12.925Z,buy,4.83e-06,21.0,0.00010143
OAX/BTC,1592326094108,2020-06-16T16:48:14.108Z,buy,4.83e-06,21.0,0.00010143
OAX/BTC,1592326157208,2020-06-16T16:49:17.208Z,buy,4.83e-06,21.0,0.00010143
OAX/BTC,1592326453383,2020-06-16T16:54:13.383Z,sell,4.81e-06,100.0,0.000481
OAX/BTC,1592326577739,2020-06-16T16:56:17.739Z,sell,4.81e-06,50.0,0.0002405
OAX/BTC,1592326577739,2020-06-16T16:56:17.739Z,sell,4.81e-06,50.0,0.0002405
OAX/BTC,1592327476296,2020-06-16T17:11:16.296Z,buy,4.83e-06,21.0,0.00010143
OAX/BTC,1592328021657,2020-06-16T17:20:21.657Z,buy,4.83e-06,21.0,0.00010143
OAX/BTC,1592328312676,2020-06-16T17:25:12.676Z,sell,4.81e-06,298.0,0.00143338
OAX/BTC,1592328851575,2020-06-16T17:34:11.575Z,buy,4.83e-06,21.0,0.00010143
OAX/BTC,1592328856813,2020-06-16T17:34:16.813Z,buy,4.83e-06,446.0,0.00215418
OAX/BTC,1592328856823,2020-06-16T17:34:16.823Z,buy,4.83e-06,328.0,0.00158424
OAX/BTC,1592328857884,2020-06-16T17:34:17.884Z,buy,4.83e-06,228.0,0.00110124
OAX/BTC,1592328873830,2020-06-16T17:34:33.830Z,buy,4.83e-06,353.0,0.00170499
OAX/BTC,1592328873842,2020-06-16T17:34:33.842Z,buy,4.83e-06,386.0,0.00186438
OAX/BTC,1592328877687,2020-06-16T17:34:37.687Z,buy,4.83e-06,262.0,0.00126546
OAX/BTC,1592328910922,2020-06-16T17:35:10.922Z,buy,4.83e-06,6790.0,0.0327957
OAX/BTC,1592328910922,2020-06-16T17:35:10.922Z,buy,4.84e-06,31610.0,0.1529924
OAX/BTC,1592328910922,2020-06-16T17:35:10.922Z,buy,4.85e-06,777.0,0.00376845
OAX/BTC,1592328910922,2020-06-16T17:35:10.922Z,buy,4.86e-06,36367.0,0.17674362
OAX/BTC,1592328910922,2020-06-16T17:35:10.922Z,buy,4.87e-06,6591.0,0.03209817
OAX/BTC,1592328912748,2020-06-16T17:35:12.748Z,sell,4.83e-06,215.0,0.00103845
OAX/BTC,1592328917275,2020-06-16T17:35:17.275Z,sell,4.84e-06,35.0,0.0001694
OAX/BTC,1592328917297,2020-06-16T17:35:17.297Z,buy,4.84e-06,1203.0,0.00582252
OAX/BTC,1592328977271,2020-06-16T17:36:17.271Z,buy,4.85e-06,215.0,0.00104275
OAX/BTC,1592329028579,2020-06-16T17:37:08.579Z,sell,4.85e-06,6579.0,0.03190815
OAX/BTC,1592329028716,2020-06-16T17:37:08.716Z,sell,4.85e-06,1453.0,0.00704705
OAX/BTC,1592329033609,2020-06-16T17:37:13.609Z,sell,4.83e-06,97.0,0.00046851
OAX/BTC,1592329033609,2020-06-16T17:37:13.609Z,sell,4.82e-06,35.0,0.0001686999999999
OAX/BTC,1592329033609,2020-06-16T17:37:13.609Z,sell,4.81e-06,496.0,0.00238576
OAX/BTC,1592329033682,2020-06-16T17:37:13.682Z,sell,4.81e-06,213.0,0.0010245299999999
OAX/BTC,1592329034007,2020-06-16T17:37:14.007Z,sell,4.81e-06,633.0,0.00304473
OAX/BTC,1592329034488,2020-06-16T17:37:14.488Z,buy,4.85e-06,21.0,0.00010185
OAX/BTC,1592329055325,2020-06-16T17:37:35.325Z,buy,4.83e-06,53.0,0.00025599
OAX/BTC,1592329085807,2020-06-16T17:38:05.807Z,buy,4.84e-06,31.0,0.00015004
OAX/BTC,1592329450299,2020-06-16T17:44:10.299Z,buy,4.83e-06,21.0,0.00010143
OAX/BTC,1592329812652,2020-06-16T17:50:12.652Z,buy,4.83e-06,41.0,0.00019803
OAX/BTC,1592329911000,2020-06-16T17:51:51.000Z,buy,4.83e-06,208.0,0.00100464
OAX/BTC,1592329911000,2020-06-16T17:51:51.000Z,buy,4.83e-06,208.0,0.00100464
OAX/BTC,1592330214520,2020-06-16T17:56:54.520Z,buy,4.83e-06,83.0,0.00040089
OAX/BTC,1592330221953,2020-06-16T17:57:01.953Z,buy,4.83e-06,791.0,0.00382053
OAX/BTC,1592330221953,2020-06-16T17:57:01.953Z,buy,4.84e-06,9188.0,0.04446992
OAX/BTC,1592331315508,2020-06-16T18:15:15.508Z,buy,4.84e-06,21.0,0.00010164
OAX/BTC,1592331316879,2020-06-16T18:15:16.879Z,buy,4.84e-06,2479.0,0.01199836
OAX/BTC,1592332129145,2020-06-16T18:28:49.145Z,buy,4.83e-06,538.0,0.00259854
OAX/BTC,1592332154580,2020-06-16T18:29:14.580Z,buy,4.83e-06,476.0,0.00229908
OAX/BTC,1592332988904,2020-06-16T18:43:08.904Z,buy,4.83e-06,21.0,0.00010143
OAX/BTC,1592333006741,2020-06-16T18:43:26.741Z,buy,4.83e-06,1861.0,0.00898863
OAX/BTC,1592333006749,2020-06-16T18:43:26.749Z,buy,4.83e-06,1315.0,0.00635145
OAX/BTC,1592333006749,2020-06-16T18:43:26.749Z,buy,4.83e-06,1315.0,0.00635145
OAX/BTC,1592333938218,2020-06-16T18:58:58.218Z,buy,4.83e-06,6211.0,0.02999913
OAX/BTC,1592333938225,2020-06-16T18:58:58.225Z,buy,4.83e-06,720.0,0.0034776
OAX/BTC,1592334098438,2020-06-16T19:01:38.438Z,sell,4.82e-06,4313.0,0.0207886599999999
OAX/BTC,1592334098438,2020-06-16T19:01:38.438Z,sell,4.81e-06,1896.0,0.00911976
OAX/BTC,1592334098438,2020-06-16T19:01:38.438Z,sell,4.8e-06,2177.0,0.0104496
OAX/BTC,1592334308840,2020-06-16T19:05:08.840Z,buy,4.83e-06,114.0,0.00055062
OAX/BTC,1592334721341,2020-06-16T19:12:01.341Z,buy,4.83e-06,595.0,0.00287385
OAX/BTC,1592334795692,2020-06-16T19:13:15.692Z,buy,4.83e-06,21.0,0.00010143
OAX/BTC,1592334841765,2020-06-16T19:14:01.765Z,sell,4.83e-06,601.0,0.00290283
OAX/BTC,1592335109638,2020-06-16T19:18:29.638Z,buy,4.82e-06,83.0,0.00040006
OAX/BTC,1592335183039,2020-06-16T19:19:43.039Z,sell,4.81e-06,504.0,0.00242424
OAX/BTC,1592335183039,2020-06-16T19:19:43.039Z,sell,4.8e-06,24808.0,0.1190784
OAX/BTC,1592335223675,2020-06-16T19:20:23.675Z,buy,4.82e-06,233.0,0.00112306
OAX/BTC,1592335726594,2020-06-16T19:28:46.594Z,sell,4.81e-06,294.0,0.00141414
OAX/BTC,1592335726594,2020-06-16T19:28:46.594Z,sell,4.8e-06,41505.0,0.1992239999999999
OAX/BTC,1592335846418,2020-06-16T19:30:46.418Z,buy,4.82e-06,1001.0,0.00482482
OAX/BTC,1592336216839,2020-06-16T19:36:56.839Z,sell,4.81e-06,1000.0,0.00481
OAX/BTC,1592336216839,2020-06-16T19:36:56.839Z,sell,4.8e-06,3145.0,0.015096
OAX/BTC,1592336222216,2020-06-16T19:37:02.216Z,sell,4.8e-06,162025.0,0.77772
OAX/BTC,1592336222216,2020-06-16T19:37:02.216Z,sell,4.8e-06,162025.0,0.77772
OAX/BTC,1592337466094,2020-06-16T19:57:46.094Z,sell,4.8e-06,47550.0,0.22824
OAX/BTC,1592337665493,2020-06-16T20:01:05.493Z,sell,4.8e-06,1577.0,0.0075695999999999
OAX/BTC,1592337732879,2020-06-16T20:02:12.879Z,sell,4.8e-06,10979.0,0.0526991999999999
OAX/BTC,1592338276110,2020-06-16T20:11:16.110Z,sell,4.8e-06,89593.0,0.4300464
OAX/BTC,1592338276275,2020-06-16T20:11:16.275Z,sell,4.79e-06,2194.0,0.01050926
OAX/BTC,1592338308005,2020-06-16T20:11:48.005Z,sell,4.78e-06,9111.0,0.04355058
OAX/BTC,1592338308121,2020-06-16T20:11:48.121Z,buy,4.78e-06,4013.0,0.01918214
OAX/BTC,1592338365686,2020-06-16T20:12:45.686Z,buy,4.8e-06,21.0,0.0001008
OAX/BTC,1592338543675,2020-06-16T20:15:43.675Z,sell,4.78e-06,1000.0,0.00478
OAX/BTC,1592339809445,2020-06-16T20:36:49.445Z,sell,4.79e-06,1286.0,0.00615994
OAX/BTC,1592339809445,2020-06-16T20:36:49.445Z,sell,4.79e-06,1286.0,0.00615994
OAX/BTC,1592342190561,2020-06-16T21:16:30.561Z,sell,4.79e-06,5717.0,0.0273844299999999
OAX/BTC,1592343375508,2020-06-16T21:36:15.508Z,buy,4.8e-06,14.0,6.72e-05
OAX/BTC,1592343375524,2020-06-16T21:36:15.524Z,sell,4.8e-06,1652.0,0.0079296
OAX/BTC,1592343375524,2020-06-16T21:36:15.524Z,sell,4.8e-06,1652.0,0.0079296
OAX/BTC,1592343432387,2020-06-16T21:37:12.387Z,sell,4.8e-06,2055.0,0.009864
OAX/BTC,1592343966459,2020-06-16T21:46:06.459Z,buy,4.82e-06,16150.0,0.077843
OAX/BTC,1592343988884,2020-06-16T21:46:28.884Z,buy,4.82e-06,1323.0,0.00637686
OAX/BTC,1592343991874,2020-06-16T21:46:31.874Z,buy,4.82e-06,993.0,0.00478626
OAX/BTC,1592343993371,2020-06-16T21:46:33.371Z,buy,4.82e-06,744.0,0.0035860799999999
OAX/BTC,1592343994778,2020-06-16T21:46:34.778Z,buy,4.82e-06,558.0,0.0026895599999999
OAX/BTC,1592343997441,2020-06-16T21:46:37.441Z,buy,4.82e-06,12083.0,0.0582400599999999
OAX/BTC,1592343998171,2020-06-16T21:46:38.171Z,buy,4.82e-06,1677.0,0.0080831399999999
OAX/BTC,1592344246270,2020-06-16T21:50:46.270Z,sell,4.8e-06,1678.0,0.0080544
OAX/BTC,1592344639562,2020-06-16T21:57:19.562Z,sell,4.82e-06,5541.0,0.0267076199999999
OAX/BTC,1592344639576,2020-06-16T21:57:19.576Z,sell,4.82e-06,2728.0,0.01314896
OAX/BTC,1592344656180,2020-06-16T21:57:36.180Z,sell,4.82e-06,2789.0,0.0134429799999999
OAX/BTC,1592344671389,2020-06-16T21:57:51.389Z,sell,4.82e-06,1720.0,0.0082904
OAX/BTC,1592344701294,2020-06-16T21:58:21.294Z,sell,4.82e-06,938.0,0.00452116
OAX/BTC,1592344704894,2020-06-16T21:58:24.894Z,sell,4.82e-06,637.0,0.0030703399999999
OAX/BTC,1592344715099,2020-06-16T21:58:35.099Z,sell,4.82e-06,410.0,0.0019762
OAX/BTC,1592344716501,2020-06-16T21:58:36.501Z,sell,4.82e-06,284.0,0.0013688799999999
OAX/BTC,1592344719653,2020-06-16T21:58:39.653Z,sell,4.82e-06,120.0,0.0005784
OAX/BTC,1592344719665,2020-06-16T21:58:39.665Z,sell,4.82e-06,277.0,0.0013351399999999
OAX/BTC,1592344821651,2020-06-16T22:00:21.651Z,buy,4.82e-06,21.0,0.00010122
OAX/BTC,1592344844188,2020-06-16T22:00:44.188Z,sell,4.82e-06,5664.0,0.02730048
OAX/BTC,1592344845241,2020-06-16T22:00:45.241Z,sell,4.81e-06,4010.0,0.0192881
OAX/BTC,1592344847939,2020-06-16T22:00:47.939Z,sell,4.81e-06,398.0,0.0019143799999999
OAX/BTC,1592344908764,2020-06-16T22:01:48.764Z,sell,4.81e-06,1582.0,0.0076094199999999
OAX/BTC,1592344911365,2020-06-16T22:01:51.365Z,sell,4.81e-06,1083.0,0.00520923
OAX/BTC,1592344922370,2020-06-16T22:02:02.370Z,sell,4.81e-06,692.0,0.0033285199999999
OAX/BTC,1592344935368,2020-06-16T22:02:15.368Z,sell,4.81e-06,435.0,0.0020923499999999
OAX/BTC,1592344936575,2020-06-16T22:02:16.575Z,sell,4.81e-06,301.0,0.00144781
OAX/BTC,1592345729924,2020-06-16T22:15:29.924Z,buy,4.82e-06,104.0,0.00050128
OAX/BTC,1592345915490,2020-06-16T22:18:35.490Z,sell,4.81e-06,1875.0,0.0090187499999999
OAX/BTC,1592345915497,2020-06-16T22:18:35.497Z,sell,4.81e-06,1328.0,0.00638768
OAX/BTC,1592345918088,2020-06-16T22:18:38.088Z,sell,4.81e-06,909.0,0.00437229
OAX/BTC,1592345920085,2020-06-16T22:18:40.085Z,sell,4.81e-06,626.0,0.00301106
OAX/BTC,1592345943613,2020-06-16T22:19:03.613Z,sell,4.81e-06,360.0,0.0017315999999999
OAX/BTC,1592345945192,2020-06-16T22:19:05.192Z,sell,4.81e-06,249.0,0.00119769
OAX/BTC,1592345945192,2020-06-16T22:19:05.192Z,sell,4.81e-06,249.0,0.00119769
OAX/BTC,1592348484121,2020-06-16T23:01:24.121Z,buy,4.83e-06,21.0,0.00010143
OAX/BTC,1592348495299,2020-06-16T23:01:35.299Z,buy,4.83e-06,21.0,0.00010143
OAX/BTC,1592348521768,2020-06-16T23:02:01.768Z,buy,4.82e-06,21.0,0.00010122
OAX/BTC,1592348978021,2020-06-16T23:09:38.021Z,buy,4.83e-06,2317.0,0.01119111
OAX/BTC,1592349001922,2020-06-16T23:10:01.922Z,buy,4.83e-06,32.0,0.00015456
OAX/BTC,1592349008424,2020-06-16T23:10:08.424Z,buy,4.83e-06,42.0,0.00020286
OAX/BTC,1592349008471,2020-06-16T23:10:08.471Z,buy,4.83e-06,23.0,0.00011109
OAX/BTC,1592349008904,2020-06-16T23:10:08.904Z,buy,4.83e-06,42.0,0.00020286
OAX/BTC,1592349009410,2020-06-16T23:10:09.410Z,buy,4.83e-06,21.0,0.00010143
OAX/BTC,1592349009410,2020-06-16T23:10:09.410Z,buy,4.83e-06,21.0,0.00010143
OAX/BTC,1592350039880,2020-06-16T23:27:19.880Z,buy,4.82e-06,104.0,0.00050128
OAX/BTC,1592350928975,2020-06-16T23:42:08.975Z,buy,4.82e-06,21.0,0.00010122
OAX/BTC,1592351511006,2020-06-16T23:51:51.006Z,buy,4.82e-06,297.0,0.0014315399999999
OAX/BTC,1592351566007,2020-06-16T23:52:46.007Z,buy,4.83e-06,1520.0,0.0073416
OAX/BTC,1592351773290,2020-06-16T23:56:13.290Z,buy,4.83e-06,21.0,0.00010143
OAX/BTC,1592351780421,2020-06-16T23:56:20.421Z,buy,4.83e-06,42.0,0.00020286
OAX/BTC,1592352002726,2020-06-17T00:00:02.726Z,buy,4.83e-06,42.0,0.00020286
OAX/BTC,1592352350781,2020-06-17T00:05:50.781Z,buy,4.83e-06,21.0,0.00010143
OAX/BTC,1592352350781,2020-06-17T00:05:50.781Z,buy,4.83e-06,21.0,0.00010143
OAX/BTC,1592352681490,2020-06-17T00:11:21.490Z,sell,4.82e-06,1518.0,0.0073167599999999
OAX/BTC,1592352761295,2020-06-17T00:12:41.295Z,buy,4.83e-06,1379.0,0.00666057
OAX/BTC,1592353172021,2020-06-17T00:19:32.021Z,sell,4.82e-06,5304.0,0.02556528
OAX/BTC,1592354674128,2020-06-17T00:44:34.128Z,buy,4.83e-06,46367.0,0.22395261
OAX/BTC,1592355548677,2020-06-17T00:59:08.677Z,sell,4.83e-06,21.0,0.00010143
OAX/BTC,1592355667479,2020-06-17T01:01:07.479Z,buy,4.84e-06,21.0,0.00010164
OAX/BTC,1592355667479,2020-06-17T01:01:07.479Z,buy,4.84e-06,21.0,0.00010164
OAX/BTC,1592356180669,2020-06-17T01:09:40.669Z,sell,4.82e-06,3319.0,0.0159975799999999
OAX/BTC,1592356212463,2020-06-17T01:10:12.463Z,sell,4.82e-06,3320.0,0.0160024
OAX/BTC,1592357717395,2020-06-17T01:35:17.395Z,sell,4.82e-06,500.0,0.00241
OAX/BTC,1592357717405,2020-06-17T01:35:17.405Z,sell,4.82e-06,350.0,0.001687
OAX/BTC,1592357720748,2020-06-17T01:35:20.748Z,sell,4.82e-06,238.0,0.00114716
OAX/BTC,1592358200725,2020-06-17T01:43:20.725Z,sell,4.82e-06,1674.0,0.00806868
OAX/BTC,1592358200739,2020-06-17T01:43:20.739Z,sell,4.82e-06,1174.0,0.0056586799999999
OAX/BTC,1592358207265,2020-06-17T01:43:27.265Z,sell,4.82e-06,779.0,0.0037547799999999
OAX/BTC,1592358209161,2020-06-17T01:43:29.161Z,sell,4.82e-06,537.0,0.0025883399999999
OAX/BTC,1592358210168,2020-06-17T01:43:30.168Z,sell,4.82e-06,372.0,0.0017930399999999
OAX/BTC,1592358212366,2020-06-17T01:43:32.366Z,sell,4.82e-06,256.0,0.00123392
OAX/BTC,1592358940350,2020-06-17T01:55:40.350Z,sell,4.82e-06,409.0,0.00197138
OAX/BTC,1592358940368,2020-06-17T01:55:40.368Z,sell,4.82e-06,286.0,0.0013785199999999
OAX/BTC,1592359100854,2020-06-17T01:58:20.854Z,sell,4.82e-06,15406.0,0.0742569199999999
OAX/BTC,1592359100868,2020-06-17T01:58:20.868Z,sell,4.82e-06,4560.0,0.0219791999999999
OAX/BTC,1592359104969,2020-06-17T01:58:24.969Z,sell,4.81e-06,5968.0,0.02870608
OAX/BTC,1592359234712,2020-06-17T02:00:34.712Z,sell,4.81e-06,2496.0,0.0120057599999999
OAX/BTC,1592359236117,2020-06-17T02:00:36.117Z,sell,4.81e-06,1727.0,0.00830687
OAX/BTC,1592359238167,2020-06-17T02:00:38.167Z,sell,4.81e-06,2014.0,0.00968734
OAX/BTC,1592359238167,2020-06-17T02:00:38.167Z,sell,4.8e-06,6330.0,0.0303839999999999
OAX/BTC,1592359238167,2020-06-17T02:00:38.167Z,sell,4.79e-06,831.0,0.00398049
OAX/BTC,1592359238167,2020-06-17T02:00:38.167Z,sell,4.78e-06,2895.0,0.0138381
OAX/BTC,1592359238167,2020-06-17T02:00:38.167Z,sell,4.78e-06,526.0,0.00251428
OAX/BTC,1592359240801,2020-06-17T02:00:40.801Z,buy,4.8e-06,35.0,0.000168
OAX/BTC,1592359240814,2020-06-17T02:00:40.814Z,sell,4.8e-06,6215.0,0.0298319999999999
OAX/BTC,1592359240814,2020-06-17T02:00:40.814Z,sell,4.8e-06,6215.0,0.0298319999999999
OAX/BTC,1592359866181,2020-06-17T02:11:06.181Z,buy,4.82e-06,753.0,0.0036294599999999
OAX/BTC,1592359866181,2020-06-17T02:11:06.181Z,buy,4.82e-06,753.0,0.0036294599999999
OAX/BTC,1592363669260,2020-06-17T03:14:29.260Z,buy,4.82e-06,21.0,0.00010122
OAX/BTC,1592363669260,2020-06-17T03:14:29.260Z,buy,4.82e-06,21.0,0.00010122
OAX/BTC,1592365911183,2020-06-17T03:51:51.183Z,buy,4.82e-06,78.0,0.0003759599999999
OAX/BTC,1592365911183,2020-06-17T03:51:51.183Z,buy,4.82e-06,78.0,0.0003759599999999
OAX/BTC,1592369170697,2020-06-17T04:46:10.697Z,buy,4.82e-06,1867.0,0.0089989399999999
OAX/BTC,1592369350521,2020-06-17T04:49:10.521Z,sell,4.81e-06,428.0,0.00205868
OAX/BTC,1592369374481,2020-06-17T04:49:34.481Z,sell,4.8e-06,139.0,0.0006672
OAX/BTC,1592369382072,2020-06-17T04:49:42.072Z,buy,4.8e-06,21.0,0.0001008
OAX/BTC,1592369402591,2020-06-17T04:50:02.591Z,buy,4.8e-06,472.0,0.0022656
OAX/BTC,1592369406671,2020-06-17T04:50:06.671Z,buy,4.8e-06,320.0,0.001536
OAX/BTC,1592369408073,2020-06-17T04:50:08.073Z,buy,4.8e-06,221.0,0.0010608
OAX/BTC,1592369408195,2020-06-17T04:50:08.195Z,buy,4.8e-06,725.0,0.00348
OAX/BTC,1592369421936,2020-06-17T04:50:21.936Z,buy,4.82e-06,35.0,0.0001686999999999
OAX/BTC,1592369421936,2020-06-17T04:50:21.936Z,buy,4.82e-06,35.0,0.0001686999999999
OAX/BTC,1592370256913,2020-06-17T05:04:16.913Z,buy,4.83e-06,227.0,0.00109641
OAX/BTC,1592370256913,2020-06-17T05:04:16.913Z,buy,4.84e-06,3922.0,0.01898248
OAX/BTC,1592370269354,2020-06-17T05:04:29.354Z,buy,4.84e-06,52.0,0.00025168
OAX/BTC,1592370342160,2020-06-17T05:05:42.160Z,buy,4.84e-06,21.0,0.00010164
OAX/BTC,1592370493353,2020-06-17T05:08:13.353Z,buy,4.84e-06,50.0,0.000242
OAX/BTC,1592370493622,2020-06-17T05:08:13.622Z,buy,4.84e-06,21.0,0.00010164
OAX/BTC,1592370497190,2020-06-17T05:08:17.190Z,buy,4.84e-06,517.0,0.00250228
OAX/BTC,1592370797508,2020-06-17T05:13:17.508Z,buy,4.84e-06,413.0,0.00199892
OAX/BTC,1592370800211,2020-06-17T05:13:20.211Z,buy,4.84e-06,21.0,0.00010164
OAX/BTC,1592370803171,2020-06-17T05:13:23.171Z,buy,4.84e-06,331.0,0.00160204
OAX/BTC,1592370829037,2020-06-17T05:13:49.037Z,buy,4.84e-06,21.0,0.00010164
OAX/BTC,1592370889290,2020-06-17T05:14:49.290Z,buy,4.83e-06,23.0,0.00011109
OAX/BTC,1592370889299,2020-06-17T05:14:49.299Z,buy,4.83e-06,42.0,0.00020286
OAX/BTC,1592370914659,2020-06-17T05:15:14.659Z,buy,4.83e-06,934.0,0.00451122
OAX/BTC,1592370914992,2020-06-17T05:15:14.992Z,buy,4.84e-06,2001.0,0.00968484
OAX/BTC,1592370918327,2020-06-17T05:15:18.327Z,sell,4.83e-06,52.0,0.00025116
OAX/BTC,1592370924585,2020-06-17T05:15:24.585Z,buy,4.84e-06,52.0,0.00025168
OAX/BTC,1592370949661,2020-06-17T05:15:49.661Z,buy,4.84e-06,42.0,0.00020328
OAX/BTC,1592371466720,2020-06-17T05:24:26.720Z,buy,4.84e-06,21.0,0.00010164
OAX/BTC,1592371475270,2020-06-17T05:24:35.270Z,buy,4.84e-06,42.0,0.00020328
OAX/BTC,1592371936738,2020-06-17T05:32:16.738Z,buy,4.84e-06,21.0,0.00010164
OAX/BTC,1592372308582,2020-06-17T05:38:28.582Z,buy,4.84e-06,2500.0,0.0121
OAX/BTC,1592372397714,2020-06-17T05:39:57.714Z,sell,4.82e-06,834.0,0.00401988
OAX/BTC,1592372432207,2020-06-17T05:40:32.207Z,buy,4.85e-06,1124.0,0.0054514
OAX/BTC,1592372741290,2020-06-17T05:45:41.290Z,sell,4.83e-06,97.0,0.00046851
OAX/BTC,1592372741290,2020-06-17T05:45:41.290Z,sell,4.82e-06,2220.0,0.0107003999999999
OAX/BTC,1592372741290,2020-06-17T05:45:41.290Z,sell,4.83e-06,97.0,0.00046851
OAX/BTC,1592372741290,2020-06-17T05:45:41.290Z,sell,4.82e-06,2220.0,0.0107003999999999
OAX/BTC,1592374285889,2020-06-17T06:11:25.889Z,sell,4.82e-06,16096.0,0.07758272
OAX/BTC,1592374285889,2020-06-17T06:11:25.889Z,sell,4.81e-06,2973.0,0.01430013
OAX/BTC,1592374285889,2020-06-17T06:11:25.889Z,sell,4.8e-06,5379.0,0.0258192
OAX/BTC,1592374350260,2020-06-17T06:12:30.260Z,buy,4.82e-06,35.0,0.0001686999999999
OAX/BTC,1592374566966,2020-06-17T06:16:06.966Z,buy,4.82e-06,21.0,0.00010122
OAX/BTC,1592374760262,2020-06-17T06:19:20.262Z,buy,4.82e-06,48.0,0.0002313599999999
OAX/BTC,1592374797411,2020-06-17T06:19:57.411Z,buy,4.82e-06,176.0,0.00084832
OAX/BTC,1592375216558,2020-06-17T06:26:56.558Z,sell,4.82e-06,34.0,0.0001638799999999
OAX/BTC,1592375216558,2020-06-17T06:26:56.558Z,sell,4.8e-06,12959.0,0.0622032
OAX/BTC,1592375216816,2020-06-17T06:26:56.816Z,buy,4.8e-06,288.0,0.0013824
OAX/BTC,1592375216816,2020-06-17T06:26:56.816Z,buy,4.8e-06,288.0,0.0013824
OAX/BTC,1592376698420,2020-06-17T06:51:38.420Z,sell,4.8e-06,42.0,0.0002016
OAX/BTC,1592376751435,2020-06-17T06:52:31.435Z,sell,4.8e-06,1452.0,0.0069695999999999
OAX/BTC,1592377773482,2020-06-17T07:09:33.482Z,sell,4.8e-06,2727.0,0.0130896
OAX/BTC,1592377773482,2020-06-17T07:09:33.482Z,sell,4.8e-06,2727.0,0.0130896
OAX/BTC,1592379174278,2020-06-17T07:32:54.278Z,sell,4.81e-06,12072.0,0.05806632
OAX/BTC,1592379174278,2020-06-17T07:32:54.278Z,sell,4.8e-06,2010.0,0.009648
OAX/BTC,1592379479851,2020-06-17T07:37:59.851Z,sell,4.81e-06,13166.0,0.0633284599999999
OAX/BTC,1592379542665,2020-06-17T07:39:02.665Z,sell,4.8e-06,2921.0,0.0140208
OAX/BTC,1592379569727,2020-06-17T07:39:29.727Z,buy,4.81e-06,2044.0,0.0098316399999999
OAX/BTC,1592379572051,2020-06-17T07:39:32.051Z,sell,4.81e-06,10976.0,0.05279456
OAX/BTC,1592380084668,2020-06-17T07:48:04.668Z,buy,4.82e-06,35.0,0.0001686999999999
OAX/BTC,1592380084668,2020-06-17T07:48:04.668Z,buy,4.83e-06,97.0,0.00046851
OAX/BTC,1592380084668,2020-06-17T07:48:04.668Z,buy,4.84e-06,118.0,0.00057112
OAX/BTC,1592380084668,2020-06-17T07:48:04.668Z,buy,4.85e-06,1924.0,0.0093314
OAX/BTC,1592380190035,2020-06-17T07:49:50.035Z,sell,4.82e-06,35.0,0.0001686999999999
OAX/BTC,1592380190035,2020-06-17T07:49:50.035Z,sell,4.81e-06,10220.0,0.0491582
OAX/BTC,1592380949779,2020-06-17T08:02:29.779Z,buy,4.84e-06,56.0,0.00027104
OAX/BTC,1592380949779,2020-06-17T08:02:29.779Z,buy,4.85e-06,253.0,0.00122705
OAX/BTC,1592381126613,2020-06-17T08:05:26.613Z,buy,4.85e-06,102.0,0.0004947
OAX/BTC,1592381177843,2020-06-17T08:06:17.843Z,buy,4.85e-06,31.0,0.00015035
OAX/BTC,1592381260480,2020-06-17T08:07:40.480Z,buy,4.85e-06,3722.0,0.0180517
OAX/BTC,1592381359623,2020-06-17T08:09:19.623Z,buy,4.85e-06,2474.0,0.0119989
OAX/BTC,1592381359623,2020-06-17T08:09:19.623Z,buy,4.85e-06,2474.0,0.0119989
OAX/BTC,1592381374530,2020-06-17T08:09:34.530Z,buy,4.85e-06,21.0,0.00010185
OAX/BTC,1592381402826,2020-06-17T08:10:02.826Z,buy,4.85e-06,42.0,0.0002037
OAX/BTC,1592381426213,2020-06-17T08:10:26.213Z,buy,4.85e-06,23.0,0.00011155
OAX/BTC,1592381623514,2020-06-17T08:13:43.514Z,buy,4.85e-06,1084.0,0.0052574
OAX/BTC,1592381854147,2020-06-17T08:17:34.147Z,buy,4.85e-06,102.0,0.0004947
OAX/BTC,1592382160085,2020-06-17T08:22:40.085Z,buy,4.85e-06,1494.0,0.0072459
OAX/BTC,1592382160194,2020-06-17T08:22:40.194Z,sell,4.85e-06,1062.0,0.0051507
OAX/BTC,1592382161399,2020-06-17T08:22:41.399Z,sell,4.85e-06,737.0,0.00357445
OAX/BTC,1592382162994,2020-06-17T08:22:42.994Z,sell,4.85e-06,509.0,0.00246865
OAX/BTC,1592382164878,2020-06-17T08:22:44.878Z,sell,4.85e-06,2323.0,0.01126655
OAX/BTC,1592382164888,2020-06-17T08:22:44.888Z,sell,4.85e-06,1976.0,0.0095836
OAX/BTC,1592382167596,2020-06-17T08:22:47.596Z,sell,4.85e-06,1353.0,0.00656205
OAX/BTC,1592382173896,2020-06-17T08:22:53.896Z,sell,4.85e-06,309.0,0.00149865
OAX/BTC,1592382195357,2020-06-17T08:23:15.357Z,sell,4.83e-06,68.0,0.00032844
OAX/BTC,1592382195529,2020-06-17T08:23:15.529Z,sell,4.83e-06,2789.0,0.01347087
OAX/BTC,1592382195762,2020-06-17T08:23:15.762Z,sell,4.83e-06,104.0,0.00050232
OAX/BTC,1592382418181,2020-06-17T08:26:58.181Z,buy,4.85e-06,118.0,0.0005723
OAX/BTC,1592382418181,2020-06-17T08:26:58.181Z,buy,4.86e-06,77.0,0.00037422
OAX/BTC,1592382425193,2020-06-17T08:27:05.193Z,buy,4.86e-06,187.0,0.00090882
OAX/BTC,1592382425669,2020-06-17T08:27:05.669Z,buy,4.86e-06,6430.0,0.0312498
OAX/BTC,1592382438173,2020-06-17T08:27:18.173Z,buy,4.86e-06,247.0,0.00120042
OAX/BTC,1592382444581,2020-06-17T08:27:24.581Z,buy,4.86e-06,361.0,0.00175446
OAX/BTC,1592382445321,2020-06-17T08:27:25.321Z,buy,4.86e-06,320.0,0.0015552
OAX/BTC,1592382445332,2020-06-17T08:27:25.332Z,buy,4.86e-06,172.0,0.00083592
OAX/BTC,1592382446475,2020-06-17T08:27:26.475Z,buy,4.86e-06,221.0,0.00107406
OAX/BTC,1592382457103,2020-06-17T08:27:37.103Z,buy,4.86e-06,784.0,0.00381024
OAX/BTC,1592382458147,2020-06-17T08:27:38.147Z,buy,4.86e-06,2073.0,0.01007478
OAX/BTC,1592382459438,2020-06-17T08:27:39.438Z,buy,4.86e-06,1377.0,0.00669222
OAX/BTC,1592382460722,2020-06-17T08:27:40.722Z,buy,4.86e-06,59.0,0.00028674
OAX/BTC,1592382461558,2020-06-17T08:27:41.558Z,buy,4.86e-06,312.0,0.00151632
OAX/BTC,1592382461976,2020-06-17T08:27:41.976Z,buy,4.86e-06,1616.0,0.00785376
OAX/BTC,1592382462549,2020-06-17T08:27:42.549Z,buy,4.86e-06,39.0,0.00018954
OAX/BTC,1592382463671,2020-06-17T08:27:43.671Z,buy,4.86e-06,3313.0,0.01610118
OAX/BTC,1592382463736,2020-06-17T08:27:43.736Z,buy,4.86e-06,1211.0,0.00588546
OAX/BTC,1592382464874,2020-06-17T08:27:44.874Z,buy,4.86e-06,719.0,0.00349434
OAX/BTC,1592382467806,2020-06-17T08:27:47.806Z,buy,4.86e-06,347.0,0.00168642
OAX/BTC,1592382468137,2020-06-17T08:27:48.137Z,buy,4.86e-06,1306.0,0.00634716
OAX/BTC,1592382468179,2020-06-17T08:27:48.179Z,buy,4.86e-06,987.0,0.00479682
OAX/BTC,1592382469490,2020-06-17T08:27:49.490Z,buy,4.86e-06,856.0,0.00416016
OAX/BTC,1592382469582,2020-06-17T08:27:49.582Z,buy,4.86e-06,329.0,0.00159894
OAX/BTC,1592382472201,2020-06-17T08:27:52.201Z,buy,4.86e-06,977.0,0.00474822
OAX/BTC,1592382472925,2020-06-17T08:27:52.925Z,buy,4.86e-06,42.0,0.00020412
OAX/BTC,1592382473446,2020-06-17T08:27:53.446Z,buy,4.86e-06,944.0,0.00458784
OAX/BTC,1592382473489,2020-06-17T08:27:53.489Z,buy,4.86e-06,606.0,0.00294516
OAX/BTC,1592382473489,2020-06-17T08:27:53.489Z,buy,4.87e-06,818.0,0.00398366
OAX/BTC,1592382474977,2020-06-17T08:27:54.977Z,buy,4.87e-06,393.0,0.00191391
OAX/BTC,1592382475065,2020-06-17T08:27:55.065Z,buy,4.87e-06,564.0,0.00274668
OAX/BTC,1592382475294,2020-06-17T08:27:55.294Z,buy,4.87e-06,76.0,0.00037012
OAX/BTC,1592382475297,2020-06-17T08:27:55.297Z,buy,4.87e-06,2328.0,0.01133736
OAX/BTC,1592382475507,2020-06-17T08:27:55.507Z,buy,4.87e-06,156.0,0.00075972
OAX/BTC,1592382475646,2020-06-17T08:27:55.646Z,buy,4.87e-06,318.0,0.0015486599999999
OAX/BTC,1592382475677,2020-06-17T08:27:55.677Z,buy,4.87e-06,471.0,0.00229377
OAX/BTC,1592382475811,2020-06-17T08:27:55.811Z,buy,4.87e-06,329.0,0.00160223
OAX/BTC,1592382475943,2020-06-17T08:27:55.943Z,buy,4.87e-06,191.0,0.00093017
OAX/BTC,1592382476021,2020-06-17T08:27:56.021Z,buy,4.87e-06,156.0,0.00075972
OAX/BTC,1592382476133,2020-06-17T08:27:56.133Z,buy,4.87e-06,178.0,0.00086686
OAX/BTC,1592382476320,2020-06-17T08:27:56.320Z,buy,4.87e-06,126.0,0.0006136199999999
OAX/BTC,1592382476744,2020-06-17T08:27:56.744Z,buy,4.87e-06,168.0,0.00081816
OAX/BTC,1592382477017,2020-06-17T08:27:57.017Z,buy,4.87e-06,231.0,0.00112497
OAX/BTC,1592382477152,2020-06-17T08:27:57.152Z,buy,4.87e-06,42.0,0.00020454
OAX/BTC,1592382477458,2020-06-17T08:27:57.458Z,buy,4.87e-06,10239.0,0.04986393
OAX/BTC,1592382477550,2020-06-17T08:27:57.550Z,buy,4.87e-06,822.0,0.00400314
OAX/BTC,1592382565396,2020-06-17T08:29:25.396Z,buy,4.87e-06,102.0,0.00049674
OAX/BTC,1592382757221,2020-06-17T08:32:37.221Z,buy,4.87e-06,1026.0,0.00499662
OAX/BTC,1592382793933,2020-06-17T08:33:13.933Z,buy,4.87e-06,21.0,0.00010227
OAX/BTC,1592382913792,2020-06-17T08:35:13.792Z,buy,4.87e-06,21.0,0.00010227
OAX/BTC,1592382922410,2020-06-17T08:35:22.410Z,buy,4.87e-06,21.0,0.00010227
OAX/BTC,1592383038137,2020-06-17T08:37:18.137Z,buy,4.87e-06,1700.0,0.008279
OAX/BTC,1592383099419,2020-06-17T08:38:19.419Z,buy,4.87e-06,21.0,0.00010227
OAX/BTC,1592383185118,2020-06-17T08:39:45.118Z,buy,4.87e-06,1620.0,0.0078894
OAX/BTC,1592383290466,2020-06-17T08:41:30.466Z,sell,4.85e-06,122.0,0.0005917
OAX/BTC,1592383290466,2020-06-17T08:41:30.466Z,sell,4.84e-06,774.0,0.00374616
OAX/BTC,1592383290466,2020-06-17T08:41:30.466Z,sell,4.83e-06,151.0,0.00072933
OAX/BTC,1592383291012,2020-06-17T08:41:31.012Z,sell,4.83e-06,4185.0,0.02021355
OAX/BTC,1592383350788,2020-06-17T08:42:30.788Z,sell,4.85e-06,140.0,0.000679
OAX/BTC,1592383350788,2020-06-17T08:42:30.788Z,sell,4.83e-06,906.0,0.00437598
OAX/BTC,1592383398230,2020-06-17T08:43:18.230Z,buy,4.86e-06,53.0,0.00025758
OAX/BTC,1592383684543,2020-06-17T08:48:04.543Z,buy,4.87e-06,2177.0,0.01060199
OAX/BTC,1592383814785,2020-06-17T08:50:14.785Z,buy,4.87e-06,12820.0,0.0624334
OAX/BTC,1592383838975,2020-06-17T08:50:38.975Z,buy,4.88e-06,11516.0,0.05619808
OAX/BTC,1592383936849,2020-06-17T08:52:16.849Z,buy,4.88e-06,3231.0,0.0157672799999999
OAX/BTC,1592383996887,2020-06-17T08:53:16.887Z,buy,4.88e-06,410.0,0.0020008
OAX/BTC,1592384147073,2020-06-17T08:55:47.073Z,sell,4.86e-06,1240.0,0.0060264
OAX/BTC,1592384147073,2020-06-17T08:55:47.073Z,sell,4.86e-06,26.0,0.00012636
OAX/BTC,1592384229895,2020-06-17T08:57:09.895Z,sell,4.86e-06,593.0,0.00288198
OAX/BTC,1592384733336,2020-06-17T09:05:33.336Z,sell,4.86e-06,370.0,0.0017982
OAX/BTC,1592384733336,2020-06-17T09:05:33.336Z,sell,4.86e-06,370.0,0.0017982
OAX/BTC,1592384968285,2020-06-17T09:09:28.285Z,buy,4.88e-06,14824.0,0.07234112
OAX/BTC,1592384968311,2020-06-17T09:09:28.311Z,sell,4.88e-06,4382.0,0.02138416
OAX/BTC,1592384983813,2020-06-17T09:09:43.813Z,sell,4.88e-06,1380.0,0.0067344
OAX/BTC,1592385041565,2020-06-17T09:10:41.565Z,sell,4.86e-06,42.0,0.00020412
OAX/BTC,1592385041617,2020-06-17T09:10:41.617Z,sell,4.86e-06,35.0,0.0001701
OAX/BTC,1592385041627,2020-06-17T09:10:41.627Z,sell,4.86e-06,622.0,0.00302292
OAX/BTC,1592385087693,2020-06-17T09:11:27.693Z,sell,4.86e-06,1698.0,0.00825228
OAX/BTC,1592385148374,2020-06-17T09:12:28.374Z,buy,4.89e-06,17903.0,0.0875456699999999
OAX/BTC,1592385148374,2020-06-17T09:12:28.374Z,buy,4.9e-06,20324.0,0.0995876
OAX/BTC,1592385177252,2020-06-17T09:12:57.252Z,buy,4.9e-06,16808.0,0.0823592
OAX/BTC,1592385189669,2020-06-17T09:13:09.669Z,buy,4.91e-06,21.0,0.00010311
OAX/BTC,1592385199827,2020-06-17T09:13:19.827Z,buy,4.91e-06,815.0,0.00400165
OAX/BTC,1592385200952,2020-06-17T09:13:20.952Z,buy,4.91e-06,23.0,0.0001129299999999
OAX/BTC,1592385203558,2020-06-17T09:13:23.558Z,buy,4.91e-06,49.0,0.0002405899999999
OAX/BTC,1592385209534,2020-06-17T09:13:29.534Z,sell,4.9e-06,576.0,0.0028223999999999
OAX/BTC,1592385209630,2020-06-17T09:13:29.630Z,sell,4.9e-06,368.0,0.0018031999999999
OAX/BTC,1592385220633,2020-06-17T09:13:40.633Z,sell,4.88e-06,344.0,0.0016787199999999
OAX/BTC,1592385220633,2020-06-17T09:13:40.633Z,sell,4.88e-06,28.0,0.00013664
OAX/BTC,1592385220633,2020-06-17T09:13:40.633Z,sell,4.88e-06,24.0,0.0001171199999999
OAX/BTC,1592385229605,2020-06-17T09:13:49.605Z,buy,4.91e-06,41.0,0.0002013099999999
OAX/BTC,1592385253119,2020-06-17T09:14:13.119Z,buy,4.91e-06,8146.0,0.0399968599999999
OAX/BTC,1592385274930,2020-06-17T09:14:34.930Z,buy,4.91e-06,408.0,0.0020032799999999
OAX/BTC,1592385289613,2020-06-17T09:14:49.613Z,buy,4.91e-06,21.0,0.00010311
OAX/BTC,1592385289677,2020-06-17T09:14:49.677Z,buy,4.91e-06,41.0,0.0002013099999999
OAX/BTC,1592385395100,2020-06-17T09:16:35.100Z,buy,4.91e-06,21.0,0.00010311
OAX/BTC,1592385398614,2020-06-17T09:16:38.614Z,sell,4.88e-06,7619.0,0.03718072
OAX/BTC,1592385817750,2020-06-17T09:23:37.750Z,buy,4.9e-06,40.0,0.000196
OAX/BTC,1592386098123,2020-06-17T09:28:18.123Z,sell,4.88e-06,82.0,0.00040016
OAX/BTC,1592386118999,2020-06-17T09:28:38.999Z,sell,4.88e-06,58.0,0.00028304
OAX/BTC,1592386167986,2020-06-17T09:29:27.986Z,buy,4.88e-06,70.0,0.0003416
OAX/BTC,1592386225571,2020-06-17T09:30:25.571Z,buy,4.88e-06,872.0,0.00425536
OAX/BTC,1592386225840,2020-06-17T09:30:25.840Z,sell,4.88e-06,1999.0,0.0097551199999999
OAX/BTC,1592386389119,2020-06-17T09:33:09.119Z,sell,4.88e-06,1235.0,0.0060268
OAX/BTC,1592386492146,2020-06-17T09:34:52.146Z,buy,4.88e-06,2924.0,0.01426912
OAX/BTC,1592386532460,2020-06-17T09:35:32.460Z,buy,4.88e-06,1177.0,0.00574376
OAX/BTC,1592387017460,2020-06-17T09:43:37.460Z,sell,4.88e-06,873.0,0.00426024
OAX/BTC,1592387149852,2020-06-17T09:45:49.852Z,buy,4.88e-06,21.0,0.00010248
OAX/BTC,1592388136913,2020-06-17T10:02:16.913Z,buy,4.88e-06,1828.0,0.00892064
OAX/BTC,1592388194426,2020-06-17T10:03:14.426Z,sell,4.88e-06,12385.0,0.0604388
OAX/BTC,1592388199424,2020-06-17T10:03:19.424Z,sell,4.87e-06,142.0,0.00069154
OAX/BTC,1592388199424,2020-06-17T10:03:19.424Z,sell,4.87e-06,142.0,0.00069154
OAX/BTC,1592388707913,2020-06-17T10:11:47.913Z,sell,4.87e-06,2605.0,0.01268635
OAX/BTC,1592390145997,2020-06-17T10:35:45.997Z,buy,4.89e-06,122.0,0.00059658
OAX/BTC,1592390269381,2020-06-17T10:37:49.381Z,buy,4.89e-06,21.0,0.00010269
OAX/BTC,1592390611421,2020-06-17T10:43:31.421Z,buy,4.89e-06,21.0,0.00010269
OAX/BTC,1592390652731,2020-06-17T10:44:12.731Z,sell,4.86e-06,3032.0,0.01473552
OAX/BTC,1592391309625,2020-06-17T10:55:09.625Z,buy,4.89e-06,121.0,0.00059169
OAX/BTC,1592391309625,2020-06-17T10:55:09.625Z,buy,4.89e-06,121.0,0.00059169
OAX/BTC,1592392276733,2020-06-17T11:11:16.733Z,buy,4.89e-06,151.0,0.00073839
OAX/BTC,1592393397032,2020-06-17T11:29:57.032Z,sell,4.86e-06,2355.0,0.0114453
OAX/BTC,1592394260674,2020-06-17T11:44:20.674Z,buy,4.89e-06,46273.0,0.22627497
OAX/BTC,1592394261916,2020-06-17T11:44:21.916Z,sell,4.89e-06,2016.0,0.0098582399999999
OAX/BTC,1592394270698,2020-06-17T11:44:30.698Z,buy,4.9e-06,33944.0,0.1663256
OAX/BTC,1592394293300,2020-06-17T11:44:53.300Z,sell,4.9e-06,61.0,0.0002989
OAX/BTC,1592394310842,2020-06-17T11:45:10.842Z,sell,4.9e-06,5984.0,0.0293216
OAX/BTC,1592394311110,2020-06-17T11:45:11.110Z,buy,4.91e-06,211.0,0.00103601
OAX/BTC,1592394311110,2020-06-17T11:45:11.110Z,buy,4.92e-06,1308.0,0.00643536
OAX/BTC,1592394334478,2020-06-17T11:45:34.478Z,buy,4.92e-06,41.0,0.00020172
OAX/BTC,1592394339929,2020-06-17T11:45:39.929Z,buy,4.92e-06,41.0,0.00020172
OAX/BTC,1592394339948,2020-06-17T11:45:39.948Z,buy,4.92e-06,41.0,0.00020172
OAX/BTC,1592394339954,2020-06-17T11:45:39.954Z,buy,4.92e-06,21.0,0.00010332
OAX/BTC,1592394339985,2020-06-17T11:45:39.985Z,buy,4.92e-06,41.0,0.00020172
OAX/BTC,1592394339999,2020-06-17T11:45:39.999Z,buy,4.92e-06,61.0,0.00030012
OAX/BTC,1592394340050,2020-06-17T11:45:40.050Z,buy,4.92e-06,31.0,0.00015252
OAX/BTC,1592394340189,2020-06-17T11:45:40.189Z,buy,4.92e-06,326.0,0.00160392
OAX/BTC,1592394340310,2020-06-17T11:45:40.310Z,buy,4.92e-06,1098.0,0.00540216
OAX/BTC,1592394340316,2020-06-17T11:45:40.316Z,buy,4.92e-06,163.0,0.00080196
OAX/BTC,1592394340323,2020-06-17T11:45:40.323Z,buy,4.92e-06,41.0,0.00020172
OAX/BTC,1592394340325,2020-06-17T11:45:40.325Z,buy,4.92e-06,83.0,0.00040836
OAX/BTC,1592394340334,2020-06-17T11:45:40.334Z,buy,4.92e-06,82.0,0.00040344
OAX/BTC,1592394340351,2020-06-17T11:45:40.351Z,buy,4.92e-06,70.0,0.0003444
OAX/BTC,1592394340363,2020-06-17T11:45:40.363Z,buy,4.92e-06,41.0,0.00020172
OAX/BTC,1592394340371,2020-06-17T11:45:40.371Z,buy,4.92e-06,326.0,0.00160392
OAX/BTC,1592394340409,2020-06-17T11:45:40.409Z,buy,4.92e-06,41.0,0.00020172
OAX/BTC,1592394340435,2020-06-17T11:45:40.435Z,buy,4.92e-06,509.0,0.00250428
OAX/BTC,1592394340446,2020-06-17T11:45:40.446Z,buy,4.92e-06,204.0,0.00100368
OAX/BTC,1592394340477,2020-06-17T11:45:40.477Z,buy,4.92e-06,488.0,0.00240096
OAX/BTC,1592394340509,2020-06-17T11:45:40.509Z,buy,4.92e-06,407.0,0.00200244
OAX/BTC,1592394340511,2020-06-17T11:45:40.511Z,buy,4.92e-06,139.0,0.00068388
OAX/BTC,1592394340520,2020-06-17T11:45:40.520Z,buy,4.92e-06,1220.0,0.0060024
OAX/BTC,1592394340525,2020-06-17T11:45:40.525Z,buy,4.92e-06,488.0,0.00240096
OAX/BTC,1592394340542,2020-06-17T11:45:40.542Z,buy,4.92e-06,610.0,0.0030012
OAX/BTC,1592394340554,2020-06-17T11:45:40.554Z,buy,4.92e-06,407.0,0.00200244
OAX/BTC,1592394340590,2020-06-17T11:45:40.590Z,buy,4.92e-06,41.0,0.00020172
OAX/BTC,1592394340590,2020-06-17T11:45:40.590Z,buy,4.92e-06,42.0,0.00020664
OAX/BTC,1592394340614,2020-06-17T11:45:40.614Z,buy,4.92e-06,82.0,0.00040344
OAX/BTC,1592394340646,2020-06-17T11:45:40.646Z,buy,4.92e-06,407.0,0.00200244
OAX/BTC,1592394340674,2020-06-17T11:45:40.674Z,buy,4.92e-06,102.0,0.00050184
OAX/BTC,1592394340677,2020-06-17T11:45:40.677Z,buy,4.92e-06,82.0,0.00040344
OAX/BTC,1592394340698,2020-06-17T11:45:40.698Z,buy,4.92e-06,366.0,0.00180072
OAX/BTC,1592394340723,2020-06-17T11:45:40.723Z,buy,4.92e-06,183.0,0.00090036
OAX/BTC,1592394340781,2020-06-17T11:45:40.781Z,buy,4.92e-06,82.0,0.00040344
OAX/BTC,1592394340781,2020-06-17T11:45:40.781Z,buy,4.92e-06,82.0,0.00040344
OAX/BTC,1592394340791,2020-06-17T11:45:40.791Z,buy,4.92e-06,55.0,0.0002706
OAX/BTC,1592394340825,2020-06-17T11:45:40.825Z,buy,4.92e-06,41.0,0.00020172
OAX/BTC,1592394340830,2020-06-17T11:45:40.830Z,buy,4.92e-06,175.0,0.000861
OAX/BTC,1592394340832,2020-06-17T11:45:40.832Z,buy,4.92e-06,122.0,0.00060024
OAX/BTC,1592394340900,2020-06-17T11:45:40.900Z,buy,4.92e-06,1220.0,0.0060024
OAX/BTC,1592394340910,2020-06-17T11:45:40.910Z,buy,4.92e-06,256.0,0.00125952
OAX/BTC,1592394340932,2020-06-17T11:45:40.932Z,buy,4.92e-06,407.0,0.00200244
OAX/BTC,1592394340939,2020-06-17T11:45:40.939Z,buy,4.92e-06,773.0,0.00380316
OAX/BTC,1592394340950,2020-06-17T11:45:40.950Z,buy,4.92e-06,102.0,0.00050184
OAX/BTC,1592394340987,2020-06-17T11:45:40.987Z,buy,4.92e-06,61.0,0.00030012
OAX/BTC,1592394340995,2020-06-17T11:45:40.995Z,buy,4.92e-06,8690.0,0.0427548
OAX/BTC,1592394360978,2020-06-17T11:46:00.978Z,sell,4.92e-06,9332.0,0.04591344
OAX/BTC,1592394376841,2020-06-17T11:46:16.841Z,sell,4.9e-06,185.0,0.0009065
OAX/BTC,1592394377249,2020-06-17T11:46:17.249Z,sell,4.9e-06,21.0,0.0001029
OAX/BTC,1592394386151,2020-06-17T11:46:26.151Z,buy,4.91e-06,62.0,0.0003044199999999
OAX/BTC,1592394442890,2020-06-17T11:47:22.890Z,buy,4.91e-06,62.0,0.0003044199999999
OAX/BTC,1592394672506,2020-06-17T11:51:12.506Z,buy,4.91e-06,21.0,0.00010311
OAX/BTC,1592394724641,2020-06-17T11:52:04.641Z,sell,4.9e-06,2469.0,0.0120980999999999
OAX/BTC,1592394724641,2020-06-17T11:52:04.641Z,sell,4.9e-06,38.0,0.0001862
OAX/BTC,1592394724641,2020-06-17T11:52:04.641Z,sell,4.9e-06,2469.0,0.0120980999999999
OAX/BTC,1592394724641,2020-06-17T11:52:04.641Z,sell,4.9e-06,38.0,0.0001862
OAX/BTC,1592395124214,2020-06-17T11:58:44.214Z,sell,4.9e-06,23.0,0.0001126999999999
OAX/BTC,1592395147033,2020-06-17T11:59:07.033Z,buy,4.91e-06,11377.0,0.0558610699999999
OAX/BTC,1592395205493,2020-06-17T12:00:05.493Z,sell,4.91e-06,644.0,0.0031620399999999
OAX/BTC,1592395205793,2020-06-17T12:00:05.793Z,sell,4.91e-06,21.0,0.00010311
OAX/BTC,1592395222422,2020-06-17T12:00:22.422Z,buy,4.93e-06,21.0,0.00010353
OAX/BTC,1592395306822,2020-06-17T12:01:46.822Z,buy,4.92e-06,2000.0,0.00984
OAX/BTC,1592395306822,2020-06-17T12:01:46.822Z,buy,4.93e-06,7820.0,0.0385526
OAX/BTC,1592395375192,2020-06-17T12:02:55.192Z,buy,4.92e-06,519.0,0.00255348
OAX/BTC,1592395375192,2020-06-17T12:02:55.192Z,sell,4.91e-06,46.0,0.0002258599999999
OAX/BTC,1592395375192,2020-06-17T12:02:55.192Z,sell,4.9e-06,5.0,2.45e-05
OAX/BTC,1592395375192,2020-06-17T12:02:55.192Z,sell,4.9e-06,142.0,0.0006958
OAX/BTC,1592395375192,2020-06-17T12:02:55.192Z,sell,4.9e-06,66.0,0.0003234
OAX/BTC,1592396406030,2020-06-17T12:20:06.030Z,buy,4.92e-06,98.0,0.00048216
OAX/BTC,1592396457124,2020-06-17T12:20:57.124Z,sell,4.9e-06,209.0,0.0010241
OAX/BTC,1592396555010,2020-06-17T12:22:35.010Z,buy,4.92e-06,31.0,0.00015252
OAX/BTC,1592396585353,2020-06-17T12:23:05.353Z,buy,4.92e-06,1829.0,0.00899868
OAX/BTC,1592396596734,2020-06-17T12:23:16.734Z,buy,4.92e-06,21.0,0.00010332
OAX/BTC,1592396646845,2020-06-17T12:24:06.845Z,buy,4.92e-06,11347.0,0.05582724
OAX/BTC,1592396646845,2020-06-17T12:24:06.845Z,buy,4.93e-06,49444.0,0.24375892
OAX/BTC,1592396769985,2020-06-17T12:26:09.985Z,buy,4.93e-06,121.0,0.00059653
OAX/BTC,1592397008823,2020-06-17T12:30:08.823Z,sell,4.9e-06,8322.0,0.0407777999999999
OAX/BTC,1592397012645,2020-06-17T12:30:12.645Z,sell,4.9e-06,6242.0,0.0305857999999999
OAX/BTC,1592397015664,2020-06-17T12:30:15.664Z,sell,4.9e-06,3687.0,0.0180663
OAX/BTC,1592397015664,2020-06-17T12:30:15.664Z,sell,4.89e-06,523.0,0.00255747
OAX/BTC,1592397015664,2020-06-17T12:30:15.664Z,sell,4.88e-06,5153.0,0.0251466399999999
OAX/BTC,1592397017928,2020-06-17T12:30:17.928Z,sell,4.89e-06,30.0,0.0001467
OAX/BTC,1592397017939,2020-06-17T12:30:17.939Z,sell,4.89e-06,35.0,0.0001711499999999
OAX/BTC,1592397051612,2020-06-17T12:30:51.612Z,sell,4.9e-06,522.0,0.0025578
OAX/BTC,1592397051612,2020-06-17T12:30:51.612Z,sell,4.89e-06,1060.0,0.0051833999999999
OAX/BTC,1592397051612,2020-06-17T12:30:51.612Z,sell,4.88e-06,4892.0,0.02387296
OAX/BTC,1592397051612,2020-06-17T12:30:51.612Z,sell,4.87e-06,2889.0,0.0140694299999999
OAX/BTC,1592397056223,2020-06-17T12:30:56.223Z,buy,4.89e-06,369.0,0.00180441
OAX/BTC,1592397062298,2020-06-17T12:31:02.298Z,buy,4.89e-06,30.0,0.0001467
OAX/BTC,1592397079948,2020-06-17T12:31:19.948Z,buy,4.89e-06,21.0,0.00010269
OAX/BTC,1592397080690,2020-06-17T12:31:20.690Z,buy,4.89e-06,53.0,0.00025917
OAX/BTC,1592397093168,2020-06-17T12:31:33.168Z,buy,4.89e-06,511.0,0.00249879
OAX/BTC,1592397308102,2020-06-17T12:35:08.102Z,buy,4.89e-06,21.0,0.00010269
OAX/BTC,1592397319316,2020-06-17T12:35:19.316Z,buy,4.89e-06,511.0,0.00249879
OAX/BTC,1592397937265,2020-06-17T12:45:37.265Z,buy,4.89e-06,1628.0,0.00796092
OAX/BTC,1592398099820,2020-06-17T12:48:19.820Z,sell,4.89e-06,4506.0,0.02203434
OAX/BTC,1592398099820,2020-06-17T12:48:19.820Z,sell,4.89e-06,4506.0,0.02203434
OAX/BTC,1592400151468,2020-06-17T13:22:31.468Z,buy,4.89e-06,1351.0,0.0066063899999999
OAX/BTC,1592400211790,2020-06-17T13:23:31.790Z,buy,4.89e-06,7440.0,0.0363816
OAX/BTC,1592400262766,2020-06-17T13:24:22.766Z,buy,4.9e-06,607.0,0.0029742999999999
OAX/BTC,1592400691447,2020-06-17T13:31:31.447Z,buy,4.89e-06,1000.0,0.0048899999999999
OAX/BTC,1592400779413,2020-06-17T13:32:59.413Z,sell,4.88e-06,7499.0,0.03659512
OAX/BTC,1592400779413,2020-06-17T13:32:59.413Z,sell,4.87e-06,8696.0,0.04234952
OAX/BTC,1592400779413,2020-06-17T13:32:59.413Z,sell,4.86e-06,21705.0,0.1054863
OAX/BTC,1592400798852,2020-06-17T13:33:18.852Z,buy,4.88e-06,21.0,0.00010248
OAX/BTC,1592400878357,2020-06-17T13:34:38.357Z,sell,4.86e-06,340.0,0.0016524
OAX/BTC,1592401084472,2020-06-17T13:38:04.472Z,sell,4.87e-06,1001.0,0.00487487
OAX/BTC,1592401104793,2020-06-17T13:38:24.793Z,sell,4.87e-06,2947.0,0.0143518899999999
OAX/BTC,1592401112254,2020-06-17T13:38:32.254Z,sell,4.87e-06,12061.0,0.05873707
OAX/BTC,1592401436014,2020-06-17T13:43:56.014Z,sell,4.86e-06,2137.0,0.01038582
OAX/BTC,1592401457267,2020-06-17T13:44:17.267Z,sell,4.86e-06,1351.0,0.00656586
OAX/BTC,1592401623843,2020-06-17T13:47:03.843Z,buy,4.87e-06,700.0,0.003409
OAX/BTC,1592401623843,2020-06-17T13:47:03.843Z,buy,4.87e-06,700.0,0.003409
OAX/BTC,1592402305579,2020-06-17T13:58:25.579Z,buy,4.88e-06,12132.0,0.05920416
OAX/BTC,1592402425316,2020-06-17T14:00:25.316Z,sell,4.87e-06,1000.0,0.00487
OAX/BTC,1592402797455,2020-06-17T14:06:37.455Z,sell,4.86e-06,35.0,0.0001701
OAX/BTC,1592402839243,2020-06-17T14:07:19.243Z,sell,4.85e-06,13578.0,0.0658533
OAX/BTC,1592402842849,2020-06-17T14:07:22.849Z,sell,4.85e-06,2990.0,0.0145015
OAX/BTC,1592403528071,2020-06-17T14:18:48.071Z,sell,4.85e-06,2734.0,0.0132599
OAX/BTC,1592403601984,2020-06-17T14:20:01.984Z,sell,4.85e-06,1643.0,0.00796855
OAX/BTC,1592403684408,2020-06-17T14:21:24.408Z,sell,4.85e-06,7051.0,0.03419735
OAX/BTC,1592403702636,2020-06-17T14:21:42.636Z,buy,4.85e-06,64.0,0.0003104
OAX/BTC,1592403807028,2020-06-17T14:23:27.028Z,sell,4.84e-06,128.0,0.00061952
OAX/BTC,1592403848111,2020-06-17T14:24:08.111Z,buy,4.84e-06,21.0,0.00010164
OAX/BTC,1592404011412,2020-06-17T14:26:51.412Z,buy,4.84e-06,21.0,0.00010164
OAX/BTC,1592404084929,2020-06-17T14:28:04.929Z,buy,4.84e-06,53.0,0.00025652
OAX/BTC,1592404131681,2020-06-17T14:28:51.681Z,sell,4.83e-06,3161.0,0.01526763
OAX/BTC,1592404241476,2020-06-17T14:30:41.476Z,buy,4.83e-06,2011.0,0.00971313
OAX/BTC,1592404347220,2020-06-17T14:32:27.220Z,sell,4.82e-06,6351.0,0.0306118199999999
OAX/BTC,1592404347220,2020-06-17T14:32:27.220Z,sell,4.81e-06,423.0,0.00203463
OAX/BTC,1592404347220,2020-06-17T14:32:27.220Z,sell,4.8e-06,6747.0,0.0323856
OAX/BTC,1592404409919,2020-06-17T14:33:29.919Z,sell,4.79e-06,121.0,0.0005795899999999
OAX/BTC,1592404485352,2020-06-17T14:34:45.352Z,buy,4.82e-06,54.0,0.00026028
OAX/BTC,1592404531013,2020-06-17T14:35:31.013Z,sell,4.8e-06,35.0,0.000168
OAX/BTC,1592404566428,2020-06-17T14:36:06.428Z,sell,4.79e-06,1151.0,0.00551329
OAX/BTC,1592404667007,2020-06-17T14:37:47.007Z,buy,4.82e-06,21.0,0.00010122
OAX/BTC,1592405006526,2020-06-17T14:43:26.526Z,buy,4.81e-06,314.0,0.00151034
OAX/BTC,1592405006526,2020-06-17T14:43:26.526Z,buy,4.81e-06,314.0,0.00151034
OAX/BTC,1592405429519,2020-06-17T14:50:29.519Z,sell,4.81e-06,619.0,0.00297739
OAX/BTC,1592405429519,2020-06-17T14:50:29.519Z,sell,4.8e-06,11850.0,0.05688
OAX/BTC,1592405683866,2020-06-17T14:54:43.866Z,buy,4.8e-06,21.0,0.0001008
OAX/BTC,1592406039316,2020-06-17T15:00:39.316Z,buy,4.8e-06,5511.0,0.0264528
OAX/BTC,1592406756040,2020-06-17T15:12:36.040Z,sell,4.8e-06,2133.0,0.0102384
OAX/BTC,1592406943384,2020-06-17T15:15:43.384Z,sell,4.8e-06,4500.0,0.0215999999999999
OAX/BTC,1592407012513,2020-06-17T15:16:52.513Z,sell,4.8e-06,1048.0,0.0050304
OAX/BTC,1592407205700,2020-06-17T15:20:05.700Z,buy,4.82e-06,35.0,0.0001686999999999
OAX/BTC,1592407205700,2020-06-17T15:20:05.700Z,buy,4.83e-06,210.0,0.0010143
OAX/BTC,1592407205700,2020-06-17T15:20:05.700Z,buy,4.84e-06,516.0,0.00249744
OAX/BTC,1592407205700,2020-06-17T15:20:05.700Z,buy,4.85e-06,5596.0,0.0271406
OAX/BTC,1592407205700,2020-06-17T15:20:05.700Z,buy,4.86e-06,25177.0,0.12236022
OAX/BTC,1592407205700,2020-06-17T15:20:05.700Z,buy,4.87e-06,45770.0,0.2228999
OAX/BTC,1592407205700,2020-06-17T15:20:05.700Z,buy,4.88e-06,307.0,0.00149816
OAX/BTC,1592407205700,2020-06-17T15:20:05.700Z,buy,4.89e-06,1672.0,0.0081760799999999
OAX/BTC,1592407205700,2020-06-17T15:20:05.700Z,buy,4.9e-06,7597.0,0.0372252999999999
OAX/BTC,1592407217779,2020-06-17T15:20:17.779Z,buy,4.91e-06,51.0,0.0002504099999999
OAX/BTC,1592407225160,2020-06-17T15:20:25.160Z,sell,4.9e-06,26395.0,0.1293355
OAX/BTC,1592407255284,2020-06-17T15:20:55.284Z,sell,4.9e-06,314.0,0.0015386
OAX/BTC,1592407256085,2020-06-17T15:20:56.085Z,buy,4.91e-06,102.0,0.0005008199999999
OAX/BTC,1592407268101,2020-06-17T15:21:08.101Z,sell,4.9e-06,21.0,0.0001029
OAX/BTC,1592407294138,2020-06-17T15:21:34.138Z,sell,4.9e-06,31579.0,0.1547371
OAX/BTC,1592407295640,2020-06-17T15:21:35.640Z,sell,4.88e-06,132.0,0.00064416
OAX/BTC,1592407295640,2020-06-17T15:21:35.640Z,sell,4.86e-06,35.0,0.0001701
OAX/BTC,1592407295640,2020-06-17T15:21:35.640Z,sell,4.85e-06,132.0,0.0006402
OAX/BTC,1592407295664,2020-06-17T15:21:35.664Z,sell,4.85e-06,126.0,0.0006111
OAX/BTC,1592407316228,2020-06-17T15:21:56.228Z,buy,4.87e-06,21.0,0.00010227
OAX/BTC,1592407323926,2020-06-17T15:22:03.926Z,buy,4.87e-06,21.0,0.00010227
OAX/BTC,1592407365972,2020-06-17T15:22:45.972Z,buy,4.87e-06,10204.0,0.04969348
OAX/BTC,1592407372248,2020-06-17T15:22:52.248Z,buy,4.87e-06,7163.0,0.03488381
OAX/BTC,1592407421019,2020-06-17T15:23:41.019Z,buy,4.86e-06,64.0,0.00031104
OAX/BTC,1592407511018,2020-06-17T15:25:11.018Z,buy,4.86e-06,103.0,0.00050058
OAX/BTC,1592407678235,2020-06-17T15:27:58.235Z,buy,4.86e-06,1010.0,0.0049086
OAX/BTC,1592408363162,2020-06-17T15:39:23.162Z,buy,4.86e-06,1015.0,0.0049329
OAX/BTC,1592408363162,2020-06-17T15:39:23.162Z,buy,4.86e-06,1015.0,0.0049329
OAX/BTC,1592408812291,2020-06-17T15:46:52.291Z,sell,4.87e-06,102.0,0.00049674
OAX/BTC,1592408828038,2020-06-17T15:47:08.038Z,sell,4.87e-06,21.0,0.00010227
OAX/BTC,1592408995075,2020-06-17T15:49:55.075Z,sell,4.87e-06,32.0,0.00015584
OAX/BTC,1592408995075,2020-06-17T15:49:55.075Z,sell,4.86e-06,306.0,0.00148716
OAX/BTC,1592409099761,2020-06-17T15:51:39.761Z,sell,4.86e-06,1624.0,0.00789264
OAX/BTC,1592409099761,2020-06-17T15:51:39.761Z,sell,4.85e-06,42.0,0.0002037
OAX/BTC,1592409237030,2020-06-17T15:53:57.030Z,sell,4.85e-06,3453.0,0.01674705
OAX/BTC,1592409465317,2020-06-17T15:57:45.317Z,sell,4.85e-06,6802.0,0.0329897
OAX/BTC,1592409465317,2020-06-17T15:57:45.317Z,sell,4.84e-06,12750.0,0.06171
OAX/BTC,1592410672355,2020-06-17T16:17:52.355Z,sell,4.85e-06,678.0,0.0032883
OAX/BTC,1592410672355,2020-06-17T16:17:52.355Z,sell,4.84e-06,5056.0,0.02447104
OAX/BTC,1592410672363,2020-06-17T16:17:52.363Z,buy,4.84e-06,6595.0,0.0319198
OAX/BTC,1592410672458,2020-06-17T16:17:52.458Z,buy,4.84e-06,3663.0,0.01772892
OAX/BTC,1592410840913,2020-06-17T16:20:40.913Z,buy,4.86e-06,35.0,0.0001701
OAX/BTC,1592410840913,2020-06-17T16:20:40.913Z,buy,4.87e-06,94.0,0.0004577799999999
OAX/BTC,1592410840913,2020-06-17T16:20:40.913Z,buy,4.88e-06,564.0,0.00275232
OAX/BTC,1592410840913,2020-06-17T16:20:40.913Z,buy,4.89e-06,9299.0,0.0454721099999999
OAX/BTC,1592410840913,2020-06-17T16:20:40.913Z,buy,4.9e-06,17739.0,0.0869210999999999
OAX/BTC,1592410840954,2020-06-17T16:20:40.954Z,sell,4.9e-06,3663.0,0.0179486999999999
OAX/BTC,1592410841250,2020-06-17T16:20:41.250Z,sell,4.9e-06,186.0,0.0009113999999999
OAX/BTC,1592410868046,2020-06-17T16:21:08.046Z,sell,4.9e-06,21.0,0.0001029
OAX/BTC,1592410970089,2020-06-17T16:22:50.089Z,buy,4.91e-06,2954.0,0.0145041399999999
OAX/BTC,1592410970089,2020-06-17T16:22:50.089Z,buy,4.92e-06,9194.0,0.04523448
OAX/BTC,1592410970089,2020-06-17T16:22:50.089Z,buy,4.93e-06,47114.0,0.23227202
OAX/BTC,1592411115247,2020-06-17T16:25:15.247Z,buy,4.92e-06,346.0,0.00170232
OAX/BTC,1592411255214,2020-06-17T16:27:35.214Z,buy,4.92e-06,49.0,0.00024108
OAX/BTC,1592411378577,2020-06-17T16:29:38.577Z,sell,4.91e-06,35.0,0.0001718499999999
OAX/BTC,1592411378577,2020-06-17T16:29:38.577Z,sell,4.88e-06,132.0,0.00064416
OAX/BTC,1592411378577,2020-06-17T16:29:38.577Z,sell,4.87e-06,164.0,0.00079868
OAX/BTC,1592411410049,2020-06-17T16:30:10.049Z,buy,4.89e-06,53.0,0.00025917
OAX/BTC,1592411412116,2020-06-17T16:30:12.116Z,buy,4.89e-06,21.0,0.00010269
OAX/BTC,1592411412116,2020-06-17T16:30:12.116Z,buy,4.89e-06,21.0,0.00010269
OAX/BTC,1592412375691,2020-06-17T16:46:15.691Z,sell,4.87e-06,1383.0,0.00673521
OAX/BTC,1592412376892,2020-06-17T16:46:16.892Z,buy,4.87e-06,2019.0,0.00983253
OAX/BTC,1592412379660,2020-06-17T16:46:19.660Z,sell,4.86e-06,2526.0,0.01227636
OAX/BTC,1592412407549,2020-06-17T16:46:47.549Z,buy,4.87e-06,21.0,0.00010227
OAX/BTC,1592412608026,2020-06-17T16:50:08.026Z,buy,4.87e-06,21.0,0.00010227
OAX/BTC,1592413191051,2020-06-17T16:59:51.051Z,buy,4.88e-06,40.0,0.0001952
OAX/BTC,1592413191051,2020-06-17T16:59:51.051Z,buy,4.88e-06,40.0,0.0001952
OAX/BTC,1592415034073,2020-06-17T17:30:34.073Z,buy,4.88e-06,2038.0,0.00994544
OAX/BTC,1592415034073,2020-06-17T17:30:34.073Z,buy,4.89e-06,135.0,0.00066015
OAX/BTC,1592415074910,2020-06-17T17:31:14.910Z,buy,4.87e-06,123.0,0.00059901
OAX/BTC,1592415076330,2020-06-17T17:31:16.330Z,buy,4.87e-06,1260.0,0.0061362
OAX/BTC,1592415076341,2020-06-17T17:31:16.341Z,sell,4.87e-06,760.0,0.0037012
OAX/BTC,1592415099244,2020-06-17T17:31:39.244Z,buy,4.88e-06,61.0,0.00029768
OAX/BTC,1592415194814,2020-06-17T17:33:14.814Z,buy,4.88e-06,492.0,0.0024009599999999
OAX/BTC,1592415278983,2020-06-17T17:34:38.983Z,buy,4.88e-06,10290.0,0.0502152
OAX/BTC,1592416099519,2020-06-17T17:48:19.519Z,buy,4.88e-06,1435.0,0.0070028
OAX/BTC,1592416155055,2020-06-17T17:49:15.055Z,buy,4.88e-06,492.0,0.0024009599999999
OAX/BTC,1592416530340,2020-06-17T17:55:30.340Z,sell,4.86e-06,35.0,0.0001701
OAX/BTC,1592416530340,2020-06-17T17:55:30.340Z,sell,4.85e-06,26.0,0.0001261
OAX/BTC,1592416530340,2020-06-17T17:55:30.340Z,sell,4.86e-06,35.0,0.0001701
OAX/BTC,1592416530340,2020-06-17T17:55:30.340Z,sell,4.85e-06,26.0,0.0001261
OAX/BTC,1592417476310,2020-06-17T18:11:16.310Z,buy,4.88e-06,99.0,0.0004831199999999
OAX/BTC,1592417479184,2020-06-17T18:11:19.184Z,sell,4.88e-06,2018.0,0.00984784
OAX/BTC,1592417892450,2020-06-17T18:18:12.450Z,buy,4.89e-06,253.0,0.00123717
OAX/BTC,1592417943336,2020-06-17T18:19:03.336Z,buy,4.9e-06,150.0,0.000735
OAX/BTC,1592418012265,2020-06-17T18:20:12.265Z,buy,4.9e-06,195.0,0.0009555
OAX/BTC,1592418458956,2020-06-17T18:27:38.956Z,buy,4.89e-06,43.0,0.0002102699999999
OAX/BTC,1592418458983,2020-06-17T18:27:38.983Z,sell,4.89e-06,1605.0,0.00784845
OAX/BTC,1592418516465,2020-06-17T18:28:36.465Z,buy,4.87e-06,718.0,0.00349666
OAX/BTC,1592418518374,2020-06-17T18:28:38.374Z,buy,4.87e-06,2020.0,0.0098374
OAX/BTC,1592418518387,2020-06-17T18:28:38.387Z,buy,4.87e-06,1361.0,0.00662807
OAX/BTC,1592419026956,2020-06-17T18:37:06.956Z,buy,4.89e-06,336.0,0.00164304
OAX/BTC,1592419026956,2020-06-17T18:37:06.956Z,buy,4.9e-06,665.0,0.0032584999999999
OAX/BTC,1592419266062,2020-06-17T18:41:06.062Z,sell,4.86e-06,165.0,0.0008019
OAX/BTC,1592419266062,2020-06-17T18:41:06.062Z,sell,4.85e-06,836.0,0.0040546
OAX/BTC,1592419298052,2020-06-17T18:41:38.052Z,buy,4.88e-06,21.0,0.00010248
OAX/BTC,1592419883646,2020-06-17T18:51:23.646Z,sell,4.86e-06,333.0,0.00161838
OAX/BTC,1592419986651,2020-06-17T18:53:06.651Z,buy,4.88e-06,1001.0,0.0048848799999999
OAX/BTC,1592419986664,2020-06-17T18:53:06.664Z,buy,4.88e-06,801.0,0.00390888
OAX/BTC,1592419988165,2020-06-17T18:53:08.165Z,buy,4.88e-06,309.0,0.00150792
OAX/BTC,1592419988165,2020-06-17T18:53:08.165Z,buy,4.88e-06,309.0,0.00150792
OAX/BTC,1592422346114,2020-06-17T19:32:26.114Z,buy,4.89e-06,156.0,0.00076284
OAX/BTC,1592422347195,2020-06-17T19:32:27.195Z,sell,4.89e-06,30941.0,0.1513014899999999
OAX/BTC,1592422347274,2020-06-17T19:32:27.274Z,sell,4.89e-06,1213.0,0.00593157
OAX/BTC,1592422355596,2020-06-17T19:32:35.596Z,sell,4.86e-06,20169.0,0.09802134
OAX/BTC,1592422361681,2020-06-17T19:32:41.681Z,sell,4.85e-06,30529.0,0.14806565
OAX/BTC,1592422361694,2020-06-17T19:32:41.694Z,buy,4.85e-06,6352.0,0.0308072
OAX/BTC,1592422361776,2020-06-17T19:32:41.776Z,buy,4.85e-06,13261.0,0.06431585
OAX/BTC,1592422546184,2020-06-17T19:35:46.184Z,buy,4.88e-06,59.0,0.00028792
OAX/BTC,1592422860322,2020-06-17T19:41:00.322Z,buy,4.88e-06,308.0,0.00150304
OAX/BTC,1592423505076,2020-06-17T19:51:45.076Z,buy,4.88e-06,275.0,0.0013419999999999
OAX/BTC,1592423505076,2020-06-17T19:51:45.076Z,buy,4.88e-06,275.0,0.0013419999999999
OAX/BTC,1592423834906,2020-06-17T19:57:14.906Z,buy,4.88e-06,308.0,0.00150304
OAX/BTC,1592423866678,2020-06-17T19:57:46.678Z,sell,4.86e-06,35.0,0.0001701
OAX/BTC,1592423866691,2020-06-17T19:57:46.691Z,sell,4.85e-06,354.0,0.0017169
OAX/BTC,1592423888184,2020-06-17T19:58:08.184Z,buy,4.86e-06,21.0,0.00010206
OAX/BTC,1592423919433,2020-06-17T19:58:39.433Z,buy,4.86e-06,64.0,0.00031104
OAX/BTC,1592423957297,2020-06-17T19:59:17.297Z,sell,4.84e-06,428.0,0.00207152
OAX/BTC,1592423957326,2020-06-17T19:59:17.326Z,sell,4.83e-06,550.0,0.0026565
OAX/BTC,1592423958627,2020-06-17T19:59:18.627Z,sell,4.83e-06,381.0,0.00184023
OAX/BTC,1592423959623,2020-06-17T19:59:19.623Z,sell,4.83e-06,265.0,0.00127995
OAX/BTC,1592423973744,2020-06-17T19:59:33.744Z,sell,4.83e-06,1312.0,0.00633696
OAX/BTC,1592423977924,2020-06-17T19:59:37.924Z,sell,4.82e-06,401.0,0.0019328199999999
OAX/BTC,1592423987602,2020-06-17T19:59:47.602Z,sell,4.81e-06,1981.0,0.00952861
OAX/BTC,1592423987602,2020-06-17T19:59:47.602Z,sell,4.8e-06,25921.0,0.1244208
OAX/BTC,1592423990330,2020-06-17T19:59:50.330Z,buy,4.8e-06,2047.0,0.0098256
OAX/BTC,1592423993293,2020-06-17T19:59:53.293Z,buy,4.8e-06,621.0,0.0029808
OAX/BTC,1592423996669,2020-06-17T19:59:56.669Z,buy,4.82e-06,53.0,0.00025546
OAX/BTC,1592424004382,2020-06-17T20:00:04.382Z,buy,4.82e-06,475.0,0.0022895
OAX/BTC,1592424004382,2020-06-17T20:00:04.382Z,buy,4.83e-06,97.0,0.00046851
OAX/BTC,1592424004382,2020-06-17T20:00:04.382Z,buy,4.84e-06,35.0,0.0001694
OAX/BTC,1592424004382,2020-06-17T20:00:04.382Z,buy,4.85e-06,379.0,0.00183815
OAX/BTC,1592424018111,2020-06-17T20:00:18.111Z,buy,4.85e-06,21.0,0.00010185
OAX/BTC,1592424142934,2020-06-17T20:02:22.934Z,buy,4.84e-06,207.0,0.00100188
OAX/BTC,1592424416688,2020-06-17T20:06:56.688Z,sell,4.83e-06,97.0,0.00046851
OAX/BTC,1592424427339,2020-06-17T20:07:07.339Z,sell,4.82e-06,35.0,0.0001686999999999
OAX/BTC,1592424473547,2020-06-17T20:07:53.547Z,sell,4.8e-06,2174.0,0.0104352
OAX/BTC,1592424675316,2020-06-17T20:11:15.316Z,buy,4.82e-06,35.0,0.0001686999999999
OAX/BTC,1592424681082,2020-06-17T20:11:21.082Z,buy,4.83e-06,97.0,0.00046851
OAX/BTC,1592424765485,2020-06-17T20:12:45.485Z,buy,4.84e-06,35.0,0.0001694
OAX/BTC,1592424883560,2020-06-17T20:14:43.560Z,buy,4.85e-06,97.0,0.00047045
OAX/BTC,1592424883560,2020-06-17T20:14:43.560Z,buy,4.86e-06,76.0,0.00036936
OAX/BTC,1592424890171,2020-06-17T20:14:50.171Z,buy,4.86e-06,12.0,5.832e-05
OAX/BTC,1592424890171,2020-06-17T20:14:50.171Z,buy,4.87e-06,82.0,0.00039934
OAX/BTC,1592425465520,2020-06-17T20:24:25.520Z,buy,4.86e-06,207.0,0.00100602
OAX/BTC,1592425465520,2020-06-17T20:24:25.520Z,buy,4.87e-06,66.0,0.00032142
OAX/BTC,1592425507251,2020-06-17T20:25:07.251Z,sell,4.84e-06,483.0,0.00233772
OAX/BTC,1592425574899,2020-06-17T20:26:14.899Z,sell,4.84e-06,67.0,0.00032428
OAX/BTC,1592425576399,2020-06-17T20:26:16.399Z,buy,4.84e-06,313.0,0.00151492
OAX/BTC,1592425579203,2020-06-17T20:26:19.203Z,buy,4.84e-06,214.0,0.00103576
OAX/BTC,1592425606856,2020-06-17T20:26:46.856Z,buy,4.84e-06,53.0,0.00025652
OAX/BTC,1592425687939,2020-06-17T20:28:07.939Z,buy,4.84e-06,386.0,0.00186824
OAX/BTC,1592425687939,2020-06-17T20:28:07.939Z,buy,4.86e-06,88.0,0.00042768
OAX/BTC,1592425687939,2020-06-17T20:28:07.939Z,buy,4.87e-06,53.0,0.00025811
OAX/BTC,1592426027821,2020-06-17T20:33:47.821Z,sell,4.84e-06,458.0,0.00221672
OAX/BTC,1592426027821,2020-06-17T20:33:47.821Z,sell,4.83e-06,2698.0,0.01303134
OAX/BTC,1592426027821,2020-06-17T20:33:47.821Z,sell,4.82e-06,10640.0,0.0512848
OAX/BTC,1592426027821,2020-06-17T20:33:47.821Z,sell,4.81e-06,41807.0,0.20109167
OAX/BTC,1592426027838,2020-06-17T20:33:47.838Z,buy,4.82e-06,1718.0,0.00828076
OAX/BTC,1592426027956,2020-06-17T20:33:47.956Z,buy,4.82e-06,378.0,0.0018219599999999
OAX/BTC,1592426029414,2020-06-17T20:33:49.414Z,sell,4.82e-06,4288.0,0.0206681599999999
OAX/BTC,1592426043757,2020-06-17T20:34:03.757Z,buy,4.83e-06,21.0,0.00010143
OAX/BTC,1592426127435,2020-06-17T20:35:27.435Z,buy,4.83e-06,53.0,0.00025599
OAX/BTC,1592426227249,2020-06-17T20:37:07.249Z,buy,4.83e-06,2796.0,0.01350468
OAX/BTC,1592426227262,2020-06-17T20:37:07.262Z,buy,4.83e-06,1280.0,0.0061824
OAX/BTC,1592426238418,2020-06-17T20:37:18.418Z,buy,4.84e-06,156.0,0.00075504
OAX/BTC,1592426238936,2020-06-17T20:37:18.936Z,buy,4.84e-06,207.0,0.00100188
OAX/BTC,1592426280584,2020-06-17T20:38:00.584Z,buy,4.84e-06,1390.0,0.0067276
OAX/BTC,1592426455227,2020-06-17T20:40:55.227Z,buy,4.85e-06,118.0,0.0005723
OAX/BTC,1592426455227,2020-06-17T20:40:55.227Z,buy,4.86e-06,88.0,0.00042768
OAX/BTC,1592426455227,2020-06-17T20:40:55.227Z,buy,4.87e-06,10.0,4.87e-05
OAX/BTC,1592426455227,2020-06-17T20:40:55.227Z,buy,4.85e-06,118.0,0.0005723
OAX/BTC,1592426455227,2020-06-17T20:40:55.227Z,buy,4.86e-06,88.0,0.00042768
OAX/BTC,1592426455227,2020-06-17T20:40:55.227Z,buy,4.87e-06,10.0,4.87e-05
OAX/BTC,1592427106591,2020-06-17T20:51:46.591Z,sell,4.84e-06,17192.0,0.08320928
OAX/BTC,1592427798018,2020-06-17T21:03:18.018Z,sell,4.84e-06,2144.0,0.01037696
OAX/BTC,1592429551507,2020-06-17T21:32:31.507Z,sell,4.85e-06,204.0,0.0009894
OAX/BTC,1592429551507,2020-06-17T21:32:31.507Z,sell,4.85e-06,204.0,0.0009894
OAX/BTC,1592430088917,2020-06-17T21:41:28.917Z,buy,4.85e-06,2019.0,0.00979215
OAX/BTC,1592430488120,2020-06-17T21:48:08.120Z,sell,4.85e-06,21.0,0.00010185
OAX/BTC,1592431091159,2020-06-17T21:58:11.159Z,sell,4.85e-06,60372.0,0.2928042
OAX/BTC,1592431091159,2020-06-17T21:58:11.159Z,sell,4.85e-06,60372.0,0.2928042
OAX/BTC,1592435433645,2020-06-17T23:10:33.645Z,buy,4.86e-06,25.0,0.0001215
OAX/BTC,1592435477841,2020-06-17T23:11:17.841Z,sell,4.85e-06,1466.0,0.0071101
OAX/BTC,1592435477841,2020-06-17T23:11:17.841Z,sell,4.85e-06,1466.0,0.0071101
OAX/BTC,1592437381087,2020-06-17T23:43:01.087Z,sell,4.85e-06,5604.0,0.0271794
OAX/BTC,1592437716944,2020-06-17T23:48:36.944Z,sell,4.85e-06,6077.0,0.02947345
OAX/BTC,1592438226345,2020-06-17T23:57:06.345Z,buy,4.86e-06,10.0,4.86e-05
OAX/BTC,1592438226345,2020-06-17T23:57:06.345Z,buy,4.87e-06,20.0,9.74e-05
OAX/BTC,1592438498287,2020-06-18T00:01:38.287Z,sell,4.85e-06,4398.0,0.0213303
OAX/BTC,1592438769677,2020-06-18T00:06:09.677Z,sell,4.85e-06,29.0,0.00014065
OAX/BTC,1592438769677,2020-06-18T00:06:09.677Z,sell,4.85e-06,29.0,0.00014065
OAX/BTC,1592440482166,2020-06-18T00:34:42.166Z,buy,4.87e-06,370.0,0.0018019
OAX/BTC,1592440753703,2020-06-18T00:39:13.703Z,buy,4.88e-06,3125.0,0.01525
OAX/BTC,1592440846564,2020-06-18T00:40:46.564Z,buy,4.88e-06,21.0,0.00010248
OAX/BTC,1592441010591,2020-06-18T00:43:30.591Z,buy,4.89e-06,102.0,0.00049878
OAX/BTC,1592441062406,2020-06-18T00:44:22.406Z,buy,4.89e-06,3152.0,0.01541328
OAX/BTC,1592441204248,2020-06-18T00:46:44.248Z,buy,4.9e-06,6986.0,0.0342313999999999
OAX/BTC,1592441216412,2020-06-18T00:46:56.412Z,sell,4.9e-06,3217.0,0.0157632999999999
OAX/BTC,1592441300321,2020-06-18T00:48:20.321Z,buy,4.91e-06,21.0,0.00010311
OAX/BTC,1592441433023,2020-06-18T00:50:33.023Z,buy,4.9e-06,215.0,0.0010535
OAX/BTC,1592441433023,2020-06-18T00:50:33.023Z,buy,4.91e-06,1847.0,0.0090687699999999
OAX/BTC,1592441480282,2020-06-18T00:51:20.282Z,sell,4.89e-06,21.0,0.00010269
OAX/BTC,1592441491931,2020-06-18T00:51:31.931Z,buy,4.89e-06,77.0,0.00037653
OAX/BTC,1592441533783,2020-06-18T00:52:13.783Z,buy,4.89e-06,329.0,0.00160881
OAX/BTC,1592441569988,2020-06-18T00:52:49.988Z,sell,4.88e-06,553.0,0.00269864
OAX/BTC,1592441576753,2020-06-18T00:52:56.753Z,sell,4.88e-06,754.0,0.00367952
OAX/BTC,1592441600868,2020-06-18T00:53:20.868Z,buy,4.89e-06,103.0,0.00050367
OAX/BTC,1592441684260,2020-06-18T00:54:44.260Z,buy,4.89e-06,7855.0,0.03841095
OAX/BTC,1592441764331,2020-06-18T00:56:04.331Z,buy,4.91e-06,101.0,0.0004959099999999
OAX/BTC,1592442078125,2020-06-18T01:01:18.125Z,sell,4.9e-06,107.0,0.0005243
OAX/BTC,1592442078125,2020-06-18T01:01:18.125Z,sell,4.89e-06,17.0,8.313e-05
OAX/BTC,1592442081975,2020-06-18T01:01:21.975Z,sell,4.89e-06,619.0,0.00302691
OAX/BTC,1592442139471,2020-06-18T01:02:19.471Z,sell,4.89e-06,742.0,0.0036283799999999
OAX/BTC,1592442139677,2020-06-18T01:02:19.677Z,sell,4.89e-06,742.0,0.0036283799999999
OAX/BTC,1592442139677,2020-06-18T01:02:19.677Z,sell,4.89e-06,742.0,0.0036283799999999
OAX/BTC,1592444612098,2020-06-18T01:43:32.098Z,buy,4.91e-06,144.0,0.0007070399999999
OAX/BTC,1592444612098,2020-06-18T01:43:32.098Z,buy,4.93e-06,463.0,0.00228259
OAX/BTC,1592444612098,2020-06-18T01:43:32.098Z,buy,4.94e-06,1417.0,0.00699998
OAX/BTC,1592445163987,2020-06-18T01:52:43.987Z,sell,4.91e-06,114.0,0.00055974
OAX/BTC,1592445163987,2020-06-18T01:52:43.987Z,sell,4.91e-06,114.0,0.00055974
OAX/BTC,1592445787720,2020-06-18T02:03:07.720Z,buy,4.93e-06,126.0,0.00062118
OAX/BTC,1592445875498,2020-06-18T02:04:35.498Z,buy,4.93e-06,164.0,0.00080852
OAX/BTC,1592445875597,2020-06-18T02:04:35.597Z,sell,4.93e-06,344.0,0.00169592
OAX/BTC,1592445890530,2020-06-18T02:04:50.530Z,buy,4.94e-06,33.0,0.00016302
OAX/BTC,1592446033167,2020-06-18T02:07:13.167Z,buy,4.94e-06,21.0,0.00010374
OAX/BTC,1592446174423,2020-06-18T02:09:34.423Z,buy,4.94e-06,1013.0,0.00500422
OAX/BTC,1592446403576,2020-06-18T02:13:23.576Z,sell,4.91e-06,34.0,0.00016694
OAX/BTC,1592446419446,2020-06-18T02:13:39.446Z,buy,4.93e-06,35.0,0.00017255
OAX/BTC,1592446419446,2020-06-18T02:13:39.446Z,buy,4.94e-06,63.0,0.00031122
OAX/BTC,1592447450541,2020-06-18T02:30:50.541Z,buy,4.94e-06,544.0,0.00268736
OAX/BTC,1592447914571,2020-06-18T02:38:34.571Z,sell,4.91e-06,2282.0,0.0112046199999999
OAX/BTC,1592447914571,2020-06-18T02:38:34.571Z,sell,4.9e-06,4823.0,0.0236327
OAX/BTC,1592447914586,2020-06-18T02:38:34.586Z,buy,4.9e-06,6395.0,0.0313354999999999
OAX/BTC,1592447948265,2020-06-18T02:39:08.265Z,buy,4.93e-06,96.0,0.00047328
OAX/BTC,1592447980023,2020-06-18T02:39:40.023Z,buy,4.92e-06,52.0,0.00025584
OAX/BTC,1592447996389,2020-06-18T02:39:56.389Z,buy,4.92e-06,78.0,0.00038376
OAX/BTC,1592448175735,2020-06-18T02:42:55.735Z,buy,4.93e-06,207.0,0.00102051
OAX/BTC,1592448175735,2020-06-18T02:42:55.735Z,buy,4.94e-06,46.0,0.00022724
OAX/BTC,1592448326573,2020-06-18T02:45:26.573Z,sell,4.91e-06,35.0,0.0001718499999999
OAX/BTC,1592448326573,2020-06-18T02:45:26.573Z,sell,4.9e-06,3587.0,0.0175763
OAX/BTC,1592448335991,2020-06-18T02:45:35.991Z,buy,4.93e-06,179.0,0.00088247
OAX/BTC,1592448428578,2020-06-18T02:47:08.578Z,buy,4.94e-06,79.0,0.00039026
OAX/BTC,1592448490926,2020-06-18T02:48:10.926Z,buy,4.94e-06,71785.0,0.3546179
OAX/BTC,1592448490926,2020-06-18T02:48:10.926Z,buy,4.94e-06,71785.0,0.3546179
OAX/BTC,1592449172822,2020-06-18T02:59:32.822Z,buy,4.93e-06,178.0,0.00087754
OAX/BTC,1592449196369,2020-06-18T02:59:56.369Z,sell,4.91e-06,245.0,0.00120295
OAX/BTC,1592449237045,2020-06-18T03:00:37.045Z,buy,4.93e-06,156.0,0.00076908
OAX/BTC,1592449522311,2020-06-18T03:05:22.311Z,buy,4.93e-06,41.0,0.00020213
OAX/BTC,1592449893682,2020-06-18T03:11:33.682Z,buy,4.94e-06,96.0,0.00047424
OAX/BTC,1592450519570,2020-06-18T03:21:59.570Z,sell,4.91e-06,35.0,0.0001718499999999
OAX/BTC,1592450536416,2020-06-18T03:22:16.416Z,sell,4.9e-06,74.0,0.0003626
OAX/BTC,1592450536416,2020-06-18T03:22:16.416Z,sell,4.89e-06,29.0,0.00014181
OAX/BTC,1592450551713,2020-06-18T03:22:31.713Z,sell,4.89e-06,143.0,0.00069927
OAX/BTC,1592450554715,2020-06-18T03:22:34.715Z,buy,4.92e-06,78.0,0.00038376
OAX/BTC,1592450563172,2020-06-18T03:22:43.172Z,buy,4.92e-06,52.0,0.00025584
OAX/BTC,1592450580579,2020-06-18T03:23:00.579Z,buy,4.92e-06,27.0,0.00013284
OAX/BTC,1592450580658,2020-06-18T03:23:00.658Z,sell,4.92e-06,237.0,0.00116604
OAX/BTC,1592450622848,2020-06-18T03:23:42.848Z,sell,4.92e-06,1512.0,0.00743904
OAX/BTC,1592450622848,2020-06-18T03:23:42.848Z,sell,4.89e-06,2481.0,0.01213209
OAX/BTC,1592450622848,2020-06-18T03:23:42.848Z,sell,4.88e-06,2212.0,0.01079456
OAX/BTC,1592450680618,2020-06-18T03:24:40.618Z,buy,4.91e-06,2055.0,0.01009005
OAX/BTC,1592450974668,2020-06-18T03:29:34.668Z,buy,4.91e-06,156.0,0.0007659599999999
OAX/BTC,1592450983210,2020-06-18T03:29:43.210Z,buy,4.91e-06,22.0,0.0001080199999999
OAX/BTC,1592451023056,2020-06-18T03:30:23.056Z,buy,4.92e-06,60.0,0.0002952
OAX/BTC,1592451792834,2020-06-18T03:43:12.834Z,sell,4.91e-06,5342.0,0.0262292199999999
OAX/BTC,1592451792834,2020-06-18T03:43:12.834Z,sell,4.91e-06,5342.0,0.0262292199999999
OAX/BTC,1592452146712,2020-06-18T03:49:06.712Z,buy,4.91e-06,81.0,0.0003977099999999
OAX/BTC,1592452641745,2020-06-18T03:57:21.745Z,sell,4.89e-06,1774.0,0.00867486
OAX/BTC,1592452870518,2020-06-18T04:01:10.518Z,sell,4.89e-06,106.0,0.00051834
OAX/BTC,1592454657369,2020-06-18T04:30:57.369Z,buy,4.92e-06,3387.0,0.01666404
OAX/BTC,1592454671607,2020-06-18T04:31:11.607Z,sell,4.92e-06,402.0,0.00197784
OAX/BTC,1592454706474,2020-06-18T04:31:46.474Z,sell,4.92e-06,1785.0,0.0087822
OAX/BTC,1592454708767,2020-06-18T04:31:48.767Z,sell,4.92e-06,1226.0,0.00603192
OAX/BTC,1592454710169,2020-06-18T04:31:50.169Z,sell,4.92e-06,848.0,0.00417216
OAX/BTC,1592454712171,2020-06-18T04:31:52.171Z,sell,4.92e-06,584.0,0.00287328
OAX/BTC,1592454713666,2020-06-18T04:31:53.666Z,sell,4.92e-06,404.0,0.00198768
OAX/BTC,1592454715670,2020-06-18T04:31:55.670Z,sell,4.92e-06,278.0,0.00136776
OAX/BTC,1592455152936,2020-06-18T04:39:12.936Z,sell,4.92e-06,436.0,0.00214512
OAX/BTC,1592455152944,2020-06-18T04:39:12.944Z,sell,4.92e-06,310.0,0.0015252
OAX/BTC,1592455154280,2020-06-18T04:39:14.280Z,sell,4.92e-06,214.0,0.00105288
OAX/BTC,1592455200536,2020-06-18T04:40:00.536Z,buy,4.93e-06,126.0,0.00062118
OAX/BTC,1592455200536,2020-06-18T04:40:00.536Z,buy,4.93e-06,126.0,0.00062118
OAX/BTC,1592456193242,2020-06-18T04:56:33.242Z,sell,4.92e-06,1796.0,0.00883632
OAX/BTC,1592456193250,2020-06-18T04:56:33.250Z,sell,4.92e-06,379.0,0.00186468
OAX/BTC,1592456382664,2020-06-18T04:59:42.664Z,sell,4.91e-06,235.0,0.0011538499999999
OAX/BTC,1592457124709,2020-06-18T05:12:04.709Z,buy,4.93e-06,4845.0,0.02388585
OAX/BTC,1592457131199,2020-06-18T05:12:11.199Z,sell,4.93e-06,102.0,0.00050286
OAX/BTC,1592457132614,2020-06-18T05:12:12.614Z,sell,4.93e-06,102.0,0.00050286
OAX/BTC,1592457145277,2020-06-18T05:12:25.277Z,sell,4.93e-06,2985.0,0.01471605
OAX/BTC,1592457148383,2020-06-18T05:12:28.383Z,sell,4.93e-06,610.0,0.0030073
OAX/BTC,1592457150702,2020-06-18T05:12:30.702Z,sell,4.92e-06,63.0,0.00030996
OAX/BTC,1592457197258,2020-06-18T05:13:17.258Z,buy,4.94e-06,21.0,0.00010374
OAX/BTC,1592457241048,2020-06-18T05:14:01.048Z,buy,4.94e-06,475.0,0.0023465
OAX/BTC,1592457329925,2020-06-18T05:15:29.925Z,buy,4.94e-06,491.0,0.00242554
OAX/BTC,1592457402348,2020-06-18T05:16:42.348Z,buy,4.94e-06,424.0,0.00209456
OAX/BTC,1592457491023,2020-06-18T05:18:11.023Z,buy,4.94e-06,26087.0,0.12886978
OAX/BTC,1592457518689,2020-06-18T05:18:38.689Z,buy,4.94e-06,465.0,0.0022971
OAX/BTC,1592457605001,2020-06-18T05:20:05.001Z,buy,4.94e-06,456.0,0.00225264
OAX/BTC,1592457741731,2020-06-18T05:22:21.731Z,buy,4.94e-06,445.0,0.0021983
OAX/BTC,1592457843579,2020-06-18T05:24:03.579Z,buy,4.94e-06,501.0,0.00247494
OAX/BTC,1592457948439,2020-06-18T05:25:48.439Z,buy,4.94e-06,435.0,0.0021489
OAX/BTC,1592458511913,2020-06-18T05:35:11.913Z,buy,4.94e-06,9336.0,0.04611984
OAX/BTC,1592458511913,2020-06-18T05:35:11.913Z,buy,4.94e-06,9336.0,0.04611984
OAX/BTC,1592459315994,2020-06-18T05:48:35.994Z,buy,4.93e-06,21.0,0.00010353
OAX/BTC,1592459315994,2020-06-18T05:48:35.994Z,sell,4.92e-06,21.0,0.00010332
OAX/BTC,1592459315994,2020-06-18T05:48:35.994Z,sell,4.91e-06,30.0,0.0001472999999999
OAX/BTC,1592459315994,2020-06-18T05:48:35.994Z,sell,4.91e-06,5.0,2.455e-05
OAX/BTC,1592459315994,2020-06-18T05:48:35.994Z,sell,4.89e-06,41.0,0.00020049
OAX/BTC,1592459357652,2020-06-18T05:49:17.652Z,sell,4.91e-06,21.0,0.00010311
OAX/BTC,1592459357652,2020-06-18T05:49:17.652Z,sell,4.9e-06,103.0,0.0005047
OAX/BTC,1592459380574,2020-06-18T05:49:40.574Z,sell,4.9e-06,699.0,0.0034251
OAX/BTC,1592460532512,2020-06-18T06:08:52.512Z,buy,4.93e-06,111.0,0.00054723
OAX/BTC,1592460647176,2020-06-18T06:10:47.176Z,buy,4.93e-06,41.0,0.00020213
OAX/BTC,1592460717644,2020-06-18T06:11:57.644Z,buy,4.93e-06,31.0,0.00015283
OAX/BTC,1592462024420,2020-06-18T06:33:44.420Z,sell,4.91e-06,92.0,0.0004517199999999
OAX/BTC,1592462024420,2020-06-18T06:33:44.420Z,sell,4.9e-06,2478.0,0.0121421999999999
OAX/BTC,1592462082127,2020-06-18T06:34:42.127Z,sell,4.9e-06,1927.0,0.0094422999999999
OAX/BTC,1592462082127,2020-06-18T06:34:42.127Z,sell,4.9e-06,1927.0,0.0094422999999999
OAX/BTC,1592462281793,2020-06-18T06:38:01.793Z,sell,4.9e-06,5203.0,0.0254947
OAX/BTC,1592462319982,2020-06-18T06:38:39.982Z,buy,4.93e-06,59.0,0.00029087
OAX/BTC,1592462547398,2020-06-18T06:42:27.398Z,buy,4.93e-06,4003.0,0.01973479
OAX/BTC,1592462565308,2020-06-18T06:42:45.308Z,sell,4.93e-06,133.0,0.00065569
OAX/BTC,1592462607962,2020-06-18T06:43:27.962Z,sell,4.93e-06,1445.0,0.00712385
OAX/BTC,1592462758771,2020-06-18T06:45:58.771Z,sell,4.93e-06,300.0,0.001479
OAX/BTC,1592462759140,2020-06-18T06:45:59.140Z,sell,4.93e-06,181.0,0.00089233
OAX/BTC,1592462759551,2020-06-18T06:45:59.551Z,sell,4.93e-06,1519.0,0.00748867
OAX/BTC,1592462931098,2020-06-18T06:48:51.098Z,sell,4.93e-06,484.0,0.00238612
OAX/BTC,1592462938980,2020-06-18T06:48:58.980Z,sell,4.93e-06,285.0,0.00140505
OAX/BTC,1592463597078,2020-06-18T06:59:57.078Z,buy,4.94e-06,1035.0,0.0051129
OAX/BTC,1592463597466,2020-06-18T06:59:57.466Z,sell,4.91e-06,35.0,0.0001718499999999
OAX/BTC,1592463597466,2020-06-18T06:59:57.466Z,sell,4.9e-06,5994.0,0.0293705999999999
OAX/BTC,1592463627690,2020-06-18T07:00:27.690Z,sell,4.9e-06,10000.0,0.0489999999999999
OAX/BTC,1592463759152,2020-06-18T07:02:39.152Z,buy,4.93e-06,480.0,0.0023664
OAX/BTC,1592463759152,2020-06-18T07:02:39.152Z,buy,4.94e-06,32.0,0.00015808
OAX/BTC,1592463809067,2020-06-18T07:03:29.067Z,buy,4.94e-06,4836.0,0.02388984
OAX/BTC,1592464339242,2020-06-18T07:12:19.242Z,buy,4.94e-06,81.0,0.00040014
OAX/BTC,1592464554758,2020-06-18T07:15:54.758Z,sell,4.93e-06,82.0,0.00040426
OAX/BTC,1592464726795,2020-06-18T07:18:46.795Z,sell,4.92e-06,82.0,0.00040344
OAX/BTC,1592464726795,2020-06-18T07:18:46.795Z,sell,4.91e-06,35.0,0.0001718499999999
OAX/BTC,1592464726795,2020-06-18T07:18:46.795Z,sell,4.9e-06,3878.0,0.0190022
OAX/BTC,1592464738486,2020-06-18T07:18:58.486Z,buy,4.93e-06,35.0,0.00017255
OAX/BTC,1592464738486,2020-06-18T07:18:58.486Z,buy,4.94e-06,241.0,0.00119054
OAX/BTC,1592464738486,2020-06-18T07:18:58.486Z,buy,4.93e-06,35.0,0.00017255
OAX/BTC,1592464738486,2020-06-18T07:18:58.486Z,buy,4.94e-06,241.0,0.00119054
OAX/BTC,1592465990540,2020-06-18T07:39:50.540Z,buy,4.93e-06,1000.0,0.00493
OAX/BTC,1592465990540,2020-06-18T07:39:50.540Z,buy,4.94e-06,19000.0,0.09386
OAX/BTC,1592465990859,2020-06-18T07:39:50.859Z,buy,4.94e-06,1106.0,0.00546364
OAX/BTC,1592466179494,2020-06-18T07:42:59.494Z,buy,4.94e-06,7763.0,0.03834922
OAX/BTC,1592466179494,2020-06-18T07:42:59.494Z,buy,4.95e-06,1514.0,0.0074943
OAX/BTC,1592466203823,2020-06-18T07:43:23.823Z,sell,4.93e-06,35.0,0.00017255
OAX/BTC,1592466203823,2020-06-18T07:43:23.823Z,sell,4.91e-06,19.0,9.329e-05
OAX/BTC,1592466242262,2020-06-18T07:44:02.262Z,buy,4.94e-06,27.0,0.00013338
OAX/BTC,1592466388893,2020-06-18T07:46:28.893Z,buy,4.94e-06,21.0,0.00010374
OAX/BTC,1592466637694,2020-06-18T07:50:37.694Z,buy,4.93e-06,35.0,0.00017255
OAX/BTC,1592467078752,2020-06-18T07:57:58.752Z,buy,4.94e-06,3358.0,0.01658852
OAX/BTC,1592468200077,2020-06-18T08:16:40.077Z,buy,4.94e-06,10010.0,0.0494494
OAX/BTC,1592468200077,2020-06-18T08:16:40.077Z,buy,4.94e-06,10010.0,0.0494494
OAX/BTC,1592469302958,2020-06-18T08:35:02.958Z,buy,4.94e-06,750.0,0.003705
OAX/BTC,1592469302958,2020-06-18T08:35:02.958Z,buy,4.95e-06,21388.0,0.1058706
OAX/BTC,1592469302958,2020-06-18T08:35:02.958Z,buy,4.96e-06,18184.0,0.09019264
OAX/BTC,1592469374593,2020-06-18T08:36:14.593Z,buy,4.95e-06,72.0,0.0003564
OAX/BTC,1592469379472,2020-06-18T08:36:19.472Z,sell,4.95e-06,102.0,0.0005049
OAX/BTC,1592469384445,2020-06-18T08:36:24.445Z,sell,4.95e-06,325.0,0.00160875
OAX/BTC,1592469432172,2020-06-18T08:37:12.172Z,sell,4.95e-06,500.0,0.002475
OAX/BTC,1592469450547,2020-06-18T08:37:30.547Z,sell,4.95e-06,1853.0,0.00917235
OAX/BTC,1592469819762,2020-06-18T08:43:39.762Z,sell,4.95e-06,2000.0,0.0099
OAX/BTC,1592469852906,2020-06-18T08:44:12.906Z,buy,4.96e-06,21.0,0.00010416
OAX/BTC,1592469899982,2020-06-18T08:44:59.982Z,sell,4.95e-06,3583.0,0.01773585
OAX/BTC,1592469957155,2020-06-18T08:45:57.155Z,buy,4.96e-06,2004.0,0.00993984
OAX/BTC,1592470642606,2020-06-18T08:57:22.606Z,buy,4.96e-06,202.0,0.00100192
OAX/BTC,1592470771615,2020-06-18T08:59:31.615Z,buy,4.96e-06,81.0,0.00040176
OAX/BTC,1592471048528,2020-06-18T09:04:08.528Z,buy,4.96e-06,47651.0,0.23634896
OAX/BTC,1592471048549,2020-06-18T09:04:08.549Z,buy,4.97e-06,12044.0,0.05985868
OAX/BTC,1592471052523,2020-06-18T09:04:12.523Z,buy,4.98e-06,26457.0,0.13175586
OAX/BTC,1592471123588,2020-06-18T09:05:23.588Z,buy,4.98e-06,6012.0,0.02993976
OAX/BTC,1592471137541,2020-06-18T09:05:37.541Z,sell,4.98e-06,102.0,0.00050796
OAX/BTC,1592471383353,2020-06-18T09:09:43.353Z,buy,4.99e-06,4007.0,0.0199949299999999
OAX/BTC,1592471469405,2020-06-18T09:11:09.405Z,sell,4.98e-06,100.0,0.000498
OAX/BTC,1592471469405,2020-06-18T09:11:09.405Z,sell,4.98e-06,100.0,0.000498
OAX/BTC,1592472207239,2020-06-18T09:23:27.239Z,buy,4.99e-06,627.0,0.0031287299999999
OAX/BTC,1592472231957,2020-06-18T09:23:51.957Z,sell,4.98e-06,313.0,0.0015587399999999
OAX/BTC,1592472533975,2020-06-18T09:28:53.975Z,buy,4.99e-06,18550.0,0.0925645
OAX/BTC,1592472533975,2020-06-18T09:28:53.975Z,buy,5e-06,6825.0,0.034125
OAX/BTC,1592472551629,2020-06-18T09:29:11.629Z,buy,5e-06,414.0,0.00207
OAX/BTC,1592472551629,2020-06-18T09:29:11.629Z,buy,5.01e-06,106.0,0.00053106
OAX/BTC,1592472570724,2020-06-18T09:29:30.724Z,sell,4.99e-06,35.0,0.00017465
OAX/BTC,1592472572636,2020-06-18T09:29:32.636Z,sell,4.98e-06,63.0,0.0003137399999999
OAX/BTC,1592472572970,2020-06-18T09:29:32.970Z,sell,4.98e-06,410.0,0.0020418
OAX/BTC,1592472573015,2020-06-18T09:29:33.015Z,sell,4.98e-06,739.0,0.0036802199999999
OAX/BTC,1592472615495,2020-06-18T09:30:15.495Z,sell,4.98e-06,2237.0,0.0111402599999999
OAX/BTC,1592472615963,2020-06-18T09:30:15.963Z,sell,4.98e-06,2741.0,0.01365018
OAX/BTC,1592472615977,2020-06-18T09:30:15.977Z,sell,4.98e-06,81.0,0.00040338
OAX/BTC,1592472616493,2020-06-18T09:30:16.493Z,sell,4.98e-06,227.0,0.00113046
OAX/BTC,1592472946050,2020-06-18T09:35:46.050Z,buy,4.99e-06,49.0,0.00024451
OAX/BTC,1592472970865,2020-06-18T09:36:10.865Z,buy,4.99e-06,17.0,8.483e-05
OAX/BTC,1592472970865,2020-06-18T09:36:10.865Z,buy,5.01e-06,2689.0,0.01347189
OAX/BTC,1592472984491,2020-06-18T09:36:24.491Z,buy,5.01e-06,11825.0,0.05924325
OAX/BTC,1592473015916,2020-06-18T09:36:55.916Z,buy,5e-06,27.0,0.000135
OAX/BTC,1592473033117,2020-06-18T09:37:13.117Z,buy,5e-06,39.0,0.000195
OAX/BTC,1592473053258,2020-06-18T09:37:33.258Z,sell,4.98e-06,240.0,0.0011952
OAX/BTC,1592473053258,2020-06-18T09:37:33.258Z,sell,4.98e-06,265.0,0.0013197
OAX/BTC,1592473142790,2020-06-18T09:39:02.790Z,buy,5e-06,30.0,0.00015
OAX/BTC,1592473142804,2020-06-18T09:39:02.804Z,sell,5e-06,445.0,0.002225
OAX/BTC,1592473153737,2020-06-18T09:39:13.737Z,sell,4.98e-06,107.0,0.00053286
OAX/BTC,1592473166562,2020-06-18T09:39:26.562Z,buy,5.01e-06,12564.0,0.06294564
OAX/BTC,1592473286277,2020-06-18T09:41:26.277Z,buy,5.01e-06,16816.0,0.08424816
OAX/BTC,1592473295229,2020-06-18T09:41:35.229Z,buy,5.01e-06,21.0,0.00010521
OAX/BTC,1592473328316,2020-06-18T09:42:08.316Z,buy,5.01e-06,1057.0,0.00529557
OAX/BTC,1592473476962,2020-06-18T09:44:36.962Z,sell,5e-06,23553.0,0.117765
OAX/BTC,1592473476962,2020-06-18T09:44:36.962Z,sell,4.99e-06,148.0,0.00073852
OAX/BTC,1592473476962,2020-06-18T09:44:36.962Z,sell,4.99e-06,84.0,0.0004191599999999
OAX/BTC,1592473481142,2020-06-18T09:44:41.142Z,buy,5e-06,5889.0,0.029445
OAX/BTC,1592473516945,2020-06-18T09:45:16.945Z,buy,5e-06,4980.0,0.0249
OAX/BTC,1592473517516,2020-06-18T09:45:17.516Z,buy,5e-06,340.0,0.0017
OAX/BTC,1592473571203,2020-06-18T09:46:11.203Z,buy,5e-06,2729.0,0.013645
OAX/BTC,1592473588201,2020-06-18T09:46:28.201Z,sell,4.99e-06,13489.0,0.0673101099999999
OAX/BTC,1592473591517,2020-06-18T09:46:31.517Z,sell,4.98e-06,33871.0,0.16867758
OAX/BTC,1592473664708,2020-06-18T09:47:44.708Z,sell,4.97e-06,35.0,0.00017395
OAX/BTC,1592473664708,2020-06-18T09:47:44.708Z,sell,4.96e-06,23441.0,0.11626736
OAX/BTC,1592473664708,2020-06-18T09:47:44.708Z,sell,4.96e-06,40.0,0.0001984
OAX/BTC,1592473727840,2020-06-18T09:48:47.840Z,buy,4.99e-06,35.0,0.00017465
OAX/BTC,1592473871626,2020-06-18T09:51:11.626Z,sell,4.97e-06,35.0,0.00017395
OAX/BTC,1592473871626,2020-06-18T09:51:11.626Z,sell,4.96e-06,23440.0,0.1162624
OAX/BTC,1592473900933,2020-06-18T09:51:40.933Z,sell,4.96e-06,5906.0,0.02929376
OAX/BTC,1592473908770,2020-06-18T09:51:48.770Z,buy,4.99e-06,35.0,0.00017465
OAX/BTC,1592474115481,2020-06-18T09:55:15.481Z,buy,4.99e-06,42.0,0.0002095799999999
OAX/BTC,1592474449304,2020-06-18T10:00:49.304Z,sell,4.97e-06,35.0,0.00017395
OAX/BTC,1592474449304,2020-06-18T10:00:49.304Z,sell,4.96e-06,929.0,0.00460784
OAX/BTC,1592474539324,2020-06-18T10:02:19.324Z,buy,4.99e-06,21.0,0.0001047899999999
OAX/BTC,1592474628950,2020-06-18T10:03:48.950Z,sell,4.98e-06,21.0,0.0001045799999999
OAX/BTC,1592474628950,2020-06-18T10:03:48.950Z,sell,4.96e-06,454.0,0.00225184
OAX/BTC,1592474890039,2020-06-18T10:08:10.039Z,sell,4.96e-06,49.0,0.00024304
OAX/BTC,1592474906324,2020-06-18T10:08:26.324Z,sell,4.96e-06,511.0,0.00253456
OAX/BTC,1592474928182,2020-06-18T10:08:48.182Z,sell,4.96e-06,1947.0,0.00965712
OAX/BTC,1592475025467,2020-06-18T10:10:25.467Z,sell,4.96e-06,606.0,0.00300576
OAX/BTC,1592475025467,2020-06-18T10:10:25.467Z,sell,4.96e-06,606.0,0.00300576
OAX/BTC,1592475151388,2020-06-18T10:12:31.388Z,sell,4.96e-06,511.0,0.00253456
OAX/BTC,1592475232390,2020-06-18T10:13:52.390Z,sell,4.96e-06,3976.0,0.01972096
OAX/BTC,1592475452337,2020-06-18T10:17:32.337Z,sell,4.96e-06,1850.0,0.009176
OAX/BTC,1592475452337,2020-06-18T10:17:32.337Z,sell,4.95e-06,205.0,0.00101475
OAX/BTC,1592475452337,2020-06-18T10:17:32.337Z,sell,4.94e-06,4987.0,0.02463578
OAX/BTC,1592475452337,2020-06-18T10:17:32.337Z,sell,4.93e-06,2226.0,0.01097418
OAX/BTC,1592475454704,2020-06-18T10:17:34.704Z,sell,4.94e-06,31.0,0.00015314
OAX/BTC,1592475456235,2020-06-18T10:17:36.235Z,buy,4.95e-06,35.0,0.00017325
OAX/BTC,1592475495609,2020-06-18T10:18:15.609Z,buy,4.96e-06,125.0,0.00062
OAX/BTC,1592475566645,2020-06-18T10:19:26.645Z,buy,4.96e-06,3.0,1.488e-05
OAX/BTC,1592475597305,2020-06-18T10:19:57.305Z,buy,4.97e-06,35.0,0.00017395
OAX/BTC,1592476410217,2020-06-18T10:33:30.217Z,buy,4.97e-06,35.0,0.00017395
OAX/BTC,1592477802430,2020-06-18T10:56:42.430Z,buy,4.98e-06,53.0,0.00026394
OAX/BTC,1592478323155,2020-06-18T11:05:23.155Z,buy,4.99e-06,423.0,0.0021107699999999
OAX/BTC,1592478374102,2020-06-18T11:06:14.102Z,buy,4.99e-06,21.0,0.0001047899999999
OAX/BTC,1592478374102,2020-06-18T11:06:14.102Z,buy,4.99e-06,21.0,0.0001047899999999
OAX/BTC,1592478706321,2020-06-18T11:11:46.321Z,buy,4.99e-06,18187.0,0.0907531299999999
OAX/BTC,1592478833586,2020-06-18T11:13:53.586Z,buy,4.99e-06,81.0,0.0004041899999999
OAX/BTC,1592479241715,2020-06-18T11:20:41.715Z,sell,4.98e-06,81.0,0.00040338
OAX/BTC,1592479268128,2020-06-18T11:21:08.128Z,buy,4.98e-06,21.0,0.0001045799999999
OAX/BTC,1592479306537,2020-06-18T11:21:46.537Z,sell,4.97e-06,35.0,0.00017395
OAX/BTC,1592479306537,2020-06-18T11:21:46.537Z,sell,4.96e-06,1881.0,0.00932976
OAX/BTC,1592479942880,2020-06-18T11:32:22.880Z,sell,4.97e-06,81.0,0.00040257
OAX/BTC,1592479943188,2020-06-18T11:32:23.188Z,sell,4.96e-06,1105.0,0.0054808
OAX/BTC,1592479960564,2020-06-18T11:32:40.564Z,sell,4.96e-06,2000.0,0.00992
OAX/BTC,1592479966158,2020-06-18T11:32:46.158Z,sell,4.96e-06,883.0,0.00437968
OAX/BTC,1592479982805,2020-06-18T11:33:02.805Z,sell,4.95e-06,7036.0,0.0348282
OAX/BTC,1592480006917,2020-06-18T11:33:26.917Z,buy,4.97e-06,35.0,0.00017395
OAX/BTC,1592480112685,2020-06-18T11:35:12.685Z,buy,4.97e-06,5955.0,0.02959635
OAX/BTC,1592480230723,2020-06-18T11:37:10.723Z,buy,4.99e-06,8016.0,0.0399998399999999
OAX/BTC,1592480676479,2020-06-18T11:44:36.479Z,buy,4.99e-06,49.0,0.00024451
OAX/BTC,1592481360472,2020-06-18T11:56:00.472Z,buy,4.99e-06,4877.0,0.0243362299999999
OAX/BTC,1592481360791,2020-06-18T11:56:00.791Z,buy,4.99e-06,1769.0,0.00882731
OAX/BTC,1592481361267,2020-06-18T11:56:01.267Z,buy,4.99e-06,212.0,0.00105788
OAX/BTC,1592481361267,2020-06-18T11:56:01.267Z,buy,4.99e-06,212.0,0.00105788
OAX/BTC,1592481992035,2020-06-18T12:06:32.035Z,buy,4.99e-06,1870.0,0.0093312999999999
OAX/BTC,1592482440565,2020-06-18T12:14:00.565Z,sell,4.99e-06,243.0,0.0012125699999999
OAX/BTC,1592482716565,2020-06-18T12:18:36.565Z,buy,5e-06,4000.0,0.02
OAX/BTC,1592482738895,2020-06-18T12:18:58.895Z,buy,5e-06,1219.0,0.006095
OAX/BTC,1592482961137,2020-06-18T12:22:41.137Z,buy,5e-06,13105.0,0.065525
OAX/BTC,1592483054875,2020-06-18T12:24:14.875Z,sell,4.99e-06,314.0,0.00156686
OAX/BTC,1592483325700,2020-06-18T12:28:45.700Z,sell,4.99e-06,8462.0,0.04222538
OAX/BTC,1592483325700,2020-06-18T12:28:45.700Z,sell,4.97e-06,35.0,0.00017395
OAX/BTC,1592483325700,2020-06-18T12:28:45.700Z,sell,4.96e-06,5145.0,0.0255192
OAX/BTC,1592483372163,2020-06-18T12:29:32.163Z,sell,4.95e-06,9123.0,0.04515885
OAX/BTC,1592483372163,2020-06-18T12:29:32.163Z,sell,4.94e-06,122.0,0.00060268
OAX/BTC,1592483372163,2020-06-18T12:29:32.163Z,sell,4.93e-06,31266.0,0.15414138
OAX/BTC,1592483372242,2020-06-18T12:29:32.242Z,buy,4.93e-06,4344.0,0.02141592
OAX/BTC,1592483372402,2020-06-18T12:29:32.402Z,buy,4.93e-06,14000.0,0.06902
OAX/BTC,1592483421830,2020-06-18T12:30:21.830Z,buy,4.93e-06,188.0,0.00092684
OAX/BTC,1592483443714,2020-06-18T12:30:43.714Z,buy,4.93e-06,273.0,0.00134589
OAX/BTC,1592483468123,2020-06-18T12:31:08.123Z,buy,4.93e-06,21.0,0.00010353
OAX/BTC,1592483484012,2020-06-18T12:31:24.012Z,buy,4.93e-06,28106.0,0.13856258
OAX/BTC,1592483489538,2020-06-18T12:31:29.538Z,buy,4.95e-06,128.0,0.0006336
OAX/BTC,1592483489538,2020-06-18T12:31:29.538Z,buy,4.96e-06,202.0,0.00100192
OAX/BTC,1592483489538,2020-06-18T12:31:29.538Z,buy,4.97e-06,9110.0,0.0452766999999999
OAX/BTC,1592483506491,2020-06-18T12:31:46.491Z,buy,4.98e-06,15944.0,0.0794011199999999
OAX/BTC,1592483507795,2020-06-18T12:31:47.795Z,buy,4.98e-06,12309.0,0.06129882
OAX/BTC,1592483516920,2020-06-18T12:31:56.920Z,buy,4.99e-06,10020.0,0.0499998
OAX/BTC,1592483518949,2020-06-18T12:31:58.949Z,buy,4.99e-06,3174.0,0.01583826
OAX/BTC,1592483520283,2020-06-18T12:32:00.283Z,buy,4.99e-06,1846.0,0.0092115399999999
OAX/BTC,1592483532480,2020-06-18T12:32:12.480Z,buy,4.99e-06,514.0,0.00256486
OAX/BTC,1592483548244,2020-06-18T12:32:28.244Z,buy,4.99e-06,4822.0,0.0240617799999999
OAX/BTC,1592483612363,2020-06-18T12:33:32.363Z,buy,5e-06,595.0,0.002975
OAX/BTC,1592483626911,2020-06-18T12:33:46.911Z,buy,5e-06,6107.0,0.030535
OAX/BTC,1592483640174,2020-06-18T12:34:00.174Z,buy,5e-06,732.0,0.00366
OAX/BTC,1592483650854,2020-06-18T12:34:10.854Z,buy,5e-06,15279.0,0.076395
OAX/BTC,1592483650854,2020-06-18T12:34:10.854Z,buy,5.01e-06,79245.0,0.39701745
OAX/BTC,1592483660670,2020-06-18T12:34:20.670Z,buy,5e-06,4363.0,0.021815
OAX/BTC,1592483693063,2020-06-18T12:34:53.063Z,buy,5e-06,17386.0,0.08693
OAX/BTC,1592483693063,2020-06-18T12:34:53.063Z,buy,5.01e-06,129046.0,0.6465204600000001
OAX/BTC,1592483694634,2020-06-18T12:34:54.634Z,buy,5.01e-06,1175.0,0.00588675
OAX/BTC,1592483774671,2020-06-18T12:36:14.671Z,buy,5.02e-06,4219.0,0.02117938
OAX/BTC,1592483860578,2020-06-18T12:37:40.578Z,buy,5.02e-06,1014.0,0.00509028
OAX/BTC,1592483891235,2020-06-18T12:38:11.235Z,buy,5.02e-06,2668.0,0.01339336
OAX/BTC,1592483911083,2020-06-18T12:38:31.083Z,buy,5.02e-06,224.0,0.00112448
OAX/BTC,1592483964035,2020-06-18T12:39:24.035Z,buy,5.02e-06,8403.0,0.04218306
OAX/BTC,1592483989436,2020-06-18T12:39:49.436Z,buy,5.03e-06,435.0,0.00218805
OAX/BTC,1592483990246,2020-06-18T12:39:50.246Z,buy,5.03e-06,540.0,0.0027162
OAX/BTC,1592484007540,2020-06-18T12:40:07.540Z,buy,5.03e-06,33955.0,0.17079365
OAX/BTC,1592484020860,2020-06-18T12:40:20.860Z,buy,5.03e-06,5558.0,0.02795674
OAX/BTC,1592484070611,2020-06-18T12:41:10.611Z,buy,5.04e-06,7936.0,0.03999744
OAX/BTC,1592484075958,2020-06-18T12:41:15.958Z,buy,5.04e-06,3225.0,0.016254
OAX/BTC,1592484076827,2020-06-18T12:41:16.827Z,sell,5.03e-06,349.0,0.00175547
OAX/BTC,1592484094163,2020-06-18T12:41:34.163Z,buy,5.04e-06,22.0,0.00011088
OAX/BTC,1592484094232,2020-06-18T12:41:34.232Z,buy,5.04e-06,40.0,0.0002016
OAX/BTC,1592484094236,2020-06-18T12:41:34.236Z,buy,5.04e-06,40.0,0.0002016
OAX/BTC,1592484094237,2020-06-18T12:41:34.237Z,buy,5.04e-06,21.0,0.00010584
OAX/BTC,1592484094245,2020-06-18T12:41:34.245Z,buy,5.04e-06,21.0,0.00010584
OAX/BTC,1592484094248,2020-06-18T12:41:34.248Z,buy,5.04e-06,40.0,0.0002016
OAX/BTC,1592484094255,2020-06-18T12:41:34.255Z,buy,5.04e-06,21.0,0.00010584
OAX/BTC,1592484094261,2020-06-18T12:41:34.261Z,buy,5.04e-06,40.0,0.0002016
OAX/BTC,1592484094300,2020-06-18T12:41:34.300Z,buy,5.04e-06,22.0,0.00011088
OAX/BTC,1592484101904,2020-06-18T12:41:41.904Z,buy,5.04e-06,608.0,0.00306432
OAX/BTC,1592484101938,2020-06-18T12:41:41.938Z,sell,5.04e-06,265.0,0.0013356
OAX/BTC,1592484131951,2020-06-18T12:42:11.951Z,buy,5.05e-06,20.0,0.000101
OAX/BTC,1592484143458,2020-06-18T12:42:23.458Z,sell,5.03e-06,975.0,0.00490425
OAX/BTC,1592484143458,2020-06-18T12:42:23.458Z,sell,5.03e-06,23.0,0.00011569
OAX/BTC,1592484187093,2020-06-18T12:43:07.093Z,sell,5.03e-06,1364.0,0.00686092
OAX/BTC,1592484203746,2020-06-18T12:43:23.746Z,buy,5.04e-06,5964.0,0.03005856
OAX/BTC,1592484282616,2020-06-18T12:44:42.616Z,buy,5.04e-06,1501.0,0.00756504
OAX/BTC,1592484290217,2020-06-18T12:44:50.217Z,sell,5.03e-06,10699.0,0.05381597
OAX/BTC,1592484309051,2020-06-18T12:45:09.051Z,sell,5.03e-06,1000.0,0.00503
OAX/BTC,1592484316092,2020-06-18T12:45:16.092Z,buy,5.04e-06,24.0,0.00012096
OAX/BTC,1592484443576,2020-06-18T12:47:23.576Z,buy,5.04e-06,199.0,0.00100296
OAX/BTC,1592484533338,2020-06-18T12:48:53.338Z,buy,5.04e-06,794.0,0.00400176
OAX/BTC,1592484533594,2020-06-18T12:48:53.594Z,buy,5.04e-06,199.0,0.00100296
OAX/BTC,1592484534115,2020-06-18T12:48:54.115Z,buy,5.04e-06,199.0,0.00100296
OAX/BTC,1592484534283,2020-06-18T12:48:54.283Z,buy,5.04e-06,199.0,0.00100296
OAX/BTC,1592484535807,2020-06-18T12:48:55.807Z,buy,5.04e-06,55.0,0.0002772
OAX/BTC,1592484535835,2020-06-18T12:48:55.835Z,buy,5.04e-06,298.0,0.00150192
OAX/BTC,1592484535913,2020-06-18T12:48:55.913Z,buy,5.04e-06,266.0,0.00134064
OAX/BTC,1592484536486,2020-06-18T12:48:56.486Z,buy,5.04e-06,2580.0,0.0130032
OAX/BTC,1592484536565,2020-06-18T12:48:56.565Z,buy,5.04e-06,596.0,0.00300384
OAX/BTC,1592484536741,2020-06-18T12:48:56.741Z,buy,5.04e-06,1588.0,0.00800352
OAX/BTC,1592484536796,2020-06-18T12:48:56.796Z,buy,5.04e-06,397.0,0.00200088
OAX/BTC,1592484536964,2020-06-18T12:48:56.964Z,buy,5.04e-06,397.0,0.00200088
OAX/BTC,1592484537068,2020-06-18T12:48:57.068Z,buy,5.04e-06,199.0,0.00100296
OAX/BTC,1592484537147,2020-06-18T12:48:57.147Z,buy,5.04e-06,993.0,0.00500472
OAX/BTC,1592484537166,2020-06-18T12:48:57.166Z,buy,5.04e-06,1985.0,0.0100044
OAX/BTC,1592484537206,2020-06-18T12:48:57.206Z,buy,5.04e-06,199.0,0.00100296
OAX/BTC,1592484537240,2020-06-18T12:48:57.240Z,buy,5.04e-06,993.0,0.00500472
OAX/BTC,1592484537240,2020-06-18T12:48:57.240Z,buy,5.04e-06,516.0,0.00260064
OAX/BTC,1592484537288,2020-06-18T12:48:57.288Z,buy,5.04e-06,437.0,0.00220248
OAX/BTC,1592484537292,2020-06-18T12:48:57.292Z,buy,5.04e-06,108.0,0.00054432
OAX/BTC,1592484537298,2020-06-18T12:48:57.298Z,buy,5.04e-06,338.0,0.00170352
OAX/BTC,1592484537304,2020-06-18T12:48:57.304Z,buy,5.04e-06,1759.0,0.00886536
OAX/BTC,1592484537454,2020-06-18T12:48:57.454Z,buy,5.05e-06,199.0,0.00100495
OAX/BTC,1592484537483,2020-06-18T12:48:57.483Z,buy,5.05e-06,1985.0,0.01002425
OAX/BTC,1592484537889,2020-06-18T12:48:57.889Z,buy,5.05e-06,100.0,0.000505
OAX/BTC,1592484537902,2020-06-18T12:48:57.902Z,buy,5.05e-06,21.0,0.00010605
OAX/BTC,1592484581601,2020-06-18T12:49:41.601Z,buy,5.05e-06,990.0,0.0049995
OAX/BTC,1592484615669,2020-06-18T12:50:15.669Z,buy,5.05e-06,1981.0,0.01000405
OAX/BTC,1592484615715,2020-06-18T12:50:15.715Z,buy,5.05e-06,397.0,0.00200485
OAX/BTC,1592484615731,2020-06-18T12:50:15.731Z,buy,5.05e-06,19802.0,0.1000001
OAX/BTC,1592484615733,2020-06-18T12:50:15.733Z,buy,5.05e-06,595.0,0.00300475
OAX/BTC,1592484615813,2020-06-18T12:50:15.813Z,buy,5.05e-06,595.0,0.00300475
OAX/BTC,1592484615883,2020-06-18T12:50:15.883Z,buy,5.05e-06,159.0,0.00080295
OAX/BTC,1592484616009,2020-06-18T12:50:16.009Z,buy,5.05e-06,991.0,0.00500455
OAX/BTC,1592484616036,2020-06-18T12:50:16.036Z,buy,5.05e-06,2575.0,0.01300375
OAX/BTC,1592484616161,2020-06-18T12:50:16.161Z,buy,5.05e-06,199.0,0.00100495
OAX/BTC,1592484616209,2020-06-18T12:50:16.209Z,buy,5.05e-06,1981.0,0.01000405
OAX/BTC,1592484616220,2020-06-18T12:50:16.220Z,buy,5.05e-06,397.0,0.00200485
OAX/BTC,1592484616239,2020-06-18T12:50:16.239Z,buy,5.05e-06,119.0,0.0006009499999999
OAX/BTC,1592484616245,2020-06-18T12:50:16.245Z,buy,5.05e-06,793.0,0.00400465
OAX/BTC,1592484616289,2020-06-18T12:50:16.289Z,buy,5.05e-06,66.0,0.0003332999999999
OAX/BTC,1592484616411,2020-06-18T12:50:16.411Z,buy,5.05e-06,4425.0,0.0223462499999999
OAX/BTC,1592484616667,2020-06-18T12:50:16.667Z,buy,5.05e-06,199.0,0.00100495
OAX/BTC,1592484616680,2020-06-18T12:50:16.680Z,buy,5.05e-06,2460.0,0.012423
OAX/BTC,1592484676811,2020-06-18T12:51:16.811Z,buy,5.06e-06,3188.0,0.0161312799999999
OAX/BTC,1592484678248,2020-06-18T12:51:18.248Z,buy,5.06e-06,1498.0,0.00757988
OAX/BTC,1592484678720,2020-06-18T12:51:18.720Z,buy,5.06e-06,297.0,0.00150282
OAX/BTC,1592484679298,2020-06-18T12:51:19.298Z,buy,5.06e-06,40.0,0.0002024
OAX/BTC,1592484679389,2020-06-18T12:51:19.389Z,buy,5.06e-06,22.0,0.00011132
OAX/BTC,1592484679503,2020-06-18T12:51:19.503Z,buy,5.06e-06,20.0,0.0001012
OAX/BTC,1592484679505,2020-06-18T12:51:19.505Z,buy,5.06e-06,40.0,0.0002024
OAX/BTC,1592484679572,2020-06-18T12:51:19.572Z,buy,5.06e-06,20.0,0.0001012
OAX/BTC,1592484679839,2020-06-18T12:51:19.839Z,buy,5.06e-06,22.0,0.00011132
OAX/BTC,1592484680033,2020-06-18T12:51:20.033Z,buy,5.06e-06,40.0,0.0002024
OAX/BTC,1592484681867,2020-06-18T12:51:21.867Z,buy,5.06e-06,20.0,0.0001012
OAX/BTC,1592484682551,2020-06-18T12:51:22.551Z,buy,5.06e-06,332.0,0.00167992
OAX/BTC,1592484687214,2020-06-18T12:51:27.214Z,buy,5.06e-06,19594.0,0.09914564
OAX/BTC,1592484703849,2020-06-18T12:51:43.849Z,buy,5.06e-06,40.0,0.0002024
OAX/BTC,1592484811141,2020-06-18T12:53:31.141Z,buy,5.06e-06,592.0,0.0029955199999999
OAX/BTC,1592484827017,2020-06-18T12:53:47.017Z,buy,5.06e-06,1820.0,0.0092091999999999
OAX/BTC,1592484913419,2020-06-18T12:55:13.419Z,buy,5.06e-06,3447.0,0.01744182
OAX/BTC,1592484921880,2020-06-18T12:55:21.880Z,sell,5.06e-06,23381.0,0.11830786
OAX/BTC,1592484941297,2020-06-18T12:55:41.297Z,buy,5.07e-06,2172.0,0.0110120399999999
OAX/BTC,1592484941879,2020-06-18T12:55:41.879Z,sell,5.06e-06,27156.0,0.13740936
OAX/BTC,1592484941879,2020-06-18T12:55:41.879Z,sell,5.06e-06,27156.0,0.13740936
OAX/BTC,1592484976744,2020-06-18T12:56:16.744Z,sell,5.05e-06,324.0,0.0016362
OAX/BTC,1592484976744,2020-06-18T12:56:16.744Z,sell,5.05e-06,301.0,0.00152005
OAX/BTC,1592485001901,2020-06-18T12:56:41.901Z,sell,5.05e-06,1022.0,0.0051611
OAX/BTC,1592485035504,2020-06-18T12:57:15.504Z,buy,5.07e-06,20.0,0.0001014
OAX/BTC,1592485075172,2020-06-18T12:57:55.172Z,buy,5.07e-06,4253.0,0.02156271
OAX/BTC,1592485104696,2020-06-18T12:58:24.696Z,buy,5.07e-06,1668.0,0.0084567599999999
OAX/BTC,1592485189039,2020-06-18T12:59:49.039Z,buy,5.06e-06,20.0,0.0001012
OAX/BTC,1592485203404,2020-06-18T13:00:03.404Z,sell,5.05e-06,114488.0,0.5781644
OAX/BTC,1592485205470,2020-06-18T13:00:05.470Z,sell,5.05e-06,3055.0,0.01542775
OAX/BTC,1592485205555,2020-06-18T13:00:05.555Z,sell,5.04e-06,35923.0,0.18105192
OAX/BTC,1592485209154,2020-06-18T13:00:09.154Z,sell,5.04e-06,1305.0,0.0065772
OAX/BTC,1592485215377,2020-06-18T13:00:15.377Z,sell,5.04e-06,15084.0,0.07602336
OAX/BTC,1592485217318,2020-06-18T13:00:17.318Z,sell,5.03e-06,35.0,0.00017605
OAX/BTC,1592485217318,2020-06-18T13:00:17.318Z,sell,5.02e-06,97.0,0.00048694
OAX/BTC,1592485217318,2020-06-18T13:00:17.318Z,sell,5.01e-06,4950.0,0.0247995
OAX/BTC,1592485217318,2020-06-18T13:00:17.318Z,sell,5.01e-06,54.0,0.00027054
OAX/BTC,1592485217415,2020-06-18T13:00:17.415Z,sell,5.01e-06,105.0,0.00052605
OAX/BTC,1592485217727,2020-06-18T13:00:17.727Z,sell,5.01e-06,340.0,0.0017034
OAX/BTC,1592485218088,2020-06-18T13:00:18.088Z,sell,5.01e-06,997.0,0.00499497
OAX/BTC,1592485218088,2020-06-18T13:00:18.088Z,sell,5e-06,12094.0,0.06047
OAX/BTC,1592485221467,2020-06-18T13:00:21.467Z,sell,5e-06,11946.0,0.05973
OAX/BTC,1592485222055,2020-06-18T13:00:22.055Z,buy,5.01e-06,1948.0,0.00975948
OAX/BTC,1592485227533,2020-06-18T13:00:27.533Z,buy,5.03e-06,35.0,0.00017605
OAX/BTC,1592485245932,2020-06-18T13:00:45.932Z,buy,5.04e-06,199.0,0.00100296
OAX/BTC,1592485246974,2020-06-18T13:00:46.974Z,buy,5.04e-06,60.0,0.0003024
OAX/BTC,1592485260027,2020-06-18T13:01:00.027Z,buy,5.04e-06,40.0,0.0002016
OAX/BTC,1592485260408,2020-06-18T13:01:00.408Z,buy,5.04e-06,199.0,0.00100296
OAX/BTC,1592485276126,2020-06-18T13:01:16.126Z,sell,5.03e-06,20.0,0.0001006
OAX/BTC,1592485276126,2020-06-18T13:01:16.126Z,sell,5.01e-06,494.0,0.00247494
OAX/BTC,1592485313024,2020-06-18T13:01:53.024Z,buy,5.03e-06,35.0,0.00017605
OAX/BTC,1592485448383,2020-06-18T13:04:08.383Z,buy,5.03e-06,2271.0,0.01142313
OAX/BTC,1592485490042,2020-06-18T13:04:50.042Z,buy,5.03e-06,332.0,0.00166996
OAX/BTC,1592485520726,2020-06-18T13:05:20.726Z,sell,5.02e-06,39.0,0.00019578
OAX/BTC,1592485599368,2020-06-18T13:06:39.368Z,sell,5.02e-06,4817.0,0.02418134
OAX/BTC,1592485635158,2020-06-18T13:07:15.158Z,sell,5.02e-06,292.0,0.00146584
OAX/BTC,1592485651024,2020-06-18T13:07:31.024Z,buy,5.03e-06,21.0,0.00010563
OAX/BTC,1592485779471,2020-06-18T13:09:39.471Z,buy,5.03e-06,1296.0,0.00651888
OAX/BTC,1592485811663,2020-06-18T13:10:11.663Z,sell,5.03e-06,730.0,0.0036719
OAX/BTC,1592485853949,2020-06-18T13:10:53.949Z,sell,5.02e-06,315.0,0.0015813
OAX/BTC,1592485853949,2020-06-18T13:10:53.949Z,sell,5.01e-06,22606.0,0.11325606
OAX/BTC,1592486114784,2020-06-18T13:15:14.784Z,buy,5.03e-06,238.0,0.00119714
OAX/BTC,1592486114784,2020-06-18T13:15:14.784Z,buy,5.04e-06,69.0,0.00034776
OAX/BTC,1592486114784,2020-06-18T13:15:14.784Z,buy,5.05e-06,11177.0,0.05644385
OAX/BTC,1592486148839,2020-06-18T13:15:48.839Z,buy,5.06e-06,22.0,0.00011132
OAX/BTC,1592486149020,2020-06-18T13:15:49.020Z,buy,5.06e-06,22.0,0.00011132
OAX/BTC,1592486149047,2020-06-18T13:15:49.047Z,buy,5.06e-06,40.0,0.0002024
OAX/BTC,1592486149050,2020-06-18T13:15:49.050Z,buy,5.06e-06,40.0,0.0002024
OAX/BTC,1592486149057,2020-06-18T13:15:49.057Z,buy,5.06e-06,20.0,0.0001012
OAX/BTC,1592486149072,2020-06-18T13:15:49.072Z,buy,5.06e-06,40.0,0.0002024
OAX/BTC,1592486149085,2020-06-18T13:15:49.085Z,buy,5.06e-06,40.0,0.0002024
OAX/BTC,1592486149177,2020-06-18T13:15:49.177Z,buy,5.06e-06,20.0,0.0001012
OAX/BTC,1592486149581,2020-06-18T13:15:49.581Z,buy,5.06e-06,20.0,0.0001012
OAX/BTC,1592486233589,2020-06-18T13:17:13.589Z,buy,5.06e-06,20.0,0.0001012
OAX/BTC,1592486320039,2020-06-18T13:18:40.039Z,buy,5.06e-06,12000.0,0.0607199999999999
OAX/BTC,1592486329756,2020-06-18T13:18:49.756Z,buy,5.06e-06,3044.0,0.0154026399999999
OAX/BTC,1592486348100,2020-06-18T13:19:08.100Z,sell,5.06e-06,20.0,0.0001012
OAX/BTC,1592486404174,2020-06-18T13:20:04.174Z,sell,5.06e-06,3354.0,0.01697124
OAX/BTC,1592486436319,2020-06-18T13:20:36.319Z,buy,5.06e-06,7516.0,0.0380309599999999
OAX/BTC,1592486436337,2020-06-18T13:20:36.337Z,sell,5.06e-06,2417.0,0.01223002
OAX/BTC,1592486445092,2020-06-18T13:20:45.092Z,sell,5.06e-06,2067.0,0.01045902
OAX/BTC,1592486540548,2020-06-18T13:22:20.548Z,buy,5.06e-06,40.0,0.0002024
OAX/BTC,1592486540603,2020-06-18T13:22:20.603Z,buy,5.06e-06,20.0,0.0001012
OAX/BTC,1592486603054,2020-06-18T13:23:23.054Z,buy,5.06e-06,1932.0,0.00977592
OAX/BTC,1592486688798,2020-06-18T13:24:48.798Z,buy,5.06e-06,20.0,0.0001012
OAX/BTC,1592486710803,2020-06-18T13:25:10.803Z,buy,5.06e-06,34.0,0.0001720399999999
OAX/BTC,1592486722368,2020-06-18T13:25:22.368Z,buy,5.06e-06,22.0,0.00011132
OAX/BTC,1592486727717,2020-06-18T13:25:27.717Z,buy,5.06e-06,2966.0,0.0150079599999999
OAX/BTC,1592486837940,2020-06-18T13:27:17.940Z,sell,5.05e-06,1176.0,0.0059388
OAX/BTC,1592486877808,2020-06-18T13:27:57.808Z,sell,5.05e-06,3615.0,0.01825575
OAX/BTC,1592486888114,2020-06-18T13:28:08.114Z,buy,5.05e-06,20.0,0.000101
OAX/BTC,1592486945317,2020-06-18T13:29:05.317Z,buy,5.05e-06,39.0,0.00019695
OAX/BTC,1592487081222,2020-06-18T13:31:21.222Z,buy,5.06e-06,20.0,0.0001012
OAX/BTC,1592487109387,2020-06-18T13:31:49.387Z,buy,5.06e-06,1384.0,0.0070030399999999
OAX/BTC,1592487179808,2020-06-18T13:32:59.808Z,sell,5.05e-06,20.0,0.000101
OAX/BTC,1592487179808,2020-06-18T13:32:59.808Z,sell,5.03e-06,710.0,0.0035713
OAX/BTC,1592487179808,2020-06-18T13:32:59.808Z,sell,5.02e-06,5177.0,0.02598854
OAX/BTC,1592487511838,2020-06-18T13:38:31.838Z,buy,5.06e-06,35.0,0.0001771
OAX/BTC,1592487511838,2020-06-18T13:38:31.838Z,buy,5.07e-06,11947.0,0.06057129
OAX/BTC,1592487525118,2020-06-18T13:38:45.118Z,buy,5.07e-06,2089.0,0.01059123
OAX/BTC,1592487536268,2020-06-18T13:38:56.268Z,buy,5.07e-06,167.0,0.00084669
OAX/BTC,1592487547826,2020-06-18T13:39:07.826Z,buy,5.07e-06,3962.0,0.02008734
OAX/BTC,1592487565716,2020-06-18T13:39:25.716Z,buy,5.07e-06,3284.0,0.01664988
OAX/BTC,1592487580663,2020-06-18T13:39:40.663Z,buy,5.07e-06,3267.0,0.01656369
OAX/BTC,1592487586740,2020-06-18T13:39:46.740Z,sell,5.05e-06,100.0,0.000505
OAX/BTC,1592487597885,2020-06-18T13:39:57.885Z,buy,5.05e-06,6000.0,0.0303
OAX/BTC,1592487611377,2020-06-18T13:40:11.377Z,buy,5.07e-06,60.0,0.0003041999999999
OAX/BTC,1592487623561,2020-06-18T13:40:23.561Z,sell,5.05e-06,200.0,0.00101
OAX/BTC,1592487730734,2020-06-18T13:42:10.734Z,sell,5.06e-06,830.0,0.0041998
OAX/BTC,1592487835672,2020-06-18T13:43:55.672Z,buy,5.07e-06,9629.0,0.04881903
OAX/BTC,1592487869459,2020-06-18T13:44:29.459Z,buy,5.07e-06,1159.0,0.0058761299999999
OAX/BTC,1592487908301,2020-06-18T13:45:08.301Z,buy,5.07e-06,4190.0,0.0212433
OAX/BTC,1592487924745,2020-06-18T13:45:24.745Z,buy,5.07e-06,6700.0,0.033969
OAX/BTC,1592487964455,2020-06-18T13:46:04.455Z,buy,5.07e-06,2960.0,0.0150072
OAX/BTC,1592488008585,2020-06-18T13:46:48.585Z,sell,5.06e-06,1656.0,0.0083793599999999
OAX/BTC,1592488008585,2020-06-18T13:46:48.585Z,sell,5.05e-06,10314.0,0.0520857
OAX/BTC,1592488064821,2020-06-18T13:47:44.821Z,buy,5.07e-06,19748.0,0.10012236
