symbol,timestamp,datetime,side,price,amount,btc_volume
OAX/BTC,1543165247427,2018-11-25T17:00:47.427Z,buy,2.464e-05,102.0,0.00251328
OAX/BTC,1543165260293,2018-11-25T17:01:00.293Z,sell,2.46e-05,867.0,0.0213282
OAX/BTC,1543165260293,2018-11-25T17:01:00.293Z,sell,2.459e-05,1074.0,0.02640966
OAX/BTC,1543165444397,2018-11-25T17:04:04.397Z,sell,2.459e-05,819.0,0.02013921
OAX/BTC,1543165456645,2018-11-25T17:04:16.645Z,sell,2.459e-05,101.0,0.00248359
OAX/BTC,1543165466185,2018-11-25T17:04:26.185Z,sell,2.459e-05,280.0,0.0068852
OAX/BTC,1543165498067,2018-11-25T17:04:58.067Z,sell,2.459e-05,48.0,0.00118032
OAX/BTC,1543165509112,2018-11-25T17:05:09.112Z,sell,2.459e-05,178.0,0.00437702
OAX/BTC,1543165557280,2018-11-25T17:05:57.280Z,sell,2.439e-05,961.0,0.0234387899999999
OAX/BTC,1543165603140,2018-11-25T17:06:43.140Z,sell,2.441e-05,424.0,0.0103498399999999
OAX/BTC,1543165603244,2018-11-25T17:06:43.244Z,buy,2.441e-05,163.0,0.00397883
OAX/BTC,1543165603748,2018-11-25T17:06:43.748Z,sell,2.44e-05,424.0,0.0103456
OAX/BTC,1543165653625,2018-11-25T17:07:33.625Z,sell,2.441e-05,60.0,0.0014646
OAX/BTC,1543165665535,2018-11-25T17:07:45.535Z,sell,2.442e-05,157.0,0.00383394
OAX/BTC,1543165665535,2018-11-25T17:07:45.535Z,sell,2.441e-05,772.0,0.01884452
OAX/BTC,1543165700515,2018-11-25T17:08:20.515Z,sell,2.439e-05,60.0,0.0014634
OAX/BTC,1543165700707,2018-11-25T17:08:20.707Z,sell,2.439e-05,323.0,0.00787797
OAX/BTC,1543165700816,2018-11-25T17:08:20.816Z,sell,2.439e-05,1776.0,0.04331664
OAX/BTC,1543165787938,2018-11-25T17:09:47.938Z,sell,2.433e-05,123.0,0.00299259
OAX/BTC,1543165866025,2018-11-25T17:11:06.025Z,sell,2.433e-05,198.0,0.00481734
OAX/BTC,1543165879926,2018-11-25T17:11:19.926Z,sell,2.428e-05,469.0,0.01138732
OAX/BTC,1543165879926,2018-11-25T17:11:19.926Z,sell,2.426e-05,79.0,0.00191654
OAX/BTC,1543165989843,2018-11-25T17:13:09.843Z,sell,2.426e-05,625.0,0.0151625
OAX/BTC,1543165989843,2018-11-25T17:13:09.843Z,sell,2.425e-05,103.0,0.00249775
OAX/BTC,1543165989843,2018-11-25T17:13:09.843Z,sell,2.424e-05,212.0,0.0051388799999999
OAX/BTC,1543165989845,2018-11-25T17:13:09.845Z,sell,2.424e-05,493.0,0.0119503199999999
OAX/BTC,1543165989890,2018-11-25T17:13:09.890Z,buy,2.421e-05,102.0,0.00246942
OAX/BTC,1543165989890,2018-11-25T17:13:09.890Z,buy,2.424e-05,104.0,0.00252096
OAX/BTC,1543165989919,2018-11-25T17:13:09.919Z,buy,2.424e-05,102.0,0.00247248
OAX/BTC,1543165989924,2018-11-25T17:13:09.924Z,buy,2.424e-05,734.0,0.0177921599999999
OAX/BTC,1543165989938,2018-11-25T17:13:09.938Z,buy,2.431e-05,163.0,0.00396253
OAX/BTC,1543165990019,2018-11-25T17:13:10.019Z,sell,2.424e-05,282.0,0.0068356799999999
OAX/BTC,1543165990042,2018-11-25T17:13:10.042Z,sell,2.424e-05,282.0,0.0068356799999999
OAX/BTC,1543165990136,2018-11-25T17:13:10.136Z,sell,2.424e-05,838.0,0.0203131199999999
OAX/BTC,1543166013152,2018-11-25T17:13:33.152Z,sell,2.413e-05,62.0,0.00149606
OAX/BTC,1543166030527,2018-11-25T17:13:50.527Z,buy,2.415e-05,44.0,0.0010626
OAX/BTC,1543166052420,2018-11-25T17:14:12.420Z,sell,2.409e-05,54.0,0.00130086
OAX/BTC,1543166056761,2018-11-25T17:14:16.761Z,sell,2.407e-05,65.0,0.00156455
OAX/BTC,1543166056935,2018-11-25T17:14:16.935Z,buy,2.408e-05,54.0,0.00130032
OAX/BTC,1543166074042,2018-11-25T17:14:34.042Z,sell,2.408e-05,539.0,0.01297912
OAX/BTC,1543166093522,2018-11-25T17:14:53.522Z,sell,2.408e-05,932.0,0.02244256
OAX/BTC,1543166093522,2018-11-25T17:14:53.522Z,sell,2.407e-05,162.0,0.00389934
OAX/BTC,1543166167318,2018-11-25T17:16:07.318Z,sell,2.408e-05,43.0,0.0010354399999999
OAX/BTC,1543166171291,2018-11-25T17:16:11.291Z,sell,2.408e-05,1426.0,0.03433808
OAX/BTC,1543166172627,2018-11-25T17:16:12.627Z,sell,2.407e-05,286.0,0.00688402
OAX/BTC,1543166235839,2018-11-25T17:17:15.839Z,sell,2.405e-05,73.0,0.0017556499999999
OAX/BTC,1543166236436,2018-11-25T17:17:16.436Z,buy,2.404e-05,207.0,0.00497628
OAX/BTC,1543166237537,2018-11-25T17:17:17.537Z,buy,2.404e-05,67.0,0.00161068
OAX/BTC,1543166284480,2018-11-25T17:18:04.480Z,buy,2.407e-05,124.0,0.00298468
OAX/BTC,1543166303415,2018-11-25T17:18:23.415Z,buy,2.407e-05,249.0,0.00599343
OAX/BTC,1543166304376,2018-11-25T17:18:24.376Z,buy,2.407e-05,166.0,0.00399562
OAX/BTC,1543166306319,2018-11-25T17:18:26.319Z,buy,2.407e-05,249.0,0.00599343
OAX/BTC,1543166306442,2018-11-25T17:18:26.442Z,buy,2.407e-05,200.0,0.004814
OAX/BTC,1543166333218,2018-11-25T17:18:53.218Z,buy,2.422e-05,53.0,0.0012836599999999
OAX/BTC,1543166333218,2018-11-25T17:18:53.218Z,buy,2.429e-05,51.0,0.00123879
OAX/BTC,1543166333218,2018-11-25T17:18:53.218Z,buy,2.434e-05,119.0,0.00289646
OAX/BTC,1543166367951,2018-11-25T17:19:27.951Z,sell,2.415e-05,63.0,0.00152145
OAX/BTC,1543166536468,2018-11-25T17:22:16.468Z,sell,2.415e-05,207.0,0.00499905
OAX/BTC,1543166672573,2018-11-25T17:24:32.573Z,buy,2.429e-05,43.0,0.00104447
OAX/BTC,1543166673263,2018-11-25T17:24:33.263Z,sell,2.415e-05,191.0,0.00461265
OAX/BTC,1543166674565,2018-11-25T17:24:34.565Z,sell,2.415e-05,20.0,0.000483
OAX/BTC,1543166717827,2018-11-25T17:25:17.827Z,sell,2.401e-05,229.0,0.0054982899999999
OAX/BTC,1543166740627,2018-11-25T17:25:40.627Z,sell,2.401e-05,390.0,0.0093639
OAX/BTC,1543166740627,2018-11-25T17:25:40.627Z,sell,2.4e-05,237.0,0.005688
OAX/BTC,1543166740627,2018-11-25T17:25:40.627Z,buy,2.41e-05,70.0,0.001687
OAX/BTC,1543166768522,2018-11-25T17:26:08.522Z,sell,2.4e-05,830.0,0.01992
OAX/BTC,1543166864480,2018-11-25T17:27:44.480Z,buy,2.415e-05,65.0,0.00156975
OAX/BTC,1543166882878,2018-11-25T17:28:02.878Z,sell,2.403e-05,616.0,0.01480248
OAX/BTC,1543167341394,2018-11-25T17:35:41.394Z,buy,2.403e-05,583.0,0.01400949
OAX/BTC,1543167370521,2018-11-25T17:36:10.521Z,sell,2.4e-05,236.0,0.005664
OAX/BTC,1543167443187,2018-11-25T17:37:23.187Z,buy,2.415e-05,277.0,0.00668955
OAX/BTC,1543167443187,2018-11-25T17:37:23.187Z,buy,2.423e-05,137.0,0.00331951
OAX/BTC,1543167456972,2018-11-25T17:37:36.972Z,buy,2.422e-05,2678.0,0.06486116
OAX/BTC,1543167475147,2018-11-25T17:37:55.147Z,buy,2.422e-05,1745.0,0.0422639
OAX/BTC,1543167501867,2018-11-25T17:38:21.867Z,buy,2.423e-05,2500.0,0.060575
OAX/BTC,1543167517201,2018-11-25T17:38:37.201Z,buy,2.423e-05,1368.0,0.03314664
OAX/BTC,1543167557923,2018-11-25T17:39:17.923Z,sell,2.423e-05,46.0,0.00111458
OAX/BTC,1543167675727,2018-11-25T17:41:15.727Z,buy,2.423e-05,80.0,0.0019384
OAX/BTC,1543167720198,2018-11-25T17:42:00.198Z,sell,2.423e-05,126.0,0.00305298
OAX/BTC,1543167815069,2018-11-25T17:43:35.069Z,buy,2.421e-05,163.0,0.00394623
OAX/BTC,1543167815088,2018-11-25T17:43:35.088Z,sell,2.421e-05,1129.0,0.02733309
OAX/BTC,1543167815112,2018-11-25T17:43:35.112Z,sell,2.421e-05,360.0,0.0087156
OAX/BTC,1543167818868,2018-11-25T17:43:38.868Z,sell,2.403e-05,73.0,0.0017541899999999
OAX/BTC,1543167839538,2018-11-25T17:43:59.538Z,buy,2.401e-05,87.0,0.00208887
OAX/BTC,1543167844981,2018-11-25T17:44:04.981Z,sell,2.401e-05,200.0,0.004802
OAX/BTC,1543167849485,2018-11-25T17:44:09.485Z,sell,2.401e-05,144.0,0.00345744
OAX/BTC,1543167857876,2018-11-25T17:44:17.876Z,sell,2.4e-05,176.0,0.004224
OAX/BTC,1543167912779,2018-11-25T17:45:12.779Z,sell,2.401e-05,69.0,0.00165669
OAX/BTC,1543167931147,2018-11-25T17:45:31.147Z,sell,2.401e-05,103.0,0.0024730299999999
OAX/BTC,1543168262105,2018-11-25T17:51:02.105Z,sell,2.402e-05,365.0,0.0087673
OAX/BTC,1543168262365,2018-11-25T17:51:02.365Z,sell,2.402e-05,877.0,0.02106554
OAX/BTC,1543168285986,2018-11-25T17:51:25.986Z,sell,2.401e-05,90.0,0.0021609
OAX/BTC,1543168320511,2018-11-25T17:52:00.511Z,sell,2.401e-05,206.0,0.0049460599999999
OAX/BTC,1543168322581,2018-11-25T17:52:02.581Z,sell,2.4e-05,431.0,0.010344
OAX/BTC,1543168426176,2018-11-25T17:53:46.176Z,sell,2.4e-05,109.0,0.002616
OAX/BTC,1543168513554,2018-11-25T17:55:13.554Z,sell,2.4e-05,648.0,0.015552
OAX/BTC,1543168540250,2018-11-25T17:55:40.250Z,sell,2.397e-05,62.0,0.00148614
OAX/BTC,1543168540250,2018-11-25T17:55:40.250Z,sell,2.395e-05,50.0,0.0011975
OAX/BTC,1543168540250,2018-11-25T17:55:40.250Z,sell,2.39e-05,270.0,0.006453
OAX/BTC,1543168554049,2018-11-25T17:55:54.049Z,sell,2.39e-05,107.0,0.0025573
OAX/BTC,1543168571303,2018-11-25T17:56:11.303Z,sell,2.39e-05,75.0,0.0017925
OAX/BTC,1543168571303,2018-11-25T17:56:11.303Z,sell,2.39e-05,75.0,0.0017925
OAX/BTC,1543169090444,2018-11-25T18:04:50.444Z,buy,2.394e-05,1242.0,0.02973348
OAX/BTC,1543169113510,2018-11-25T18:05:13.510Z,buy,2.395e-05,206.0,0.0049337
OAX/BTC,1543169121306,2018-11-25T18:05:21.306Z,buy,2.399e-05,481.0,0.01153919
OAX/BTC,1543169121306,2018-11-25T18:05:21.306Z,buy,2.401e-05,385.0,0.00924385
OAX/BTC,1543169121892,2018-11-25T18:05:21.892Z,buy,2.401e-05,993.0,0.0238419299999999
OAX/BTC,1543169243655,2018-11-25T18:07:23.655Z,buy,2.408e-05,49.0,0.00117992
OAX/BTC,1543169243913,2018-11-25T18:07:23.913Z,buy,2.408e-05,79.0,0.0019023199999999
OAX/BTC,1543169300989,2018-11-25T18:08:20.989Z,sell,2.409e-05,1241.0,0.02989569
OAX/BTC,1543169303968,2018-11-25T18:08:23.968Z,sell,2.409e-05,316.0,0.00761244
OAX/BTC,1543169658906,2018-11-25T18:14:18.906Z,buy,2.42e-05,295.0,0.0071389999999999
OAX/BTC,1543169673214,2018-11-25T18:14:33.214Z,sell,2.409e-05,53.0,0.00127677
OAX/BTC,1543169673214,2018-11-25T18:14:33.214Z,sell,2.39e-05,225.0,0.0053775
OAX/BTC,1543169677140,2018-11-25T18:14:37.140Z,sell,2.395e-05,58.0,0.0013890999999999
OAX/BTC,1543169752883,2018-11-25T18:15:52.883Z,sell,2.395e-05,1397.0,0.03345815
OAX/BTC,1543169752883,2018-11-25T18:15:52.883Z,sell,2.39e-05,9000.0,0.2151
OAX/BTC,1543169752883,2018-11-25T18:15:52.883Z,sell,2.389e-05,250.0,0.0059725
OAX/BTC,1543169752883,2018-11-25T18:15:52.883Z,sell,2.38e-05,446.0,0.0106147999999999
OAX/BTC,1543169752883,2018-11-25T18:15:52.883Z,sell,2.378e-05,500.0,0.01189
OAX/BTC,1543169752883,2018-11-25T18:15:52.883Z,sell,2.374e-05,496.0,0.01177504
OAX/BTC,1543169752883,2018-11-25T18:15:52.883Z,sell,2.37e-05,1106.0,0.0262122
OAX/BTC,1543169752883,2018-11-25T18:15:52.883Z,sell,2.369e-05,1033.0,0.0244717699999999
OAX/BTC,1543169752883,2018-11-25T18:15:52.883Z,sell,2.367e-05,1087.0,0.02572929
OAX/BTC,1543169752883,2018-11-25T18:15:52.883Z,sell,2.364e-05,312.0,0.00737568
OAX/BTC,1543169752883,2018-11-25T18:15:52.883Z,sell,2.359e-05,185.0,0.00436415
OAX/BTC,1543169752883,2018-11-25T18:15:52.883Z,sell,2.358e-05,2259.0,0.05326722
OAX/BTC,1543169752883,2018-11-25T18:15:52.883Z,sell,2.356e-05,440.0,0.0103664
OAX/BTC,1543169752883,2018-11-25T18:15:52.883Z,sell,2.352e-05,441.0,0.0103723199999999
OAX/BTC,1543169752883,2018-11-25T18:15:52.883Z,sell,2.351e-05,794.0,0.01866694
OAX/BTC,1543169752905,2018-11-25T18:15:52.905Z,buy,2.378e-05,620.0,0.0147435999999999
OAX/BTC,1543169753176,2018-11-25T18:15:53.176Z,sell,2.38e-05,620.0,0.014756
OAX/BTC,1543169753729,2018-11-25T18:15:53.729Z,sell,2.374e-05,441.0,0.01046934
OAX/BTC,1543169756222,2018-11-25T18:15:56.222Z,buy,2.379e-05,128.0,0.00304512
OAX/BTC,1543169756262,2018-11-25T18:15:56.262Z,buy,2.379e-05,86.0,0.00204594
OAX/BTC,1543169756317,2018-11-25T18:15:56.317Z,sell,2.375e-05,86.0,0.0020425
OAX/BTC,1543169762226,2018-11-25T18:16:02.226Z,buy,2.379e-05,412.0,0.00980148
OAX/BTC,1543169765392,2018-11-25T18:16:05.392Z,buy,2.379e-05,24.0,0.00057096
OAX/BTC,1543169765392,2018-11-25T18:16:05.392Z,buy,2.38e-05,35.0,0.000833
OAX/BTC,1543169770107,2018-11-25T18:16:10.107Z,sell,2.374e-05,4261.0,0.10115614
OAX/BTC,1543169808447,2018-11-25T18:16:48.447Z,buy,2.378e-05,70.0,0.0016646
OAX/BTC,1543169813885,2018-11-25T18:16:53.885Z,sell,2.375e-05,1756.0,0.041705
OAX/BTC,1543169813885,2018-11-25T18:16:53.885Z,sell,2.374e-05,851.0,0.02020274
OAX/BTC,1543169824984,2018-11-25T18:17:04.984Z,sell,2.374e-05,1017.0,0.02414358
OAX/BTC,1543169863650,2018-11-25T18:17:43.650Z,sell,2.374e-05,505.0,0.0119887
OAX/BTC,1543169870734,2018-11-25T18:17:50.734Z,sell,2.367e-05,250.0,0.0059175
OAX/BTC,1543169904389,2018-11-25T18:18:24.389Z,buy,2.372e-05,168.0,0.00398496
OAX/BTC,1543169904709,2018-11-25T18:18:24.709Z,buy,2.372e-05,210.0,0.0049812
OAX/BTC,1543169905160,2018-11-25T18:18:25.160Z,buy,2.372e-05,43.0,0.00101996
OAX/BTC,1543169905160,2018-11-25T18:18:25.160Z,buy,2.375e-05,10.0,0.0002375
OAX/BTC,1543169970949,2018-11-25T18:19:30.949Z,sell,2.367e-05,137.0,0.0032427899999999
OAX/BTC,1543170034107,2018-11-25T18:20:34.107Z,sell,2.367e-05,2168.0,0.05131656
OAX/BTC,1543170064739,2018-11-25T18:21:04.739Z,sell,2.367e-05,89.0,0.00210663
OAX/BTC,1543170080057,2018-11-25T18:21:20.057Z,buy,2.372e-05,210.0,0.0049812
OAX/BTC,1543170081380,2018-11-25T18:21:21.380Z,buy,2.372e-05,210.0,0.0049812
OAX/BTC,1543170081997,2018-11-25T18:21:21.997Z,buy,2.372e-05,20.0,0.0004744
OAX/BTC,1543170083207,2018-11-25T18:21:23.207Z,buy,2.376e-05,252.0,0.00598752
OAX/BTC,1543170086313,2018-11-25T18:21:26.313Z,buy,2.376e-05,50.0,0.001188
OAX/BTC,1543170124052,2018-11-25T18:22:04.052Z,buy,2.377e-05,126.0,0.00299502
OAX/BTC,1543170124486,2018-11-25T18:22:04.486Z,buy,2.377e-05,126.0,0.00299502
OAX/BTC,1543170144785,2018-11-25T18:22:24.785Z,buy,2.377e-05,1689.0,0.04014753
OAX/BTC,1543170148644,2018-11-25T18:22:28.644Z,buy,2.38e-05,54.0,0.0012852
OAX/BTC,1543170185301,2018-11-25T18:23:05.301Z,buy,2.38e-05,456.0,0.0108528
OAX/BTC,1543170190535,2018-11-25T18:23:10.535Z,buy,2.38e-05,14.0,0.0003331999999999
OAX/BTC,1543170191665,2018-11-25T18:23:11.665Z,sell,2.38e-05,196.0,0.0046648
OAX/BTC,1543170192682,2018-11-25T18:23:12.682Z,buy,2.38e-05,14.0,0.0003331999999999
OAX/BTC,1543170194066,2018-11-25T18:23:14.066Z,sell,2.381e-05,146.0,0.00347626
OAX/BTC,1543170194106,2018-11-25T18:23:14.106Z,sell,2.381e-05,176.0,0.00419056
OAX/BTC,1543170195320,2018-11-25T18:23:15.320Z,sell,2.381e-05,252.0,0.00600012
OAX/BTC,1543170195969,2018-11-25T18:23:15.969Z,sell,2.381e-05,210.0,0.0050001
OAX/BTC,1543170196401,2018-11-25T18:23:16.401Z,sell,2.381e-05,190.0,0.0045239
OAX/BTC,1543170196418,2018-11-25T18:23:16.418Z,sell,2.381e-05,210.0,0.0050001
OAX/BTC,1543170197083,2018-11-25T18:23:17.083Z,sell,2.382e-05,50.0,0.001191
OAX/BTC,1543170537291,2018-11-25T18:28:57.291Z,sell,2.386e-05,1474.0,0.0351696399999999
OAX/BTC,1543170543780,2018-11-25T18:29:03.780Z,buy,2.401e-05,49.0,0.0011764899999999
OAX/BTC,1543170564001,2018-11-25T18:29:24.001Z,buy,2.401e-05,1.0,2.401e-05
OAX/BTC,1543170564251,2018-11-25T18:29:24.251Z,sell,2.401e-05,604.0,0.0145020399999999
OAX/BTC,1543170564251,2018-11-25T18:29:24.251Z,sell,2.401e-05,1326.0,0.03183726
OAX/BTC,1543170564251,2018-11-25T18:29:24.251Z,sell,2.381e-05,1464.0,0.03485784
OAX/BTC,1543170564324,2018-11-25T18:29:24.324Z,sell,2.381e-05,604.0,0.01438124
OAX/BTC,1543170714515,2018-11-25T18:31:54.515Z,sell,2.382e-05,693.0,0.01650726
OAX/BTC,1543170914070,2018-11-25T18:35:14.070Z,buy,2.379e-05,43.0,0.00102297
OAX/BTC,1543170914187,2018-11-25T18:35:14.187Z,buy,2.379e-05,13.0,0.00030927
OAX/BTC,1543170963613,2018-11-25T18:36:03.613Z,buy,2.383e-05,62.0,0.00147746
OAX/BTC,1543170963613,2018-11-25T18:36:03.613Z,buy,2.399e-05,64.0,0.00153536
OAX/BTC,1543170981484,2018-11-25T18:36:21.484Z,sell,2.37e-05,998.0,0.0236526
OAX/BTC,1543170981951,2018-11-25T18:36:21.951Z,sell,2.369e-05,117.0,0.00277173
OAX/BTC,1543170982428,2018-11-25T18:36:22.428Z,sell,2.365e-05,333.0,0.0078754499999999
OAX/BTC,1543171041562,2018-11-25T18:37:21.562Z,sell,2.371e-05,57.0,0.00135147
OAX/BTC,1543171046309,2018-11-25T18:37:26.309Z,sell,2.367e-05,684.0,0.0161902799999999
OAX/BTC,1543171094623,2018-11-25T18:38:14.623Z,sell,2.366e-05,838.0,0.01982708
OAX/BTC,1543171094623,2018-11-25T18:38:14.623Z,sell,2.365e-05,426.0,0.0100749
OAX/BTC,1543171144246,2018-11-25T18:39:04.246Z,buy,2.365e-05,190.0,0.0044935
OAX/BTC,1543171144618,2018-11-25T18:39:04.618Z,buy,2.38e-05,540.0,0.0128519999999999
OAX/BTC,1543171144618,2018-11-25T18:39:04.618Z,buy,2.383e-05,1428.0,0.03402924
OAX/BTC,1543171213014,2018-11-25T18:40:13.014Z,buy,2.383e-05,63.0,0.00150129
OAX/BTC,1543171338736,2018-11-25T18:42:18.736Z,sell,2.371e-05,49.0,0.00116179
OAX/BTC,1543171368310,2018-11-25T18:42:48.310Z,sell,2.371e-05,80.0,0.0018968
OAX/BTC,1543171368310,2018-11-25T18:42:48.310Z,sell,2.36e-05,5153.0,0.1216108
OAX/BTC,1543171377092,2018-11-25T18:42:57.092Z,sell,2.362e-05,190.0,0.0044878
OAX/BTC,1543171378174,2018-11-25T18:42:58.174Z,sell,2.363e-05,190.0,0.0044897
OAX/BTC,1543171385528,2018-11-25T18:43:05.528Z,buy,2.374e-05,210.0,0.0049854
OAX/BTC,1543171386216,2018-11-25T18:43:06.216Z,sell,2.362e-05,65.0,0.0015353
OAX/BTC,1543171388657,2018-11-25T18:43:08.657Z,buy,2.374e-05,45.0,0.0010683
OAX/BTC,1543171445038,2018-11-25T18:44:05.038Z,buy,2.377e-05,64.0,0.00152128
OAX/BTC,1543171445038,2018-11-25T18:44:05.038Z,buy,2.381e-05,62.0,0.00147622
OAX/BTC,1543171545060,2018-11-25T18:45:45.060Z,buy,2.381e-05,53.0,0.00126193
OAX/BTC,1543171607726,2018-11-25T18:46:47.726Z,buy,2.381e-05,31.0,0.00073811
OAX/BTC,1543171607726,2018-11-25T18:46:47.726Z,buy,2.381e-05,31.0,0.00073811
OAX/BTC,1543172294165,2018-11-25T18:58:14.165Z,sell,2.382e-05,55.0,0.0013101
OAX/BTC,1543172464767,2018-11-25T19:01:04.767Z,sell,2.382e-05,190.0,0.0045258
OAX/BTC,1543172465228,2018-11-25T19:01:05.228Z,sell,2.382e-05,210.0,0.0050022
OAX/BTC,1543172465399,2018-11-25T19:01:05.399Z,sell,2.382e-05,210.0,0.0050022
OAX/BTC,1543172466078,2018-11-25T19:01:06.078Z,sell,2.382e-05,46.0,0.00109572
OAX/BTC,1543172469383,2018-11-25T19:01:09.383Z,sell,2.381e-05,171.0,0.00407151
OAX/BTC,1543172523748,2018-11-25T19:02:03.748Z,sell,2.381e-05,93.0,0.00221433
OAX/BTC,1543172524244,2018-11-25T19:02:04.244Z,sell,2.381e-05,500.0,0.011905
OAX/BTC,1543172590346,2018-11-25T19:03:10.346Z,sell,2.381e-05,108.0,0.00257148
OAX/BTC,1543172629733,2018-11-25T19:03:49.733Z,sell,2.381e-05,32.0,0.00076192
OAX/BTC,1543172645471,2018-11-25T19:04:05.471Z,buy,2.381e-05,629.0,0.01497649
OAX/BTC,1543172645471,2018-11-25T19:04:05.471Z,buy,2.391e-05,4178.0,0.09989598
OAX/BTC,1543172645471,2018-11-25T19:04:05.471Z,buy,2.392e-05,347.0,0.00830024
OAX/BTC,1543172645471,2018-11-25T19:04:05.471Z,buy,2.394e-05,4916.0,0.11768904
OAX/BTC,1543172645471,2018-11-25T19:04:05.471Z,buy,2.395e-05,445.0,0.01065775
OAX/BTC,1543172645471,2018-11-25T19:04:05.471Z,buy,2.4e-05,100.0,0.0024
OAX/BTC,1543172708600,2018-11-25T19:05:08.600Z,sell,2.401e-05,64.0,0.00153664
OAX/BTC,1543172786213,2018-11-25T19:06:26.213Z,sell,2.402e-05,49.0,0.00117698
OAX/BTC,1543172797334,2018-11-25T19:06:37.334Z,buy,2.402e-05,1707.0,0.04100214
OAX/BTC,1543172908270,2018-11-25T19:08:28.270Z,buy,2.402e-05,1008.0,0.02421216
OAX/BTC,1543172941988,2018-11-25T19:09:01.988Z,buy,2.403e-05,1255.0,0.0301576499999999
OAX/BTC,1543172970522,2018-11-25T19:09:30.522Z,buy,2.404e-05,1255.0,0.0301702
OAX/BTC,1543172970522,2018-11-25T19:09:30.522Z,buy,2.405e-05,282.0,0.0067820999999999
OAX/BTC,1543173239170,2018-11-25T19:13:59.170Z,buy,2.404e-05,64.0,0.00153856
OAX/BTC,1543173453245,2018-11-25T19:17:33.245Z,buy,2.404e-05,1250.0,0.03005
OAX/BTC,1543173454688,2018-11-25T19:17:34.688Z,buy,2.405e-05,161.0,0.0038720499999999
OAX/BTC,1543173454688,2018-11-25T19:17:34.688Z,buy,2.408e-05,105.0,0.0025284
OAX/BTC,1543173588653,2018-11-25T19:19:48.653Z,sell,2.394e-05,1226.0,0.02935044
OAX/BTC,1543173590402,2018-11-25T19:19:50.402Z,buy,2.415e-05,1000.0,0.02415
OAX/BTC,1543173604420,2018-11-25T19:20:04.420Z,buy,2.415e-05,39.0,0.00094185
OAX/BTC,1543173604420,2018-11-25T19:20:04.420Z,buy,2.416e-05,961.0,0.02321776
OAX/BTC,1543173618679,2018-11-25T19:20:18.679Z,buy,2.415e-05,70.0,0.0016905
OAX/BTC,1543173625479,2018-11-25T19:20:25.479Z,buy,2.416e-05,1156.0,0.02792896
OAX/BTC,1543173626053,2018-11-25T19:20:26.053Z,buy,2.417e-05,337.0,0.00814529
OAX/BTC,1543173626619,2018-11-25T19:20:26.619Z,buy,2.42e-05,112.0,0.0027104
OAX/BTC,1543173657105,2018-11-25T19:20:57.105Z,buy,2.42e-05,2000.0,0.0484
OAX/BTC,1543173677093,2018-11-25T19:21:17.093Z,buy,2.42e-05,93.0,0.0022505999999999
OAX/BTC,1543173677093,2018-11-25T19:21:17.093Z,buy,2.423e-05,26.0,0.00062998
OAX/BTC,1543173682060,2018-11-25T19:21:22.060Z,buy,2.423e-05,5.0,0.00012115
OAX/BTC,1543173682060,2018-11-25T19:21:22.060Z,buy,2.426e-05,453.0,0.01098978
OAX/BTC,1543173682060,2018-11-25T19:21:22.060Z,buy,2.428e-05,159.0,0.00386052
OAX/BTC,1543173682060,2018-11-25T19:21:22.060Z,buy,2.434e-05,457.0,0.01112338
OAX/BTC,1543173682060,2018-11-25T19:21:22.060Z,buy,2.442e-05,89.0,0.00217338
OAX/BTC,1543173682060,2018-11-25T19:21:22.060Z,buy,2.445e-05,72.0,0.0017604
OAX/BTC,1543173682060,2018-11-25T19:21:22.060Z,buy,2.449e-05,100.0,0.002449
OAX/BTC,1543173682111,2018-11-25T19:21:22.111Z,sell,2.45e-05,5308.0,0.130046
OAX/BTC,1543173683952,2018-11-25T19:21:23.952Z,sell,2.45e-05,50.0,0.001225
OAX/BTC,1543173684007,2018-11-25T19:21:24.007Z,sell,2.45e-05,50.0,0.001225
OAX/BTC,1543173684306,2018-11-25T19:21:24.306Z,sell,2.45e-05,50.0,0.001225
OAX/BTC,1543173695208,2018-11-25T19:21:35.208Z,sell,2.45e-05,61.0,0.0014945
OAX/BTC,1543173696285,2018-11-25T19:21:36.285Z,sell,2.45e-05,61.0,0.0014945
OAX/BTC,1543173698163,2018-11-25T19:21:38.163Z,sell,2.43e-05,256.0,0.0062208
OAX/BTC,1543173704137,2018-11-25T19:21:44.137Z,buy,2.454e-05,314.0,0.0077055599999999
OAX/BTC,1543173704137,2018-11-25T19:21:44.137Z,buy,2.455e-05,96.0,0.0023568
OAX/BTC,1543173704137,2018-11-25T19:21:44.137Z,buy,2.459e-05,2600.0,0.063934
OAX/BTC,1543173704137,2018-11-25T19:21:44.137Z,buy,2.466e-05,250.0,0.006165
OAX/BTC,1543173704137,2018-11-25T19:21:44.137Z,buy,2.469e-05,167.0,0.0041232299999999
OAX/BTC,1543173704137,2018-11-25T19:21:44.137Z,buy,2.479e-05,2600.0,0.064454
OAX/BTC,1543173704159,2018-11-25T19:21:44.159Z,sell,2.48e-05,671.0,0.0166408
OAX/BTC,1543173704398,2018-11-25T19:21:44.398Z,sell,2.48e-05,5054.0,0.1253392
OAX/BTC,1543173732971,2018-11-25T19:22:12.971Z,sell,2.459e-05,98.0,0.00240982
OAX/BTC,1543173734111,2018-11-25T19:22:14.111Z,sell,2.459e-05,79.0,0.00194261
OAX/BTC,1543173735863,2018-11-25T19:22:15.863Z,sell,2.459e-05,81.0,0.00199179
OAX/BTC,1543173738002,2018-11-25T19:22:18.002Z,buy,2.468e-05,256.0,0.00631808
OAX/BTC,1543173738002,2018-11-25T19:22:18.002Z,buy,2.469e-05,1995.0,0.0492565499999999
OAX/BTC,1543173750776,2018-11-25T19:22:30.776Z,buy,2.469e-05,47.0,0.00116043
OAX/BTC,1543173765461,2018-11-25T19:22:45.461Z,buy,2.469e-05,994.0,0.02454186
OAX/BTC,1543173779485,2018-11-25T19:22:59.485Z,sell,2.459e-05,1249.0,0.03071291
OAX/BTC,1543173884725,2018-11-25T19:24:44.725Z,sell,2.461e-05,56.0,0.00137816
OAX/BTC,1543173891646,2018-11-25T19:24:51.646Z,sell,2.461e-05,48.0,0.00118128
OAX/BTC,1543173908946,2018-11-25T19:25:08.946Z,sell,2.461e-05,215.0,0.00529115
OAX/BTC,1543173930412,2018-11-25T19:25:30.412Z,sell,2.464e-05,48.0,0.00118272
OAX/BTC,1543173946237,2018-11-25T19:25:46.237Z,sell,2.464e-05,53.0,0.00130592
OAX/BTC,1543173963861,2018-11-25T19:26:03.861Z,sell,2.459e-05,2641.0,0.06494219
OAX/BTC,1543174258565,2018-11-25T19:30:58.565Z,sell,2.459e-05,70.0,0.0017213
OAX/BTC,1543174298516,2018-11-25T19:31:38.516Z,buy,2.463e-05,42.0,0.00103446
OAX/BTC,1543174322181,2018-11-25T19:32:02.181Z,buy,2.463e-05,81.0,0.00199503
OAX/BTC,1543174704439,2018-11-25T19:38:24.439Z,buy,2.461e-05,297.0,0.00730917
OAX/BTC,1543174722850,2018-11-25T19:38:42.850Z,sell,2.461e-05,390.0,0.0095979
OAX/BTC,1543174722850,2018-11-25T19:38:42.850Z,sell,2.459e-05,782.0,0.01922938
OAX/BTC,1543174791355,2018-11-25T19:39:51.355Z,buy,2.459e-05,1285.0,0.03159815
OAX/BTC,1543174810091,2018-11-25T19:40:10.091Z,buy,2.462e-05,128.0,0.00315136
OAX/BTC,1543174878168,2018-11-25T19:41:18.168Z,sell,2.459e-05,2123.0,0.05220457
OAX/BTC,1543174898242,2018-11-25T19:41:38.242Z,sell,2.459e-05,47.0,0.00115573
OAX/BTC,1543174910327,2018-11-25T19:41:50.327Z,sell,2.46e-05,1215.0,0.029889
OAX/BTC,1543174910327,2018-11-25T19:41:50.327Z,sell,2.459e-05,1237.0,0.03041783
OAX/BTC,1543175032380,2018-11-25T19:43:52.380Z,sell,2.46e-05,177.0,0.0043542
OAX/BTC,1543175059684,2018-11-25T19:44:19.684Z,buy,2.478e-05,61.0,0.00151158
OAX/BTC,1543175059684,2018-11-25T19:44:19.684Z,buy,2.478e-05,61.0,0.00151158
OAX/BTC,1543175305526,2018-11-25T19:48:25.526Z,sell,2.465e-05,645.0,0.01589925
OAX/BTC,1543175305526,2018-11-25T19:48:25.526Z,sell,2.46e-05,102.0,0.0025092
OAX/BTC,1543175305526,2018-11-25T19:48:25.526Z,sell,2.459e-05,476.0,0.01170484
OAX/BTC,1543175416428,2018-11-25T19:50:16.428Z,buy,2.474e-05,205.0,0.0050717
OAX/BTC,1543175722099,2018-11-25T19:55:22.099Z,buy,2.471e-05,224.0,0.00553504
OAX/BTC,1543175727998,2018-11-25T19:55:27.998Z,sell,2.461e-05,357.0,0.00878577
OAX/BTC,1543175780456,2018-11-25T19:56:20.456Z,buy,2.461e-05,5444.0,0.1339768399999999
OAX/BTC,1543175806901,2018-11-25T19:56:46.901Z,buy,2.461e-05,2958.0,0.07279638
OAX/BTC,1543176175900,2018-11-25T20:02:55.900Z,sell,2.459e-05,5207.0,0.12804013
OAX/BTC,1543176255602,2018-11-25T20:04:15.602Z,sell,2.463e-05,69.0,0.00169947
OAX/BTC,1543176313411,2018-11-25T20:05:13.411Z,buy,2.471e-05,930.0,0.0229803
OAX/BTC,1543176313411,2018-11-25T20:05:13.411Z,buy,2.472e-05,4609.0,0.11393448
OAX/BTC,1543176389440,2018-11-25T20:06:29.440Z,sell,2.472e-05,185.0,0.0045732
OAX/BTC,1543176437108,2018-11-25T20:07:17.108Z,sell,2.472e-05,389.0,0.00961608
OAX/BTC,1543176591257,2018-11-25T20:09:51.257Z,sell,2.472e-05,76.0,0.00187872
OAX/BTC,1543176709799,2018-11-25T20:11:49.799Z,sell,2.472e-05,80.0,0.0019776
OAX/BTC,1543176784545,2018-11-25T20:13:04.545Z,sell,2.472e-05,94.0,0.00232368
OAX/BTC,1543176921682,2018-11-25T20:15:21.682Z,sell,2.472e-05,1299.0,0.03211128
OAX/BTC,1543177008812,2018-11-25T20:16:48.812Z,sell,2.472e-05,261.0,0.00645192
OAX/BTC,1543177117880,2018-11-25T20:18:37.880Z,sell,2.452e-05,772.0,0.01892944
OAX/BTC,1543177184023,2018-11-25T20:19:44.023Z,sell,2.451e-05,993.0,0.02433843
OAX/BTC,1543177479873,2018-11-25T20:24:39.873Z,buy,2.467e-05,450.0,0.0111015
OAX/BTC,1543177480238,2018-11-25T20:24:40.238Z,buy,2.467e-05,89.0,0.00219563
OAX/BTC,1543177480437,2018-11-25T20:24:40.437Z,buy,2.467e-05,419.0,0.0103367299999999
OAX/BTC,1543177481075,2018-11-25T20:24:41.075Z,buy,2.467e-05,273.0,0.00673491
OAX/BTC,1543177481825,2018-11-25T20:24:41.825Z,buy,2.467e-05,547.0,0.01349449
OAX/BTC,1543177484599,2018-11-25T20:24:44.599Z,buy,2.467e-05,541.0,0.01334647
OAX/BTC,1543177486496,2018-11-25T20:24:46.496Z,buy,2.467e-05,235.0,0.00579745
OAX/BTC,1543177569731,2018-11-25T20:26:09.731Z,sell,2.467e-05,246.0,0.00606882
OAX/BTC,1543178376829,2018-11-25T20:39:36.829Z,sell,2.453e-05,337.0,0.00826661
OAX/BTC,1543178567075,2018-11-25T20:42:47.075Z,sell,2.453e-05,459.0,0.01125927
OAX/BTC,1543178567075,2018-11-25T20:42:47.075Z,sell,2.453e-05,459.0,0.01125927
OAX/BTC,1543178671756,2018-11-25T20:44:31.756Z,sell,2.451e-05,183.0,0.00448533
OAX/BTC,1543178694794,2018-11-25T20:44:54.794Z,sell,2.451e-05,1433.0,0.03512283
OAX/BTC,1543178694794,2018-11-25T20:44:54.794Z,sell,2.45e-05,67.0,0.0016415
OAX/BTC,1543178709746,2018-11-25T20:45:09.746Z,buy,2.463e-05,609.0,0.01499967
OAX/BTC,1543178709746,2018-11-25T20:45:09.746Z,buy,2.469e-05,891.0,0.02199879
OAX/BTC,1543178863626,2018-11-25T20:47:43.626Z,buy,2.468e-05,593.0,0.01463524
OAX/BTC,1543178863626,2018-11-25T20:47:43.626Z,buy,2.469e-05,1189.0,0.02935641
OAX/BTC,1543178863684,2018-11-25T20:47:43.684Z,sell,2.469e-05,246.0,0.0060737399999999
OAX/BTC,1543178863694,2018-11-25T20:47:43.694Z,sell,2.469e-05,96.0,0.00237024
OAX/BTC,1543179093651,2018-11-25T20:51:33.651Z,sell,2.473e-05,270.0,0.0066771
OAX/BTC,1543179123986,2018-11-25T20:52:03.986Z,sell,2.473e-05,4327.0,0.1070067099999999
OAX/BTC,1543179150126,2018-11-25T20:52:30.126Z,buy,2.476e-05,165.0,0.0040854
OAX/BTC,1543179150126,2018-11-25T20:52:30.126Z,buy,2.477e-05,177.0,0.00438429
OAX/BTC,1543179150126,2018-11-25T20:52:30.126Z,buy,2.478e-05,489.0,0.01211742
OAX/BTC,1543179150126,2018-11-25T20:52:30.126Z,buy,2.479e-05,5000.0,0.12395
OAX/BTC,1543179152676,2018-11-25T20:52:32.676Z,sell,2.48e-05,80.0,0.001984
OAX/BTC,1543179152876,2018-11-25T20:52:32.876Z,sell,2.48e-05,80.0,0.001984
OAX/BTC,1543179206113,2018-11-25T20:53:26.113Z,buy,2.484e-05,205.0,0.0050922
OAX/BTC,1543179206113,2018-11-25T20:53:26.113Z,buy,2.488e-05,42.0,0.00104496
OAX/BTC,1543179206113,2018-11-25T20:53:26.113Z,buy,2.489e-05,100.0,0.002489
OAX/BTC,1543179206113,2018-11-25T20:53:26.113Z,buy,2.498e-05,160.0,0.0039968
OAX/BTC,1543179206113,2018-11-25T20:53:26.113Z,buy,2.499e-05,2893.0,0.07229607
OAX/BTC,1543179219497,2018-11-25T20:53:39.497Z,buy,2.484e-05,60.0,0.0014904
OAX/BTC,1543179554068,2018-11-25T20:59:14.068Z,buy,2.484e-05,1285.0,0.0319194
OAX/BTC,1543179579150,2018-11-25T20:59:39.150Z,sell,2.479e-05,266.0,0.00659414
OAX/BTC,1543179580363,2018-11-25T20:59:40.363Z,sell,2.479e-05,353.0,0.00875087
OAX/BTC,1543179588035,2018-11-25T20:59:48.035Z,buy,2.49e-05,1017.0,0.0253233
OAX/BTC,1543179681293,2018-11-25T21:01:21.293Z,buy,2.49e-05,2791.0,0.0694959
OAX/BTC,1543179681293,2018-11-25T21:01:21.293Z,buy,2.499e-05,2134.0,0.05332866
OAX/BTC,1543179681293,2018-11-25T21:01:21.293Z,buy,2.5e-05,200.0,0.005
OAX/BTC,1543179681293,2018-11-25T21:01:21.293Z,buy,2.506e-05,2615.0,0.0655319
OAX/BTC,1543179892145,2018-11-25T21:04:52.145Z,buy,2.505e-05,161.0,0.00403305
OAX/BTC,1543179892145,2018-11-25T21:04:52.145Z,buy,2.506e-05,3829.0,0.09595474
OAX/BTC,1543179894911,2018-11-25T21:04:54.911Z,sell,2.488e-05,40.0,0.0009952
OAX/BTC,1543179965925,2018-11-25T21:06:05.925Z,sell,2.488e-05,820.0,0.0204016
OAX/BTC,1543180048217,2018-11-25T21:07:28.217Z,sell,2.488e-05,72.0,0.0017913599999999
OAX/BTC,1543180056616,2018-11-25T21:07:36.616Z,buy,2.505e-05,381.0,0.00954405
OAX/BTC,1543180337876,2018-11-25T21:12:17.876Z,sell,2.488e-05,1910.0,0.0475207999999999
OAX/BTC,1543180563026,2018-11-25T21:16:03.026Z,sell,2.485e-05,501.0,0.01244985
OAX/BTC,1543180600538,2018-11-25T21:16:40.538Z,buy,2.504e-05,390.0,0.0097656
OAX/BTC,1543180605468,2018-11-25T21:16:45.468Z,sell,2.504e-05,57.0,0.00142728
OAX/BTC,1543180614021,2018-11-25T21:16:54.021Z,buy,2.505e-05,1396.0,0.0349697999999999
OAX/BTC,1543180623426,2018-11-25T21:17:03.426Z,buy,2.505e-05,1304.0,0.0326652
OAX/BTC,1543180638734,2018-11-25T21:17:18.734Z,buy,2.506e-05,401.0,0.01004906
OAX/BTC,1543180638734,2018-11-25T21:17:18.734Z,buy,2.507e-05,1682.0,0.0421677399999999
OAX/BTC,1543181323322,2018-11-25T21:28:43.322Z,buy,2.507e-05,1376.0,0.03449632
OAX/BTC,1543181323322,2018-11-25T21:28:43.322Z,buy,2.509e-05,100.0,0.002509
OAX/BTC,1543181323322,2018-11-25T21:28:43.322Z,buy,2.51e-05,396.0,0.0099396
OAX/BTC,1543181323322,2018-11-25T21:28:43.322Z,buy,2.514e-05,392.0,0.00985488
OAX/BTC,1543181323322,2018-11-25T21:28:43.322Z,buy,2.518e-05,1499.0,0.03774482
OAX/BTC,1543181341432,2018-11-25T21:29:01.432Z,buy,2.518e-05,2808.0,0.07070544
OAX/BTC,1543181695625,2018-11-25T21:34:55.625Z,sell,2.5e-05,1194.0,0.02985
OAX/BTC,1543181695625,2018-11-25T21:34:55.625Z,sell,2.499e-05,2088.0,0.05217912
OAX/BTC,1543181795975,2018-11-25T21:36:35.975Z,buy,2.517e-05,44.0,0.00110748
OAX/BTC,1543181799849,2018-11-25T21:36:39.849Z,buy,2.517e-05,1150.0,0.0289455
OAX/BTC,1543181802454,2018-11-25T21:36:42.454Z,sell,2.517e-05,98.0,0.00246666
OAX/BTC,1543181802653,2018-11-25T21:36:42.653Z,sell,2.517e-05,24.0,0.00060408
OAX/BTC,1543182113034,2018-11-25T21:41:53.034Z,sell,2.51e-05,50.0,0.001255
OAX/BTC,1543182113451,2018-11-25T21:41:53.451Z,sell,2.51e-05,50.0,0.001255
OAX/BTC,1543182150730,2018-11-25T21:42:30.730Z,buy,2.518e-05,693.0,0.01744974
OAX/BTC,1543182150730,2018-11-25T21:42:30.730Z,buy,2.518e-05,693.0,0.01744974
OAX/BTC,1543182187567,2018-11-25T21:43:07.567Z,sell,2.518e-05,100.0,0.002518
OAX/BTC,1543182191486,2018-11-25T21:43:11.486Z,sell,2.518e-05,562.0,0.01415116
OAX/BTC,1543182204149,2018-11-25T21:43:24.149Z,sell,2.513e-05,60.0,0.0015078
OAX/BTC,1543182232947,2018-11-25T21:43:52.947Z,buy,2.519e-05,100.0,0.002519
OAX/BTC,1543182237147,2018-11-25T21:43:57.147Z,buy,2.52e-05,48.0,0.0012096
OAX/BTC,1543182241793,2018-11-25T21:44:01.793Z,sell,2.501e-05,265.0,0.00662765
OAX/BTC,1543182241793,2018-11-25T21:44:01.793Z,sell,2.5e-05,149.0,0.003725
OAX/BTC,1543182249695,2018-11-25T21:44:09.695Z,sell,2.502e-05,400.0,0.010008
OAX/BTC,1543182273473,2018-11-25T21:44:33.473Z,sell,2.509e-05,248.0,0.00622232
OAX/BTC,1543182339763,2018-11-25T21:45:39.763Z,buy,2.525e-05,50.0,0.0012625
OAX/BTC,1543182339763,2018-11-25T21:45:39.763Z,buy,2.528e-05,248.0,0.0062694399999999
OAX/BTC,1543182339763,2018-11-25T21:45:39.763Z,buy,2.529e-05,98.0,0.00247842
OAX/BTC,1543182622326,2018-11-25T21:50:22.326Z,sell,2.508e-05,50.0,0.001254
OAX/BTC,1543182639099,2018-11-25T21:50:39.099Z,sell,2.51e-05,575.0,0.0144325
OAX/BTC,1543182761759,2018-11-25T21:52:41.759Z,sell,2.509e-05,168.0,0.00421512
OAX/BTC,1543183320166,2018-11-25T22:02:00.166Z,sell,2.509e-05,69.0,0.00173121
OAX/BTC,1543183514456,2018-11-25T22:05:14.456Z,sell,2.508e-05,167.0,0.00418836
OAX/BTC,1543183527801,2018-11-25T22:05:27.801Z,sell,2.502e-05,333.0,0.00833166
OAX/BTC,1543183618919,2018-11-25T22:06:58.919Z,sell,2.508e-05,644.0,0.01615152
OAX/BTC,1543183642735,2018-11-25T22:07:22.735Z,sell,2.508e-05,240.0,0.0060192
OAX/BTC,1543183642735,2018-11-25T22:07:22.735Z,sell,2.5e-05,141.0,0.003525
OAX/BTC,1543183690977,2018-11-25T22:08:10.977Z,buy,2.524e-05,137.0,0.00345788
OAX/BTC,1543183933322,2018-11-25T22:12:13.322Z,buy,2.519e-05,81.0,0.00204039
OAX/BTC,1543183933322,2018-11-25T22:12:13.322Z,buy,2.52e-05,100.0,0.00252
OAX/BTC,1543183933322,2018-11-25T22:12:13.322Z,buy,2.525e-05,413.0,0.01042825
OAX/BTC,1543183933342,2018-11-25T22:12:13.342Z,sell,2.526e-05,380.0,0.0095988
OAX/BTC,1543183933363,2018-11-25T22:12:13.363Z,sell,2.526e-05,189.0,0.00477414
OAX/BTC,1543183953039,2018-11-25T22:12:33.039Z,sell,2.502e-05,137.0,0.00342774
OAX/BTC,1543183970476,2018-11-25T22:12:50.476Z,buy,2.528e-05,395.0,0.0099855999999999
OAX/BTC,1543184000293,2018-11-25T22:13:20.293Z,sell,2.508e-05,51.0,0.00127908
OAX/BTC,1543184233388,2018-11-25T22:17:13.388Z,buy,2.529e-05,2.0,5.058e-05
OAX/BTC,1543184235081,2018-11-25T22:17:15.081Z,sell,2.529e-05,65.0,0.00164385
OAX/BTC,1543184237509,2018-11-25T22:17:17.509Z,sell,2.529e-05,87.0,0.00220023
OAX/BTC,1543184245577,2018-11-25T22:17:25.577Z,buy,2.534e-05,46.0,0.00116564
OAX/BTC,1543184245577,2018-11-25T22:17:25.577Z,buy,2.534e-05,5.0,0.0001267
OAX/BTC,1543184246440,2018-11-25T22:17:26.440Z,sell,2.534e-05,155.0,0.0039277
OAX/BTC,1543184250889,2018-11-25T22:17:30.889Z,sell,2.534e-05,1968.0,0.04986912
OAX/BTC,1543184499660,2018-11-25T22:21:39.660Z,sell,2.534e-05,742.0,0.01880228
OAX/BTC,1543184590652,2018-11-25T22:23:10.652Z,sell,2.534e-05,89.0,0.00225526
OAX/BTC,1543184592048,2018-11-25T22:23:12.048Z,sell,2.534e-05,1114.0,0.02822876
OAX/BTC,1543184615508,2018-11-25T22:23:35.508Z,sell,2.534e-05,1200.0,0.030408
OAX/BTC,1543184770005,2018-11-25T22:26:10.005Z,sell,2.535e-05,480.0,0.012168
OAX/BTC,1543184770005,2018-11-25T22:26:10.005Z,sell,2.534e-05,1222.0,0.03096548
OAX/BTC,1543184908719,2018-11-25T22:28:28.719Z,buy,2.536e-05,718.0,0.01820848
OAX/BTC,1543185006245,2018-11-25T22:30:06.245Z,buy,2.536e-05,542.0,0.01374512
OAX/BTC,1543185006245,2018-11-25T22:30:06.245Z,buy,2.537e-05,348.0,0.00882876
OAX/BTC,1543185039119,2018-11-25T22:30:39.119Z,buy,2.537e-05,845.0,0.02143765
OAX/BTC,1543185039119,2018-11-25T22:30:39.119Z,buy,2.538e-05,49.0,0.00124362
OAX/BTC,1543185039119,2018-11-25T22:30:39.119Z,buy,2.539e-05,5100.0,0.129489
OAX/BTC,1543185040352,2018-11-25T22:30:40.352Z,sell,2.534e-05,112.0,0.00283808
OAX/BTC,1543185095574,2018-11-25T22:31:35.574Z,sell,2.534e-05,46.0,0.00116564
OAX/BTC,1543185101873,2018-11-25T22:31:41.873Z,sell,2.534e-05,461.0,0.01168174
OAX/BTC,1543185520185,2018-11-25T22:38:40.185Z,sell,2.529e-05,419.0,0.01059651
OAX/BTC,1543185520185,2018-11-25T22:38:40.185Z,sell,2.529e-05,419.0,0.01059651
OAX/BTC,1543185967804,2018-11-25T22:46:07.804Z,sell,2.529e-05,44.0,0.00111276
OAX/BTC,1543186094552,2018-11-25T22:48:14.552Z,sell,2.529e-05,504.0,0.01274616
OAX/BTC,1543186095130,2018-11-25T22:48:15.130Z,sell,2.518e-05,1367.0,0.0344210599999999
OAX/BTC,1543186096615,2018-11-25T22:48:16.615Z,sell,2.518e-05,143.0,0.00360074
OAX/BTC,1543186097219,2018-11-25T22:48:17.219Z,sell,2.518e-05,409.0,0.01029862
OAX/BTC,1543186097418,2018-11-25T22:48:17.418Z,sell,2.518e-05,80.0,0.0020144
OAX/BTC,1543186391064,2018-11-25T22:53:11.064Z,sell,2.522e-05,3886.0,0.09800492
OAX/BTC,1543186391096,2018-11-25T22:53:11.096Z,buy,2.522e-05,486.0,0.01225692
OAX/BTC,1543186391117,2018-11-25T22:53:11.117Z,buy,2.522e-05,1.0,2.522e-05
OAX/BTC,1543186429612,2018-11-25T22:53:49.612Z,sell,2.518e-05,3001.0,0.07556518
OAX/BTC,1543186429612,2018-11-25T22:53:49.612Z,sell,2.51e-05,2000.0,0.0502
OAX/BTC,1543186429612,2018-11-25T22:53:49.612Z,sell,2.501e-05,239.0,0.00597739
OAX/BTC,1543186429612,2018-11-25T22:53:49.612Z,sell,2.499e-05,2912.0,0.07277088
OAX/BTC,1543186429636,2018-11-25T22:53:49.636Z,buy,2.499e-05,3290.0,0.0822171
OAX/BTC,1543186429639,2018-11-25T22:53:49.639Z,buy,2.499e-05,1561.0,0.03900939
OAX/BTC,1543186429639,2018-11-25T22:53:49.639Z,buy,2.499e-05,144.0,0.0035985599999999
OAX/BTC,1543186429640,2018-11-25T22:53:49.640Z,buy,2.499e-05,263.0,0.00657237
OAX/BTC,1543186429692,2018-11-25T22:53:49.692Z,buy,2.534e-05,66.0,0.00167244
OAX/BTC,1543186429692,2018-11-25T22:53:49.692Z,buy,2.549e-05,100.0,0.002549
OAX/BTC,1543186429692,2018-11-25T22:53:49.692Z,buy,2.55e-05,121.0,0.0030855
OAX/BTC,1543186429692,2018-11-25T22:53:49.692Z,buy,2.552e-05,1414.0,0.03608528
OAX/BTC,1543186429692,2018-11-25T22:53:49.692Z,buy,2.559e-05,100.0,0.002559
OAX/BTC,1543186429692,2018-11-25T22:53:49.692Z,buy,2.569e-05,167.0,0.00429023
OAX/BTC,1543186429694,2018-11-25T22:53:49.694Z,sell,2.494e-05,476.0,0.0118714399999999
OAX/BTC,1543186429694,2018-11-25T22:53:49.694Z,sell,2.483e-05,264.0,0.00655512
OAX/BTC,1543186429780,2018-11-25T22:53:49.780Z,sell,2.484e-05,140.0,0.0034776
OAX/BTC,1543186432998,2018-11-25T22:53:52.998Z,sell,2.493e-05,140.0,0.0034902
OAX/BTC,1543186441113,2018-11-25T22:54:01.113Z,sell,2.494e-05,81.0,0.0020201399999999
OAX/BTC,1543186450804,2018-11-25T22:54:10.804Z,buy,2.504e-05,81.0,0.00202824
OAX/BTC,1543186450804,2018-11-25T22:54:10.804Z,buy,2.505e-05,168.0,0.0042084
OAX/BTC,1543186463253,2018-11-25T22:54:23.253Z,sell,2.495e-05,270.0,0.0067365
OAX/BTC,1543186491045,2018-11-25T22:54:51.045Z,sell,2.495e-05,49.0,0.00122255
OAX/BTC,1543186491140,2018-11-25T22:54:51.140Z,sell,2.495e-05,49.0,0.00122255
OAX/BTC,1543186491164,2018-11-25T22:54:51.164Z,sell,2.495e-05,49.0,0.00122255
OAX/BTC,1543186491231,2018-11-25T22:54:51.231Z,sell,2.495e-05,49.0,0.00122255
OAX/BTC,1543186491253,2018-11-25T22:54:51.253Z,sell,2.495e-05,49.0,0.00122255
OAX/BTC,1543186491383,2018-11-25T22:54:51.383Z,sell,2.495e-05,49.0,0.00122255
OAX/BTC,1543186491487,2018-11-25T22:54:51.487Z,sell,2.495e-05,49.0,0.00122255
OAX/BTC,1543186491584,2018-11-25T22:54:51.584Z,sell,2.495e-05,49.0,0.00122255
OAX/BTC,1543186491688,2018-11-25T22:54:51.688Z,sell,2.495e-05,49.0,0.00122255
OAX/BTC,1543186491782,2018-11-25T22:54:51.782Z,sell,2.495e-05,44.0,0.0010978
OAX/BTC,1543186494226,2018-11-25T22:54:54.226Z,sell,2.495e-05,290.0,0.0072355
OAX/BTC,1543186548497,2018-11-25T22:55:48.497Z,sell,2.495e-05,126.0,0.0031437
OAX/BTC,1543186727777,2018-11-25T22:58:47.777Z,sell,2.497e-05,254.0,0.00634238
OAX/BTC,1543186731176,2018-11-25T22:58:51.176Z,sell,2.497e-05,480.0,0.0119855999999999
OAX/BTC,1543186976975,2018-11-25T23:02:56.975Z,buy,2.5e-05,280.0,0.007
OAX/BTC,1543187045076,2018-11-25T23:04:05.076Z,buy,2.5e-05,196.0,0.0049
OAX/BTC,1543187249690,2018-11-25T23:07:29.690Z,buy,2.518e-05,383.0,0.00964394
OAX/BTC,1543187393244,2018-11-25T23:09:53.244Z,buy,2.518e-05,488.0,0.01228784
OAX/BTC,1543187408840,2018-11-25T23:10:08.840Z,buy,2.518e-05,1727.0,0.04348586
OAX/BTC,1543187417062,2018-11-25T23:10:17.062Z,buy,2.518e-05,911.0,0.02293898
OAX/BTC,1543187417450,2018-11-25T23:10:17.450Z,buy,2.518e-05,911.0,0.02293898
OAX/BTC,1543187418152,2018-11-25T23:10:18.152Z,buy,2.518e-05,580.0,0.0146044
OAX/BTC,1543187517670,2018-11-25T23:11:57.670Z,buy,2.529e-05,50.0,0.0012645
OAX/BTC,1543187763525,2018-11-25T23:16:03.525Z,sell,2.502e-05,140.0,0.0035028
OAX/BTC,1543188427140,2018-11-25T23:27:07.140Z,sell,2.51e-05,568.0,0.0142568
OAX/BTC,1543188427140,2018-11-25T23:27:07.140Z,sell,2.509e-05,1196.0,0.03000764
OAX/BTC,1543188447993,2018-11-25T23:27:27.993Z,sell,2.503e-05,691.0,0.01729573
OAX/BTC,1543188447993,2018-11-25T23:27:27.993Z,sell,2.503e-05,691.0,0.01729573
OAX/BTC,1543189236780,2018-11-25T23:40:36.780Z,buy,2.525e-05,97.0,0.00244925
OAX/BTC,1543190093221,2018-11-25T23:54:53.221Z,buy,2.516e-05,91.0,0.00228956
OAX/BTC,1543190838115,2018-11-26T00:07:18.115Z,sell,2.504e-05,383.0,0.00959032
OAX/BTC,1543191210748,2018-11-26T00:13:30.748Z,buy,2.516e-05,44.0,0.0011070399999999
OAX/BTC,1543191711468,2018-11-26T00:21:51.468Z,buy,2.516e-05,71.0,0.00178636
OAX/BTC,1543191972319,2018-11-26T00:26:12.319Z,sell,2.504e-05,984.0,0.02463936
OAX/BTC,1543191972319,2018-11-26T00:26:12.319Z,sell,2.504e-05,984.0,0.02463936
OAX/BTC,1543192271965,2018-11-26T00:31:11.965Z,sell,2.504e-05,71.0,0.00177784
OAX/BTC,1543192989929,2018-11-26T00:43:09.929Z,buy,2.516e-05,40.0,0.0010064
OAX/BTC,1543193228663,2018-11-26T00:47:08.663Z,buy,2.516e-05,225.0,0.005661
OAX/BTC,1543193228663,2018-11-26T00:47:08.663Z,buy,2.517e-05,1418.0,0.03569106
OAX/BTC,1543193851643,2018-11-26T00:57:31.643Z,sell,2.503e-05,675.0,0.01689525
OAX/BTC,1543193864877,2018-11-26T00:57:44.877Z,sell,2.504e-05,77.0,0.00192808
OAX/BTC,1543194283143,2018-11-26T01:04:43.143Z,buy,2.524e-05,100.0,0.0025239999999999
OAX/BTC,1543194311075,2018-11-26T01:05:11.075Z,buy,2.523e-05,113.0,0.00285099
OAX/BTC,1543194335415,2018-11-26T01:05:35.415Z,buy,2.523e-05,129.0,0.00325467
OAX/BTC,1543194357669,2018-11-26T01:05:57.669Z,buy,2.523e-05,148.0,0.00373404
OAX/BTC,1543194392511,2018-11-26T01:06:32.511Z,buy,2.523e-05,233.0,0.00587859
OAX/BTC,1543194449509,2018-11-26T01:07:29.509Z,buy,2.523e-05,383.0,0.00966309
OAX/BTC,1543194664405,2018-11-26T01:11:04.405Z,buy,2.523e-05,432.0,0.01089936
OAX/BTC,1543194664405,2018-11-26T01:11:04.405Z,buy,2.524e-05,3190.0,0.0805155999999999
OAX/BTC,1543194664405,2018-11-26T01:11:04.405Z,buy,2.525e-05,889.0,0.02244725
OAX/BTC,1543194664405,2018-11-26T01:11:04.405Z,buy,2.529e-05,189.0,0.00477981
OAX/BTC,1543194664405,2018-11-26T01:11:04.405Z,buy,2.539e-05,5000.0,0.12695
OAX/BTC,1543194664405,2018-11-26T01:11:04.405Z,buy,2.569e-05,320.0,0.0082208
OAX/BTC,1543194664405,2018-11-26T01:11:04.405Z,buy,2.573e-05,1415.0,0.03640795
OAX/BTC,1543194664405,2018-11-26T01:11:04.405Z,buy,2.579e-05,100.0,0.0025789999999999
OAX/BTC,1543194664405,2018-11-26T01:11:04.405Z,buy,2.581e-05,626.0,0.0161570599999999
OAX/BTC,1543194664405,2018-11-26T01:11:04.405Z,buy,2.586e-05,3956.0,0.10230216
OAX/BTC,1543194664405,2018-11-26T01:11:04.405Z,buy,2.589e-05,100.0,0.002589
OAX/BTC,1543194664405,2018-11-26T01:11:04.405Z,buy,2.593e-05,7341.0,0.19035213
OAX/BTC,1543194664421,2018-11-26T01:11:04.421Z,sell,2.593e-05,465.0,0.01205745
OAX/BTC,1543194664454,2018-11-26T01:11:04.454Z,buy,2.596e-05,162.0,0.00420552
OAX/BTC,1543194666153,2018-11-26T01:11:06.153Z,buy,2.569e-05,428.0,0.01099532
OAX/BTC,1543194667800,2018-11-26T01:11:07.800Z,buy,2.561e-05,52.0,0.00133172
OAX/BTC,1543194667800,2018-11-26T01:11:07.800Z,buy,2.569e-05,45.0,0.00115605
OAX/BTC,1543194732967,2018-11-26T01:12:12.967Z,sell,2.547e-05,280.0,0.0071315999999999
OAX/BTC,1543194733521,2018-11-26T01:12:13.521Z,sell,2.547e-05,39.0,0.00099333
OAX/BTC,1543194734064,2018-11-26T01:12:14.064Z,sell,2.547e-05,39.0,0.00099333
OAX/BTC,1543194761598,2018-11-26T01:12:41.598Z,sell,2.552e-05,616.0,0.01572032
OAX/BTC,1543194762177,2018-11-26T01:12:42.177Z,buy,2.552e-05,82.0,0.0020926399999999
OAX/BTC,1543194775814,2018-11-26T01:12:55.814Z,sell,2.528e-05,402.0,0.01016256
OAX/BTC,1543194775949,2018-11-26T01:12:55.949Z,sell,2.528e-05,252.0,0.00637056
OAX/BTC,1543194776460,2018-11-26T01:12:56.460Z,sell,2.528e-05,87.0,0.00219936
OAX/BTC,1543194777858,2018-11-26T01:12:57.858Z,sell,2.528e-05,422.0,0.01066816
OAX/BTC,1543194791095,2018-11-26T01:13:11.095Z,sell,2.528e-05,19.0,0.0004803199999999
OAX/BTC,1543194791095,2018-11-26T01:13:11.095Z,sell,2.527e-05,34.0,0.00085918
OAX/BTC,1543194805951,2018-11-26T01:13:25.951Z,buy,2.546e-05,262.0,0.00667052
OAX/BTC,1543194939630,2018-11-26T01:15:39.630Z,buy,2.555e-05,303.0,0.00774165
OAX/BTC,1543194939662,2018-11-26T01:15:39.662Z,buy,2.556e-05,64.0,0.00163584
OAX/BTC,1543194939662,2018-11-26T01:15:39.662Z,buy,2.556e-05,440.0,0.0112464
OAX/BTC,1543194939675,2018-11-26T01:15:39.675Z,buy,2.556e-05,303.0,0.0077446799999999
OAX/BTC,1543194939697,2018-11-26T01:15:39.697Z,buy,2.556e-05,191.0,0.0048819599999999
OAX/BTC,1543195317104,2018-11-26T01:21:57.104Z,buy,2.553e-05,184.0,0.00469752
OAX/BTC,1543195317110,2018-11-26T01:21:57.110Z,buy,2.554e-05,440.0,0.0112376
OAX/BTC,1543195317110,2018-11-26T01:21:57.110Z,buy,2.556e-05,409.0,0.01045404
OAX/BTC,1543195317110,2018-11-26T01:21:57.110Z,buy,2.559e-05,5000.0,0.12795
OAX/BTC,1543195321333,2018-11-26T01:22:01.333Z,sell,2.558e-05,79.0,0.00202082
OAX/BTC,1543195368888,2018-11-26T01:22:48.888Z,sell,2.552e-05,1172.0,0.02990944
OAX/BTC,1543195368888,2018-11-26T01:22:48.888Z,sell,2.551e-05,224.0,0.00571424
OAX/BTC,1543195368888,2018-11-26T01:22:48.888Z,sell,2.552e-05,1172.0,0.02990944
OAX/BTC,1543195368888,2018-11-26T01:22:48.888Z,sell,2.551e-05,224.0,0.00571424
OAX/BTC,1543195597709,2018-11-26T01:26:37.709Z,sell,2.547e-05,392.0,0.00998424
OAX/BTC,1543195597709,2018-11-26T01:26:37.709Z,sell,2.546e-05,118.0,0.00300428
OAX/BTC,1543195597719,2018-11-26T01:26:37.719Z,sell,2.54e-05,60.0,0.001524
OAX/BTC,1543195659256,2018-11-26T01:27:39.256Z,sell,2.546e-05,154.0,0.00392084
OAX/BTC,1543195659256,2018-11-26T01:27:39.256Z,sell,2.54e-05,46.0,0.0011684
OAX/BTC,1543195664830,2018-11-26T01:27:44.830Z,sell,2.54e-05,55.0,0.001397
OAX/BTC,1543195673354,2018-11-26T01:27:53.354Z,sell,2.54e-05,596.0,0.0151384
OAX/BTC,1543195673369,2018-11-26T01:27:53.369Z,sell,2.539e-05,41.0,0.0010409899999999
OAX/BTC,1543195803927,2018-11-26T01:30:03.927Z,sell,2.539e-05,4959.0,0.12590901
OAX/BTC,1543195823982,2018-11-26T01:30:23.982Z,sell,2.52e-05,317.0,0.0079884
OAX/BTC,1543195823982,2018-11-26T01:30:23.982Z,sell,2.518e-05,1098.0,0.02764764
OAX/BTC,1543195828068,2018-11-26T01:30:28.068Z,sell,2.518e-05,97.0,0.00244246
OAX/BTC,1543196058382,2018-11-26T01:34:18.382Z,buy,2.519e-05,50.0,0.0012595
OAX/BTC,1543196058385,2018-11-26T01:34:18.385Z,buy,2.519e-05,285.0,0.00717915
OAX/BTC,1543196058390,2018-11-26T01:34:18.390Z,buy,2.519e-05,285.0,0.00717915
OAX/BTC,1543196058424,2018-11-26T01:34:18.424Z,buy,2.519e-05,449.0,0.01131031
OAX/BTC,1543196155710,2018-11-26T01:35:55.710Z,sell,2.518e-05,701.0,0.01765118
OAX/BTC,1543196870198,2018-11-26T01:47:50.198Z,sell,2.518e-05,40.0,0.0010072
OAX/BTC,1543197377828,2018-11-26T01:56:17.828Z,sell,2.518e-05,3616.0,0.09105088
OAX/BTC,1543198040137,2018-11-26T02:07:20.137Z,sell,2.518e-05,273.0,0.00687414
OAX/BTC,1543198040137,2018-11-26T02:07:20.137Z,sell,2.505e-05,110.0,0.0027554999999999
OAX/BTC,1543198115391,2018-11-26T02:08:35.391Z,sell,2.505e-05,59.0,0.00147795
OAX/BTC,1543198181862,2018-11-26T02:09:41.862Z,buy,2.519e-05,238.0,0.00599522
OAX/BTC,1543198293945,2018-11-26T02:11:33.945Z,buy,2.516e-05,221.0,0.00556036
OAX/BTC,1543198427074,2018-11-26T02:13:47.074Z,buy,2.516e-05,54.0,0.00135864
OAX/BTC,1543198629852,2018-11-26T02:17:09.852Z,buy,2.516e-05,283.0,0.00712028
OAX/BTC,1543198629933,2018-11-26T02:17:09.933Z,sell,2.517e-05,222.0,0.00558774
OAX/BTC,1543198647773,2018-11-26T02:17:27.773Z,sell,2.517e-05,328.0,0.00825576
OAX/BTC,1543198647773,2018-11-26T02:17:27.773Z,sell,2.517e-05,328.0,0.00825576
OAX/BTC,1543199392838,2018-11-26T02:29:52.838Z,sell,2.505e-05,63.0,0.00157815
OAX/BTC,1543200285512,2018-11-26T02:44:45.512Z,sell,2.505e-05,1149.0,0.0287824499999999
OAX/BTC,1543200712055,2018-11-26T02:51:52.055Z,sell,2.502e-05,651.0,0.01628802
OAX/BTC,1543200712055,2018-11-26T02:51:52.055Z,sell,2.501e-05,262.0,0.0065526199999999
OAX/BTC,1543200712055,2018-11-26T02:51:52.055Z,sell,2.499e-05,612.0,0.01529388
OAX/BTC,1543200964577,2018-11-26T02:56:04.577Z,sell,2.499e-05,582.0,0.01454418
OAX/BTC,1543201648028,2018-11-26T03:07:28.028Z,buy,2.513e-05,390.0,0.0098007
OAX/BTC,1543202067359,2018-11-26T03:14:27.359Z,buy,2.513e-05,74.0,0.00185962
OAX/BTC,1543202067359,2018-11-26T03:14:27.359Z,buy,2.514e-05,49.0,0.00123186
OAX/BTC,1543202085513,2018-11-26T03:14:45.513Z,buy,2.515e-05,1891.0,0.04755865
OAX/BTC,1543202085513,2018-11-26T03:14:45.513Z,buy,2.515e-05,1891.0,0.04755865
OAX/BTC,1543203170226,2018-11-26T03:32:50.226Z,buy,2.515e-05,29.0,0.00072935
OAX/BTC,1543203170226,2018-11-26T03:32:50.226Z,buy,2.519e-05,474.0,0.01194006
OAX/BTC,1543203170226,2018-11-26T03:32:50.226Z,buy,2.538e-05,412.0,0.01045656
OAX/BTC,1543203170226,2018-11-26T03:32:50.226Z,buy,2.539e-05,1785.0,0.04532115
OAX/BTC,1543203228995,2018-11-26T03:33:48.995Z,sell,2.514e-05,50.0,0.001257
OAX/BTC,1543203727175,2018-11-26T03:42:07.175Z,sell,2.511e-05,1830.0,0.0459513
OAX/BTC,1543204198338,2018-11-26T03:49:58.338Z,buy,2.511e-05,486.0,0.01220346
OAX/BTC,1543204241851,2018-11-26T03:50:41.851Z,buy,2.511e-05,995.0,0.02498445
OAX/BTC,1543204355843,2018-11-26T03:52:35.843Z,sell,2.5e-05,4503.0,0.112575
OAX/BTC,1543204440338,2018-11-26T03:54:00.338Z,sell,2.5e-05,485.0,0.012125
OAX/BTC,1543204587182,2018-11-26T03:56:27.182Z,buy,2.51e-05,1210.0,0.030371
OAX/BTC,1543204804732,2018-11-26T04:00:04.732Z,sell,2.5e-05,553.0,0.013825
OAX/BTC,1543204804732,2018-11-26T04:00:04.732Z,sell,2.499e-05,1447.0,0.0361605299999999
OAX/BTC,1543204815159,2018-11-26T04:00:15.159Z,sell,2.5e-05,72.0,0.0018
OAX/BTC,1543204922344,2018-11-26T04:02:02.344Z,sell,2.5e-05,3820.0,0.0955
OAX/BTC,1543205604764,2018-11-26T04:13:24.764Z,sell,2.5e-05,6365.0,0.159125
OAX/BTC,1543205604764,2018-11-26T04:13:24.764Z,sell,2.499e-05,2359.0,0.0589514099999999
OAX/BTC,1543205604764,2018-11-26T04:13:24.764Z,sell,2.497e-05,1276.0,0.03186172
OAX/BTC,1543205604764,2018-11-26T04:13:24.764Z,sell,2.484e-05,791.0,0.01964844
OAX/BTC,1543205604764,2018-11-26T04:13:24.764Z,sell,2.481e-05,2786.0,0.06912066
OAX/BTC,1543205604764,2018-11-26T04:13:24.764Z,sell,2.479e-05,4622.0,0.11457938
OAX/BTC,1543205604807,2018-11-26T04:13:24.807Z,buy,2.48e-05,54.0,0.0013392
OAX/BTC,1543205604854,2018-11-26T04:13:24.854Z,buy,2.48e-05,75.0,0.0018599999999999
OAX/BTC,1543205606889,2018-11-26T04:13:26.889Z,sell,2.5e-05,586.0,0.01465
OAX/BTC,1543205680054,2018-11-26T04:14:40.054Z,sell,2.501e-05,1453.0,0.03633953
OAX/BTC,1543205680054,2018-11-26T04:14:40.054Z,sell,2.5e-05,5414.0,0.13535
OAX/BTC,1543205680054,2018-11-26T04:14:40.054Z,sell,2.501e-05,1453.0,0.03633953
OAX/BTC,1543205680054,2018-11-26T04:14:40.054Z,sell,2.5e-05,5414.0,0.13535
OAX/BTC,1543205731994,2018-11-26T04:15:31.994Z,buy,2.495e-05,154.0,0.0038423
OAX/BTC,1543205731994,2018-11-26T04:15:31.994Z,buy,2.498e-05,24.0,0.00059952
OAX/BTC,1543205736900,2018-11-26T04:15:36.900Z,sell,2.49e-05,97.0,0.0024153
OAX/BTC,1543205737038,2018-11-26T04:15:37.038Z,buy,2.498e-05,158.0,0.00394684
OAX/BTC,1543205737063,2018-11-26T04:15:37.063Z,buy,2.498e-05,158.0,0.00394684
OAX/BTC,1543205747280,2018-11-26T04:15:47.280Z,sell,2.483e-05,368.0,0.00913744
OAX/BTC,1543205747280,2018-11-26T04:15:47.280Z,sell,2.482e-05,1204.0,0.0298832799999999
OAX/BTC,1543205747280,2018-11-26T04:15:47.280Z,sell,2.481e-05,203.0,0.00503643
OAX/BTC,1543205747280,2018-11-26T04:15:47.280Z,sell,2.479e-05,469.0,0.01162651
OAX/BTC,1543205747280,2018-11-26T04:15:47.280Z,sell,2.478e-05,281.0,0.00696318
OAX/BTC,1543205747280,2018-11-26T04:15:47.280Z,sell,2.477e-05,3100.0,0.076787
OAX/BTC,1543205810685,2018-11-26T04:16:50.685Z,sell,2.479e-05,45.0,0.00111555
OAX/BTC,1543205810685,2018-11-26T04:16:50.685Z,sell,2.478e-05,160.0,0.0039648
OAX/BTC,1543205810685,2018-11-26T04:16:50.685Z,sell,2.477e-05,3742.0,0.09268934
OAX/BTC,1543205852937,2018-11-26T04:17:32.937Z,buy,2.492e-05,562.0,0.01400504
OAX/BTC,1543205853104,2018-11-26T04:17:33.104Z,buy,2.492e-05,60.0,0.0014952
OAX/BTC,1543205942970,2018-11-26T04:19:02.970Z,buy,2.48e-05,3387.0,0.0839976
OAX/BTC,1543206015187,2018-11-26T04:20:15.187Z,buy,2.48e-05,135.0,0.003348
OAX/BTC,1543206049281,2018-11-26T04:20:49.281Z,buy,2.489e-05,363.0,0.00903507
OAX/BTC,1543206049562,2018-11-26T04:20:49.562Z,buy,2.489e-05,233.0,0.00579937
OAX/BTC,1543206053069,2018-11-26T04:20:53.069Z,sell,2.489e-05,2503.0,0.06229967
OAX/BTC,1543206148615,2018-11-26T04:22:28.615Z,sell,2.489e-05,1264.0,0.03146096
OAX/BTC,1543206309287,2018-11-26T04:25:09.287Z,sell,2.479e-05,519.0,0.01286601
OAX/BTC,1543206309361,2018-11-26T04:25:09.361Z,buy,2.479e-05,181.0,0.00448699
OAX/BTC,1543206350844,2018-11-26T04:25:50.844Z,sell,2.472e-05,100.0,0.002472
OAX/BTC,1543206350844,2018-11-26T04:25:50.844Z,sell,2.466e-05,295.0,0.0072747
OAX/BTC,1543206382635,2018-11-26T04:26:22.635Z,sell,2.472e-05,94.0,0.00232368
OAX/BTC,1543206383896,2018-11-26T04:26:23.896Z,buy,2.471e-05,130.0,0.0032123
OAX/BTC,1543206416080,2018-11-26T04:26:56.080Z,sell,2.466e-05,117.0,0.00288522
OAX/BTC,1543206570049,2018-11-26T04:29:30.049Z,sell,2.467e-05,1211.0,0.02987537
OAX/BTC,1543206570049,2018-11-26T04:29:30.049Z,sell,2.466e-05,8868.0,0.21868488
OAX/BTC,1543206591211,2018-11-26T04:29:51.211Z,sell,2.466e-05,438.0,0.01080108
OAX/BTC,1543206591500,2018-11-26T04:29:51.500Z,buy,2.466e-05,1163.0,0.02867958
OAX/BTC,1543206591598,2018-11-26T04:29:51.598Z,buy,2.466e-05,732.0,0.01805112
OAX/BTC,1543206591622,2018-11-26T04:29:51.622Z,buy,2.466e-05,664.0,0.01637424
OAX/BTC,1543206593431,2018-11-26T04:29:53.431Z,buy,2.466e-05,100.0,0.002466
OAX/BTC,1543206595525,2018-11-26T04:29:55.525Z,buy,2.466e-05,100.0,0.002466
OAX/BTC,1543206597318,2018-11-26T04:29:57.318Z,buy,2.466e-05,100.0,0.002466
OAX/BTC,1543206599655,2018-11-26T04:29:59.655Z,buy,2.466e-05,100.0,0.002466
OAX/BTC,1543206609082,2018-11-26T04:30:09.082Z,buy,2.466e-05,158.0,0.00389628
OAX/BTC,1543206651843,2018-11-26T04:30:51.843Z,sell,2.461e-05,1197.0,0.02945817
OAX/BTC,1543206651843,2018-11-26T04:30:51.843Z,sell,2.459e-05,2353.0,0.05786027
OAX/BTC,1543206707714,2018-11-26T04:31:47.714Z,buy,2.466e-05,6.0,0.00014796
OAX/BTC,1543206785864,2018-11-26T04:33:05.864Z,buy,2.466e-05,149.0,0.00367434
OAX/BTC,1543206912806,2018-11-26T04:35:12.806Z,buy,2.466e-05,136.0,0.00335376
OAX/BTC,1543207279153,2018-11-26T04:41:19.153Z,buy,2.466e-05,49.0,0.00120834
OAX/BTC,1543207660184,2018-11-26T04:47:40.184Z,sell,2.459e-05,3061.0,0.07526999
OAX/BTC,1543207667027,2018-11-26T04:47:47.027Z,buy,2.454e-05,241.0,0.00591414
OAX/BTC,1543207673402,2018-11-26T04:47:53.402Z,buy,2.464e-05,1231.0,0.03033184
OAX/BTC,1543207750992,2018-11-26T04:49:10.992Z,sell,2.459e-05,97.0,0.00238523
OAX/BTC,1543207919657,2018-11-26T04:51:59.657Z,sell,2.45e-05,458.0,0.011221
OAX/BTC,1543207919657,2018-11-26T04:51:59.657Z,sell,2.447e-05,4711.0,0.11527817
OAX/BTC,1543207919657,2018-11-26T04:51:59.657Z,sell,2.446e-05,445.0,0.0108847
OAX/BTC,1543207919657,2018-11-26T04:51:59.657Z,sell,2.446e-05,501.0,0.01225446
OAX/BTC,1543208269262,2018-11-26T04:57:49.262Z,buy,2.465e-05,136.0,0.0033523999999999
OAX/BTC,1543208332493,2018-11-26T04:58:52.493Z,sell,2.452e-05,48.0,0.00117696
OAX/BTC,1543208404033,2018-11-26T05:00:04.033Z,sell,2.453e-05,201.0,0.00493053
OAX/BTC,1543208404033,2018-11-26T05:00:04.033Z,sell,2.452e-05,1154.0,0.0282960799999999
OAX/BTC,1543208404061,2018-11-26T05:00:04.061Z,buy,2.451e-05,660.0,0.0161766
OAX/BTC,1543208404069,2018-11-26T05:00:04.069Z,buy,2.451e-05,392.0,0.00960792
OAX/BTC,1543208404143,2018-11-26T05:00:04.143Z,buy,2.451e-05,6129.0,0.15022179
OAX/BTC,1543208404244,2018-11-26T05:00:04.244Z,buy,2.451e-05,932.0,0.02284332
OAX/BTC,1543208404258,2018-11-26T05:00:04.258Z,buy,2.451e-05,421.0,0.01031871
OAX/BTC,1543208404258,2018-11-26T05:00:04.258Z,buy,2.466e-05,511.0,0.01260126
OAX/BTC,1543208405556,2018-11-26T05:00:05.556Z,sell,2.448e-05,201.0,0.00492048
OAX/BTC,1543208485720,2018-11-26T05:01:25.720Z,buy,2.457e-05,201.0,0.00493857
OAX/BTC,1543208485720,2018-11-26T05:01:25.720Z,buy,2.466e-05,389.0,0.00959274
OAX/BTC,1543208489037,2018-11-26T05:01:29.037Z,buy,2.466e-05,45.0,0.0011097
OAX/BTC,1543208583795,2018-11-26T05:03:03.795Z,buy,2.466e-05,121.0,0.00298386
OAX/BTC,1543208780599,2018-11-26T05:06:20.599Z,buy,2.465e-05,113.0,0.00278545
OAX/BTC,1543208780866,2018-11-26T05:06:20.866Z,sell,2.465e-05,664.0,0.0163676
OAX/BTC,1543208782640,2018-11-26T05:06:22.640Z,buy,2.466e-05,46.0,0.00113436
OAX/BTC,1543208895065,2018-11-26T05:08:15.065Z,buy,2.466e-05,678.0,0.01671948
OAX/BTC,1543208995281,2018-11-26T05:09:55.281Z,buy,2.466e-05,597.0,0.01472202
OAX/BTC,1543209124686,2018-11-26T05:12:04.686Z,buy,2.466e-05,3956.0,0.09755496
OAX/BTC,1543209139999,2018-11-26T05:12:19.999Z,buy,2.473e-05,1196.0,0.02957708
OAX/BTC,1543209139999,2018-11-26T05:12:19.999Z,buy,2.476e-05,2624.0,0.06497024
OAX/BTC,1543209139999,2018-11-26T05:12:19.999Z,buy,2.477e-05,1030.0,0.0255130999999999
OAX/BTC,1543209177208,2018-11-26T05:12:57.208Z,sell,2.466e-05,42.0,0.00103572
OAX/BTC,1543209201048,2018-11-26T05:13:21.048Z,sell,2.466e-05,392.0,0.00966672
OAX/BTC,1543209240383,2018-11-26T05:14:00.383Z,buy,2.476e-05,124.0,0.00307024
OAX/BTC,1543209240383,2018-11-26T05:14:00.383Z,buy,2.476e-05,124.0,0.00307024
OAX/BTC,1543209474747,2018-11-26T05:17:54.747Z,sell,2.476e-05,369.0,0.00913644
OAX/BTC,1543209478752,2018-11-26T05:17:58.752Z,sell,2.476e-05,1000.0,0.02476
OAX/BTC,1543209614298,2018-11-26T05:20:14.298Z,buy,2.476e-05,1469.0,0.03637244
OAX/BTC,1543210852860,2018-11-26T05:40:52.860Z,sell,2.476e-05,355.0,0.0087898
OAX/BTC,1543211029873,2018-11-26T05:43:49.873Z,sell,2.476e-05,1699.0,0.04206724
OAX/BTC,1543211249766,2018-11-26T05:47:29.766Z,sell,2.46e-05,138.0,0.0033948
OAX/BTC,1543211667821,2018-11-26T05:54:27.821Z,sell,2.46e-05,178.0,0.0043788
OAX/BTC,1543211667937,2018-11-26T05:54:27.937Z,buy,2.46e-05,764.0,0.0187944
OAX/BTC,1543212488004,2018-11-26T06:08:08.004Z,buy,2.47e-05,1871.0,0.0462137
OAX/BTC,1543212745855,2018-11-26T06:12:25.855Z,buy,2.478e-05,646.0,0.01600788
OAX/BTC,1543212745855,2018-11-26T06:12:25.855Z,buy,2.479e-05,5000.0,0.12395
OAX/BTC,1543212756812,2018-11-26T06:12:36.812Z,sell,2.479e-05,54.0,0.00133866
OAX/BTC,1543212757039,2018-11-26T06:12:37.039Z,buy,2.479e-05,654.0,0.01621266
OAX/BTC,1543212821032,2018-11-26T06:13:41.032Z,buy,2.479e-05,1553.0,0.03849887
OAX/BTC,1543212821032,2018-11-26T06:13:41.032Z,buy,2.484e-05,94.0,0.00233496
OAX/BTC,1543212821032,2018-11-26T06:13:41.032Z,buy,2.49e-05,269.0,0.0066980999999999
OAX/BTC,1543212821032,2018-11-26T06:13:41.032Z,buy,2.491e-05,281.0,0.00699971
OAX/BTC,1543212821032,2018-11-26T06:13:41.032Z,buy,2.494e-05,568.0,0.0141659199999999
OAX/BTC,1543212821032,2018-11-26T06:13:41.032Z,buy,2.496e-05,160.0,0.0039936
OAX/BTC,1543212821032,2018-11-26T06:13:41.032Z,buy,2.497e-05,101.0,0.00252197
OAX/BTC,1543212821032,2018-11-26T06:13:41.032Z,buy,2.498e-05,4649.0,0.11613202
OAX/BTC,1543212821032,2018-11-26T06:13:41.032Z,buy,2.499e-05,153.0,0.00382347
OAX/BTC,1543212821032,2018-11-26T06:13:41.032Z,buy,2.479e-05,1553.0,0.03849887
OAX/BTC,1543212821032,2018-11-26T06:13:41.032Z,buy,2.484e-05,94.0,0.00233496
OAX/BTC,1543212821032,2018-11-26T06:13:41.032Z,buy,2.49e-05,269.0,0.0066980999999999
OAX/BTC,1543212821032,2018-11-26T06:13:41.032Z,buy,2.491e-05,281.0,0.00699971
OAX/BTC,1543212821032,2018-11-26T06:13:41.032Z,buy,2.494e-05,568.0,0.0141659199999999
OAX/BTC,1543212821032,2018-11-26T06:13:41.032Z,buy,2.496e-05,160.0,0.0039936
OAX/BTC,1543212821032,2018-11-26T06:13:41.032Z,buy,2.497e-05,101.0,0.00252197
OAX/BTC,1543212821032,2018-11-26T06:13:41.032Z,buy,2.498e-05,4649.0,0.11613202
OAX/BTC,1543212821032,2018-11-26T06:13:41.032Z,buy,2.499e-05,153.0,0.00382347
OAX/BTC,1543213067958,2018-11-26T06:17:47.958Z,buy,2.499e-05,1641.0,0.04100859
OAX/BTC,1543213669130,2018-11-26T06:27:49.130Z,buy,2.498e-05,60.0,0.0014988
OAX/BTC,1543214077159,2018-11-26T06:34:37.159Z,buy,2.473e-05,45.0,0.0011128499999999
OAX/BTC,1543214253752,2018-11-26T06:37:33.752Z,buy,2.498e-05,356.0,0.00889288
OAX/BTC,1543214289368,2018-11-26T06:38:09.368Z,buy,2.498e-05,60.0,0.0014988
OAX/BTC,1543214478956,2018-11-26T06:41:18.956Z,sell,2.479e-05,160.0,0.0039664
OAX/BTC,1543214478956,2018-11-26T06:41:18.956Z,sell,2.478e-05,1763.0,0.04368714
OAX/BTC,1543214478956,2018-11-26T06:41:18.956Z,sell,2.468e-05,423.0,0.01043964
OAX/BTC,1543214478956,2018-11-26T06:41:18.956Z,sell,2.466e-05,2366.0,0.05834556
OAX/BTC,1543214478956,2018-11-26T06:41:18.956Z,sell,2.462e-05,5692.0,0.14013704
OAX/BTC,1543214478956,2018-11-26T06:41:18.956Z,sell,2.461e-05,3110.0,0.0765371
OAX/BTC,1543214489040,2018-11-26T06:41:29.040Z,sell,2.466e-05,585.0,0.0144261
OAX/BTC,1543214707215,2018-11-26T06:45:07.215Z,buy,2.466e-05,31.0,0.00076446
OAX/BTC,1543214707215,2018-11-26T06:45:07.215Z,buy,2.483e-05,585.0,0.01452555
OAX/BTC,1543214707215,2018-11-26T06:45:07.215Z,buy,2.484e-05,777.0,0.01930068
OAX/BTC,1543214707215,2018-11-26T06:45:07.215Z,buy,2.489e-05,423.0,0.01052847
OAX/BTC,1543214707215,2018-11-26T06:45:07.215Z,buy,2.491e-05,181.0,0.00450871
OAX/BTC,1543214792893,2018-11-26T06:46:32.893Z,buy,2.484e-05,125.0,0.003105
OAX/BTC,1543215145836,2018-11-26T06:52:25.836Z,buy,2.491e-05,401.0,0.00998891
OAX/BTC,1543215996853,2018-11-26T07:06:36.853Z,buy,2.489e-05,1660.0,0.0413174
OAX/BTC,1543215996853,2018-11-26T07:06:36.853Z,buy,2.49e-05,3282.0,0.0817218
OAX/BTC,1543215996853,2018-11-26T07:06:36.853Z,buy,2.491e-05,178.0,0.00443398
OAX/BTC,1543215996853,2018-11-26T07:06:36.853Z,buy,2.493e-05,1912.0,0.04766616
OAX/BTC,1543215996853,2018-11-26T07:06:36.853Z,buy,2.496e-05,4449.0,0.11104704
OAX/BTC,1543216031521,2018-11-26T07:07:11.521Z,buy,2.496e-05,1504.0,0.03753984
OAX/BTC,1543216031552,2018-11-26T07:07:11.552Z,sell,2.496e-05,4796.0,0.11970816
OAX/BTC,1543216031585,2018-11-26T07:07:11.585Z,sell,2.496e-05,97.0,0.00242112
OAX/BTC,1543216031933,2018-11-26T07:07:11.933Z,sell,2.496e-05,272.0,0.00678912
OAX/BTC,1543216032348,2018-11-26T07:07:12.348Z,sell,2.496e-05,3867.0,0.09652032
OAX/BTC,1543216032976,2018-11-26T07:07:12.976Z,sell,2.496e-05,314.0,0.00783744
OAX/BTC,1543216033067,2018-11-26T07:07:13.067Z,sell,2.496e-05,427.0,0.01065792
OAX/BTC,1543216036747,2018-11-26T07:07:16.747Z,sell,2.496e-05,227.0,0.00566592
OAX/BTC,1543216044091,2018-11-26T07:07:24.091Z,sell,2.496e-05,174.0,0.00434304
OAX/BTC,1543216044535,2018-11-26T07:07:24.535Z,sell,2.496e-05,200.0,0.004992
OAX/BTC,1543216046516,2018-11-26T07:07:26.516Z,sell,2.496e-05,100.0,0.002496
OAX/BTC,1543216052995,2018-11-26T07:07:32.995Z,sell,2.496e-05,100.0,0.002496
OAX/BTC,1543216054375,2018-11-26T07:07:34.375Z,sell,2.496e-05,100.0,0.002496
OAX/BTC,1543216058411,2018-11-26T07:07:38.411Z,sell,2.496e-05,57.0,0.00142272
OAX/BTC,1543216063926,2018-11-26T07:07:43.926Z,sell,2.496e-05,140.0,0.0034944
OAX/BTC,1543216073936,2018-11-26T07:07:53.936Z,sell,2.496e-05,44.0,0.00109824
OAX/BTC,1543216075432,2018-11-26T07:07:55.432Z,sell,2.496e-05,100.0,0.002496
OAX/BTC,1543216091096,2018-11-26T07:08:11.096Z,sell,2.496e-05,346.0,0.00863616
OAX/BTC,1543216091242,2018-11-26T07:08:11.242Z,sell,2.496e-05,291.0,0.00726336
OAX/BTC,1543216091527,2018-11-26T07:08:11.527Z,sell,2.496e-05,200.0,0.004992
OAX/BTC,1543216093388,2018-11-26T07:08:13.388Z,sell,2.496e-05,122.0,0.00304512
OAX/BTC,1543216093391,2018-11-26T07:08:13.391Z,sell,2.496e-05,123.0,0.00307008
OAX/BTC,1543216096452,2018-11-26T07:08:16.452Z,sell,2.496e-05,100.0,0.002496
OAX/BTC,1543216096467,2018-11-26T07:08:16.467Z,sell,2.496e-05,143.0,0.00356928
OAX/BTC,1543216109731,2018-11-26T07:08:29.731Z,sell,2.496e-05,1078.0,0.02690688
OAX/BTC,1543216163325,2018-11-26T07:09:23.325Z,buy,2.497e-05,999.0,0.02494503
OAX/BTC,1543216167879,2018-11-26T07:09:27.879Z,buy,2.498e-05,1334.0,0.03332332
OAX/BTC,1543216172063,2018-11-26T07:09:32.063Z,buy,2.498e-05,200.0,0.004996
OAX/BTC,1543216219020,2018-11-26T07:10:19.020Z,sell,2.496e-05,1467.0,0.03661632
OAX/BTC,1543216232360,2018-11-26T07:10:32.360Z,sell,2.496e-05,1209.0,0.03017664
OAX/BTC,1543216319417,2018-11-26T07:11:59.417Z,sell,2.496e-05,100.0,0.002496
OAX/BTC,1543216319417,2018-11-26T07:11:59.417Z,sell,2.496e-05,100.0,0.002496
OAX/BTC,1543216572851,2018-11-26T07:16:12.851Z,buy,2.498e-05,1480.0,0.0369704
OAX/BTC,1543216760458,2018-11-26T07:19:20.458Z,sell,2.496e-05,120.0,0.0029952
OAX/BTC,1543216801184,2018-11-26T07:20:01.184Z,sell,2.496e-05,100.0,0.002496
OAX/BTC,1543216818582,2018-11-26T07:20:18.582Z,buy,2.498e-05,350.0,0.008743
OAX/BTC,1543216820629,2018-11-26T07:20:20.629Z,sell,2.498e-05,195.0,0.0048711
OAX/BTC,1543216820758,2018-11-26T07:20:20.758Z,sell,2.498e-05,172.0,0.00429656
OAX/BTC,1543216822551,2018-11-26T07:20:22.551Z,sell,2.498e-05,100.0,0.002498
OAX/BTC,1543216822606,2018-11-26T07:20:22.606Z,sell,2.498e-05,122.0,0.00304756
OAX/BTC,1543216822967,2018-11-26T07:20:22.967Z,sell,2.498e-05,106.0,0.00264788
OAX/BTC,1543216824262,2018-11-26T07:20:24.262Z,sell,2.498e-05,100.0,0.002498
OAX/BTC,1543216824665,2018-11-26T07:20:24.665Z,sell,2.498e-05,100.0,0.002498
OAX/BTC,1543216897460,2018-11-26T07:21:37.460Z,buy,2.499e-05,1200.0,0.029988
OAX/BTC,1543217039038,2018-11-26T07:23:59.038Z,sell,2.498e-05,404.0,0.01009192
OAX/BTC,1543217039080,2018-11-26T07:23:59.080Z,sell,2.496e-05,294.0,0.00733824
OAX/BTC,1543217039080,2018-11-26T07:23:59.080Z,sell,2.489e-05,110.0,0.0027379
OAX/BTC,1543217039725,2018-11-26T07:23:59.725Z,sell,2.489e-05,49.0,0.00121961
OAX/BTC,1543217088947,2018-11-26T07:24:48.947Z,sell,2.489e-05,546.0,0.01358994
OAX/BTC,1543217090034,2018-11-26T07:24:50.034Z,sell,2.489e-05,437.0,0.01087693
OAX/BTC,1543217091093,2018-11-26T07:24:51.093Z,sell,2.489e-05,349.0,0.00868661
OAX/BTC,1543217094614,2018-11-26T07:24:54.614Z,sell,2.489e-05,279.0,0.00694431
OAX/BTC,1543217100522,2018-11-26T07:25:00.522Z,sell,2.489e-05,88.0,0.00219032
OAX/BTC,1543217101798,2018-11-26T07:25:01.798Z,sell,2.489e-05,114.0,0.00283746
OAX/BTC,1543217102204,2018-11-26T07:25:02.204Z,sell,2.489e-05,206.0,0.00512734
OAX/BTC,1543217106747,2018-11-26T07:25:06.747Z,sell,2.489e-05,335.0,0.00833815
OAX/BTC,1543217107027,2018-11-26T07:25:07.027Z,sell,2.489e-05,110.0,0.0027379
OAX/BTC,1543217107907,2018-11-26T07:25:07.907Z,sell,2.489e-05,142.0,0.00353438
OAX/BTC,1543217108980,2018-11-26T07:25:08.980Z,sell,2.489e-05,100.0,0.002489
OAX/BTC,1543217110835,2018-11-26T07:25:10.835Z,sell,2.489e-05,100.0,0.002489
OAX/BTC,1543217112971,2018-11-26T07:25:12.971Z,sell,2.489e-05,100.0,0.002489
OAX/BTC,1543217130492,2018-11-26T07:25:30.492Z,sell,2.489e-05,100.0,0.002489
OAX/BTC,1543217927741,2018-11-26T07:38:47.741Z,sell,2.489e-05,200.0,0.004978
OAX/BTC,1543218778301,2018-11-26T07:52:58.301Z,buy,2.489e-05,444.0,0.01105116
OAX/BTC,1543218897542,2018-11-26T07:54:57.542Z,sell,2.489e-05,2330.0,0.0579937
OAX/BTC,1543219127498,2018-11-26T07:58:47.498Z,sell,2.489e-05,1453.0,0.03616517
OAX/BTC,1543219261744,2018-11-26T08:01:01.744Z,sell,2.49e-05,1697.0,0.0422552999999999
OAX/BTC,1543219593163,2018-11-26T08:06:33.163Z,sell,2.49e-05,311.0,0.0077439
OAX/BTC,1543219601725,2018-11-26T08:06:41.725Z,buy,2.49e-05,2006.0,0.0499494
OAX/BTC,1543219611732,2018-11-26T08:06:51.732Z,buy,2.49e-05,2006.0,0.0499494
OAX/BTC,1543219621728,2018-11-26T08:07:01.728Z,buy,2.49e-05,2006.0,0.0499494
OAX/BTC,1543219631734,2018-11-26T08:07:11.734Z,buy,2.49e-05,2006.0,0.0499494
OAX/BTC,1543219641738,2018-11-26T08:07:21.738Z,buy,2.49e-05,1610.0,0.040089
OAX/BTC,1543219651723,2018-11-26T08:07:31.723Z,buy,2.49e-05,2.0,4.98e-05
OAX/BTC,1543219702353,2018-11-26T08:08:22.353Z,sell,2.49e-05,408.0,0.0101592
OAX/BTC,1543219702353,2018-11-26T08:08:22.353Z,sell,2.49e-05,408.0,0.0101592
OAX/BTC,1543220047440,2018-11-26T08:14:07.440Z,buy,2.49e-05,60.0,0.0014939999999999
OAX/BTC,1543220183627,2018-11-26T08:16:23.627Z,sell,2.489e-05,1281.0,0.03188409
OAX/BTC,1543220248019,2018-11-26T08:17:28.019Z,buy,2.49e-05,91.0,0.0022659
OAX/BTC,1543220414405,2018-11-26T08:20:14.405Z,buy,2.49e-05,318.0,0.0079182
OAX/BTC,1543220528019,2018-11-26T08:22:08.019Z,buy,2.49e-05,281.0,0.0069968999999999
OAX/BTC,1543221387734,2018-11-26T08:36:27.734Z,buy,2.49e-05,144.0,0.0035856
OAX/BTC,1543221388480,2018-11-26T08:36:28.480Z,buy,2.49e-05,251.0,0.0062499
OAX/BTC,1543221388492,2018-11-26T08:36:28.492Z,buy,2.49e-05,422.0,0.0105078
OAX/BTC,1543221468450,2018-11-26T08:37:48.450Z,buy,2.49e-05,1508.0,0.0375492
OAX/BTC,1543221468702,2018-11-26T08:37:48.702Z,sell,2.49e-05,492.0,0.0122508
OAX/BTC,1543221536077,2018-11-26T08:38:56.077Z,buy,2.49e-05,662.0,0.0164838
OAX/BTC,1543221819079,2018-11-26T08:43:39.079Z,sell,2.489e-05,785.0,0.01953865
OAX/BTC,1543221819079,2018-11-26T08:43:39.079Z,sell,2.479e-05,1873.0,0.04643167
OAX/BTC,1543221859910,2018-11-26T08:44:19.910Z,buy,2.48e-05,12029.0,0.2983192
OAX/BTC,1543221875819,2018-11-26T08:44:35.819Z,buy,2.48e-05,60.0,0.001488
OAX/BTC,1543221982769,2018-11-26T08:46:22.769Z,buy,2.48e-05,42.0,0.0010416
OAX/BTC,1543222011054,2018-11-26T08:46:51.054Z,sell,2.479e-05,1404.0,0.03480516
OAX/BTC,1543222034590,2018-11-26T08:47:14.590Z,sell,2.474e-05,795.0,0.0196683
OAX/BTC,1543222060125,2018-11-26T08:47:40.125Z,sell,2.469e-05,42.0,0.00103698
OAX/BTC,1543222060125,2018-11-26T08:47:40.125Z,sell,2.468e-05,793.0,0.01957124
OAX/BTC,1543222060125,2018-11-26T08:47:40.125Z,sell,2.459e-05,694.0,0.01706546
OAX/BTC,1543222068364,2018-11-26T08:47:48.364Z,buy,2.469e-05,255.0,0.00629595
OAX/BTC,1543222069968,2018-11-26T08:47:49.968Z,buy,2.469e-05,93.0,0.0022961699999999
OAX/BTC,1543222071368,2018-11-26T08:47:51.368Z,buy,2.469e-05,312.0,0.00770328
OAX/BTC,1543222071545,2018-11-26T08:47:51.545Z,buy,2.469e-05,116.0,0.00286404
OAX/BTC,1543222077164,2018-11-26T08:47:57.164Z,buy,2.469e-05,317.0,0.00782673
OAX/BTC,1543222079062,2018-11-26T08:47:59.062Z,buy,2.469e-05,322.0,0.00795018
OAX/BTC,1543222084460,2018-11-26T08:48:04.460Z,buy,2.469e-05,125.0,0.00308625
OAX/BTC,1543222097589,2018-11-26T08:48:17.589Z,buy,2.469e-05,61.0,0.0015060899999999
OAX/BTC,1543222211887,2018-11-26T08:50:11.887Z,buy,2.469e-05,161.0,0.00397509
OAX/BTC,1543222325158,2018-11-26T08:52:05.158Z,sell,2.461e-05,615.0,0.01513515
OAX/BTC,1543222325262,2018-11-26T08:52:05.262Z,buy,2.461e-05,409.0,0.01006549
OAX/BTC,1543222325287,2018-11-26T08:52:05.287Z,buy,2.461e-05,286.0,0.00703846
OAX/BTC,1543222325337,2018-11-26T08:52:05.337Z,buy,2.461e-05,264.0,0.00649704
OAX/BTC,1543222325378,2018-11-26T08:52:05.378Z,buy,2.461e-05,65.0,0.00159965
OAX/BTC,1543222562879,2018-11-26T08:56:02.879Z,sell,2.462e-05,669.0,0.01647078
OAX/BTC,1543222627513,2018-11-26T08:57:07.513Z,sell,2.462e-05,223.0,0.00549026
OAX/BTC,1543222627565,2018-11-26T08:57:07.565Z,buy,2.462e-05,232.0,0.00571184
OAX/BTC,1543222628011,2018-11-26T08:57:08.011Z,buy,2.462e-05,576.0,0.01418112
OAX/BTC,1543223178708,2018-11-26T09:06:18.708Z,sell,2.464e-05,2836.0,0.06987904
OAX/BTC,1543223178708,2018-11-26T09:06:18.708Z,sell,2.461e-05,428.0,0.01053308
OAX/BTC,1543223178708,2018-11-26T09:06:18.708Z,sell,2.46e-05,3492.0,0.0859032
OAX/BTC,1543223187397,2018-11-26T09:06:27.397Z,sell,2.461e-05,59.0,0.00145199
OAX/BTC,1543223187397,2018-11-26T09:06:27.397Z,sell,2.461e-05,59.0,0.00145199
OAX/BTC,1543223432156,2018-11-26T09:10:32.156Z,sell,2.479e-05,45.0,0.00111555
OAX/BTC,1543223578910,2018-11-26T09:12:58.910Z,buy,2.477e-05,282.0,0.00698514
OAX/BTC,1543223676626,2018-11-26T09:14:36.626Z,sell,2.469e-05,1215.0,0.02999835
OAX/BTC,1543223676626,2018-11-26T09:14:36.626Z,sell,2.461e-05,346.0,0.00851506
OAX/BTC,1543223679384,2018-11-26T09:14:39.384Z,sell,2.46e-05,146.0,0.0035916
OAX/BTC,1543223716030,2018-11-26T09:15:16.030Z,sell,2.46e-05,396.0,0.0097416
OAX/BTC,1543223716030,2018-11-26T09:15:16.030Z,sell,2.459e-05,2411.0,0.05928649
OAX/BTC,1543223750284,2018-11-26T09:15:50.284Z,sell,2.459e-05,1246.0,0.03063914
OAX/BTC,1543224158950,2018-11-26T09:22:38.950Z,buy,2.477e-05,2087.0,0.0516949899999999
OAX/BTC,1543224167853,2018-11-26T09:22:47.853Z,sell,2.477e-05,61.0,0.00151097
OAX/BTC,1543224172786,2018-11-26T09:22:52.786Z,buy,2.478e-05,1231.0,0.03050418
OAX/BTC,1543224179786,2018-11-26T09:22:59.786Z,sell,2.478e-05,276.0,0.00683928
OAX/BTC,1543224179786,2018-11-26T09:22:59.786Z,sell,2.477e-05,470.0,0.0116418999999999
OAX/BTC,1543224179786,2018-11-26T09:22:59.786Z,sell,2.459e-05,649.0,0.01595891
OAX/BTC,1543224179786,2018-11-26T09:22:59.786Z,sell,2.448e-05,2303.0,0.05637744
OAX/BTC,1543224272194,2018-11-26T09:24:32.194Z,sell,2.461e-05,63.0,0.00155043
OAX/BTC,1543224272194,2018-11-26T09:24:32.194Z,sell,2.459e-05,597.0,0.01468023
OAX/BTC,1543224272230,2018-11-26T09:24:32.230Z,buy,2.459e-05,133.0,0.00327047
OAX/BTC,1543224272241,2018-11-26T09:24:32.241Z,buy,2.459e-05,142.0,0.00349178
OAX/BTC,1543224272247,2018-11-26T09:24:32.247Z,buy,2.459e-05,250.0,0.0061475
OAX/BTC,1543224272278,2018-11-26T09:24:32.278Z,buy,2.459e-05,224.0,0.00550816
OAX/BTC,1543224272293,2018-11-26T09:24:32.293Z,buy,2.459e-05,98.0,0.00240982
OAX/BTC,1543225233497,2018-11-26T09:40:33.497Z,buy,2.469e-05,22.0,0.00054318
OAX/BTC,1543225507511,2018-11-26T09:45:07.511Z,sell,2.469e-05,161.0,0.00397509
OAX/BTC,1543225537708,2018-11-26T09:45:37.708Z,sell,2.469e-05,311.0,0.00767859
OAX/BTC,1543225621845,2018-11-26T09:47:01.845Z,buy,2.473e-05,101.0,0.0024977299999999
OAX/BTC,1543225835408,2018-11-26T09:50:35.408Z,sell,2.455e-05,50.0,0.0012275
OAX/BTC,1543225835408,2018-11-26T09:50:35.408Z,sell,2.449e-05,69.0,0.00168981
OAX/BTC,1543225839610,2018-11-26T09:50:39.610Z,sell,2.45e-05,1219.0,0.0298655
OAX/BTC,1543225839610,2018-11-26T09:50:39.610Z,sell,2.446e-05,10250.0,0.250715
OAX/BTC,1543225924603,2018-11-26T09:52:04.603Z,sell,2.446e-05,122.0,0.00298412
OAX/BTC,1543225943149,2018-11-26T09:52:23.149Z,buy,2.446e-05,10.0,0.0002446
OAX/BTC,1543226320191,2018-11-26T09:58:40.191Z,sell,2.446e-05,216.0,0.00528336
OAX/BTC,1543226320191,2018-11-26T09:58:40.191Z,sell,2.438e-05,1842.0,0.04490796
OAX/BTC,1543226320191,2018-11-26T09:58:40.191Z,sell,2.436e-05,327.0,0.00796572
OAX/BTC,1543226320191,2018-11-26T09:58:40.191Z,sell,2.433e-05,52.0,0.00126516
OAX/BTC,1543226320191,2018-11-26T09:58:40.191Z,sell,2.432e-05,4279.0,0.10406528
OAX/BTC,1543226320210,2018-11-26T09:58:40.210Z,buy,2.432e-05,1207.0,0.02935424
OAX/BTC,1543226320270,2018-11-26T09:58:40.270Z,buy,2.435e-05,99.0,0.00241065
OAX/BTC,1543226320377,2018-11-26T09:58:40.377Z,buy,2.435e-05,579.0,0.0140986499999999
OAX/BTC,1543226320380,2018-11-26T09:58:40.380Z,buy,2.435e-05,1232.0,0.0299992
OAX/BTC,1543226320481,2018-11-26T09:58:40.481Z,buy,2.435e-05,1340.0,0.032629
OAX/BTC,1543226320527,2018-11-26T09:58:40.527Z,sell,2.431e-05,932.0,0.02265692
OAX/BTC,1543226321202,2018-11-26T09:58:41.202Z,buy,2.435e-05,43.0,0.0010470499999999
OAX/BTC,1543226321450,2018-11-26T09:58:41.450Z,buy,2.435e-05,2156.0,0.0524986
OAX/BTC,1543226343077,2018-11-26T09:59:03.077Z,buy,2.446e-05,82.0,0.00200572
OAX/BTC,1543226535745,2018-11-26T10:02:15.745Z,buy,2.446e-05,100.0,0.002446
OAX/BTC,1543226565029,2018-11-26T10:02:45.029Z,buy,2.446e-05,1064.0,0.02602544
OAX/BTC,1543226631576,2018-11-26T10:03:51.576Z,buy,2.447e-05,566.0,0.01385002
OAX/BTC,1543226640339,2018-11-26T10:04:00.339Z,buy,2.447e-05,43.0,0.00105221
OAX/BTC,1543226677217,2018-11-26T10:04:37.217Z,buy,2.447e-05,43.0,0.00105221
OAX/BTC,1543226707306,2018-11-26T10:05:07.306Z,buy,2.447e-05,43.0,0.00105221
OAX/BTC,1543226716273,2018-11-26T10:05:16.273Z,buy,2.447e-05,43.0,0.00105221
OAX/BTC,1543226725313,2018-11-26T10:05:25.313Z,buy,2.446e-05,43.0,0.00105178
OAX/BTC,1543226743450,2018-11-26T10:05:43.450Z,buy,2.446e-05,38.0,0.00092948
OAX/BTC,1543226743450,2018-11-26T10:05:43.450Z,buy,2.448e-05,5.0,0.0001224
OAX/BTC,1543226770997,2018-11-26T10:06:10.997Z,buy,2.448e-05,59.0,0.00144432
OAX/BTC,1543226776528,2018-11-26T10:06:16.528Z,buy,2.448e-05,64.0,0.00156672
OAX/BTC,1543226783041,2018-11-26T10:06:23.041Z,buy,2.448e-05,64.0,0.00156672
OAX/BTC,1543226783041,2018-11-26T10:06:23.041Z,buy,2.448e-05,64.0,0.00156672
OAX/BTC,1543226787484,2018-11-26T10:06:27.484Z,buy,2.448e-05,64.0,0.00156672
OAX/BTC,1543226791616,2018-11-26T10:06:31.616Z,buy,2.448e-05,64.0,0.00156672
OAX/BTC,1543226795771,2018-11-26T10:06:35.771Z,buy,2.448e-05,64.0,0.00156672
OAX/BTC,1543226799340,2018-11-26T10:06:39.340Z,buy,2.448e-05,64.0,0.00156672
OAX/BTC,1543226804501,2018-11-26T10:06:44.501Z,buy,2.448e-05,64.0,0.00156672
OAX/BTC,1543226816719,2018-11-26T10:06:56.719Z,buy,2.448e-05,100.0,0.002448
OAX/BTC,1543226872821,2018-11-26T10:07:52.821Z,buy,2.448e-05,24.0,0.00058752
OAX/BTC,1543226875497,2018-11-26T10:07:55.497Z,sell,2.448e-05,2035.0,0.0498168
OAX/BTC,1543227046839,2018-11-26T10:10:46.839Z,sell,2.436e-05,50.0,0.001218
OAX/BTC,1543227046839,2018-11-26T10:10:46.839Z,sell,2.433e-05,143.0,0.00347919
OAX/BTC,1543227046839,2018-11-26T10:10:46.839Z,sell,2.429e-05,92.0,0.00223468
OAX/BTC,1543227150461,2018-11-26T10:12:30.461Z,buy,2.441e-05,43.0,0.00104963
OAX/BTC,1543227302073,2018-11-26T10:15:02.073Z,buy,2.441e-05,48.0,0.00117168
OAX/BTC,1543227427201,2018-11-26T10:17:07.201Z,sell,2.431e-05,102.0,0.00247962
OAX/BTC,1543227431564,2018-11-26T10:17:11.564Z,sell,2.439e-05,121.0,0.00295119
OAX/BTC,1543227824336,2018-11-26T10:23:44.336Z,sell,2.43e-05,50.0,0.001215
OAX/BTC,1543227824383,2018-11-26T10:23:44.383Z,buy,2.43e-05,219.0,0.0053217
OAX/BTC,1543227824430,2018-11-26T10:23:44.430Z,buy,2.43e-05,214.0,0.0052002
OAX/BTC,1543227824491,2018-11-26T10:23:44.491Z,buy,2.43e-05,71.0,0.0017253
OAX/BTC,1543227862470,2018-11-26T10:24:22.470Z,buy,2.43e-05,288.0,0.0069984
OAX/BTC,1543227915205,2018-11-26T10:25:15.205Z,buy,2.43e-05,147.0,0.0035721
OAX/BTC,1543227950670,2018-11-26T10:25:50.670Z,sell,2.425e-05,50.0,0.0012125
OAX/BTC,1543227950670,2018-11-26T10:25:50.670Z,sell,2.424e-05,100.0,0.002424
OAX/BTC,1543227950670,2018-11-26T10:25:50.670Z,sell,2.422e-05,176.0,0.0042627199999999
OAX/BTC,1543227950670,2018-11-26T10:25:50.670Z,sell,2.412e-05,198.0,0.0047757599999999
OAX/BTC,1543227950670,2018-11-26T10:25:50.670Z,sell,2.405e-05,50.0,0.0012025
OAX/BTC,1543227950670,2018-11-26T10:25:50.670Z,sell,2.4e-05,1166.0,0.027984
OAX/BTC,1543227963064,2018-11-26T10:26:03.064Z,buy,2.424e-05,83.0,0.00201192
OAX/BTC,1543227966572,2018-11-26T10:26:06.572Z,buy,2.422e-05,176.0,0.0042627199999999
OAX/BTC,1543227967571,2018-11-26T10:26:07.571Z,buy,2.422e-05,176.0,0.0042627199999999
OAX/BTC,1543227968986,2018-11-26T10:26:08.986Z,sell,2.418e-05,437.0,0.01056666
OAX/BTC,1543227968986,2018-11-26T10:26:08.986Z,sell,2.417e-05,773.0,0.01868341
OAX/BTC,1543227969079,2018-11-26T10:26:09.079Z,buy,2.422e-05,176.0,0.0042627199999999
OAX/BTC,1543227970598,2018-11-26T10:26:10.598Z,buy,2.42e-05,124.0,0.0030007999999999
OAX/BTC,1543227971581,2018-11-26T10:26:11.581Z,buy,2.42e-05,124.0,0.0030007999999999
OAX/BTC,1543227972582,2018-11-26T10:26:12.582Z,buy,2.42e-05,124.0,0.0030007999999999
OAX/BTC,1543227974008,2018-11-26T10:26:14.008Z,sell,2.418e-05,45.0,0.0010881
OAX/BTC,1543227974588,2018-11-26T10:26:14.588Z,buy,2.418e-05,86.0,0.00207948
OAX/BTC,1543227975573,2018-11-26T10:26:15.573Z,buy,2.418e-05,86.0,0.00207948
OAX/BTC,1543227978008,2018-11-26T10:26:18.008Z,sell,2.417e-05,628.0,0.01517876
OAX/BTC,1543227982205,2018-11-26T10:26:22.205Z,buy,2.416e-05,14.0,0.0003382399999999
OAX/BTC,1543227987437,2018-11-26T10:26:27.437Z,buy,2.43e-05,49.0,0.0011907
OAX/BTC,1543227987530,2018-11-26T10:26:27.530Z,buy,2.43e-05,413.0,0.0100359
OAX/BTC,1543227996582,2018-11-26T10:26:36.582Z,buy,2.429e-05,437.0,0.01061473
OAX/BTC,1543228089153,2018-11-26T10:28:09.153Z,sell,2.429e-05,63.0,0.00153027
OAX/BTC,1543228152944,2018-11-26T10:29:12.944Z,buy,2.432e-05,45.0,0.0010944
OAX/BTC,1543228161587,2018-11-26T10:29:21.587Z,sell,2.432e-05,45.0,0.0010944
OAX/BTC,1543228183606,2018-11-26T10:29:43.606Z,sell,2.429e-05,225.0,0.00546525
OAX/BTC,1543228517238,2018-11-26T10:35:17.238Z,sell,2.42e-05,50.0,0.00121
OAX/BTC,1543228521103,2018-11-26T10:35:21.103Z,sell,2.418e-05,140.0,0.0033851999999999
OAX/BTC,1543228558639,2018-11-26T10:35:58.639Z,buy,2.42e-05,1903.0,0.0460526
OAX/BTC,1543228791669,2018-11-26T10:39:51.669Z,sell,2.419e-05,49.0,0.00118531
OAX/BTC,1543228796662,2018-11-26T10:39:56.662Z,buy,2.428e-05,1175.0,0.028529
OAX/BTC,1543228798659,2018-11-26T10:39:58.659Z,buy,2.429e-05,2152.0,0.05227208
OAX/BTC,1543228816670,2018-11-26T10:40:16.670Z,buy,2.433e-05,62.0,0.0015084599999999
OAX/BTC,1543228995940,2018-11-26T10:43:15.940Z,sell,2.434e-05,437.0,0.01063658
OAX/BTC,1543228998971,2018-11-26T10:43:18.971Z,sell,2.433e-05,1101.0,0.0267873299999999
OAX/BTC,1543229003593,2018-11-26T10:43:23.593Z,sell,2.429e-05,103.0,0.00250187
OAX/BTC,1543229003593,2018-11-26T10:43:23.593Z,sell,2.428e-05,262.0,0.00636136
OAX/BTC,1543229189056,2018-11-26T10:46:29.056Z,buy,2.438e-05,148.0,0.00360824
OAX/BTC,1543229189056,2018-11-26T10:46:29.056Z,buy,2.441e-05,1.0,2.441e-05
OAX/BTC,1543229189056,2018-11-26T10:46:29.056Z,buy,2.447e-05,458.0,0.01120726
OAX/BTC,1543229245764,2018-11-26T10:47:25.764Z,buy,2.442e-05,164.0,0.00400488
OAX/BTC,1543229461736,2018-11-26T10:51:01.736Z,buy,2.445e-05,150.0,0.0036675
OAX/BTC,1543229462744,2018-11-26T10:51:02.744Z,buy,2.447e-05,288.0,0.00704736
OAX/BTC,1543229463731,2018-11-26T10:51:03.731Z,buy,2.448e-05,103.0,0.00252144
OAX/BTC,1543229477699,2018-11-26T10:51:17.699Z,buy,2.451e-05,48.0,0.00117648
OAX/BTC,1543229816588,2018-11-26T10:56:56.588Z,buy,2.451e-05,95.0,0.00232845
OAX/BTC,1543229816677,2018-11-26T10:56:56.677Z,sell,2.451e-05,136.0,0.00333336
OAX/BTC,1543229819622,2018-11-26T10:56:59.622Z,buy,2.454e-05,327.0,0.00802458
OAX/BTC,1543229819782,2018-11-26T10:56:59.782Z,sell,2.454e-05,745.0,0.0182822999999999
OAX/BTC,1543229819873,2018-11-26T10:56:59.873Z,sell,2.454e-05,269.0,0.0066012599999999
OAX/BTC,1543229823011,2018-11-26T10:57:03.011Z,buy,2.46e-05,43.0,0.0010578
OAX/BTC,1543229823011,2018-11-26T10:57:03.011Z,buy,2.463e-05,437.0,0.01076331
OAX/BTC,1543229823020,2018-11-26T10:57:03.020Z,sell,2.463e-05,1524.0,0.03753612
OAX/BTC,1543229826597,2018-11-26T10:57:06.597Z,buy,2.461e-05,980.0,0.0241178
OAX/BTC,1543229826597,2018-11-26T10:57:06.597Z,buy,2.463e-05,1024.0,0.02522112
OAX/BTC,1543229836940,2018-11-26T10:57:16.940Z,buy,2.462e-05,1552.0,0.03821024
OAX/BTC,1543229916961,2018-11-26T10:58:36.961Z,sell,2.445e-05,288.0,0.0070416
OAX/BTC,1543229916961,2018-11-26T10:58:36.961Z,sell,2.445e-05,288.0,0.0070416
OAX/BTC,1543231150825,2018-11-26T11:19:10.825Z,sell,2.443e-05,257.0,0.00627851
OAX/BTC,1543231152114,2018-11-26T11:19:12.114Z,buy,2.443e-05,43.0,0.00105049
OAX/BTC,1543231170300,2018-11-26T11:19:30.300Z,sell,2.442e-05,778.0,0.01899876
OAX/BTC,1543231186508,2018-11-26T11:19:46.508Z,sell,2.437e-05,1500.0,0.036555
OAX/BTC,1543231227763,2018-11-26T11:20:27.763Z,buy,2.455e-05,263.0,0.00645665
OAX/BTC,1543232138005,2018-11-26T11:35:38.005Z,buy,2.44e-05,92.0,0.0022448
OAX/BTC,1543232333024,2018-11-26T11:38:53.024Z,buy,2.44e-05,4098.0,0.0999912
OAX/BTC,1543232420063,2018-11-26T11:40:20.063Z,buy,2.44e-05,428.0,0.0104432
OAX/BTC,1543232527057,2018-11-26T11:42:07.057Z,buy,2.439e-05,4279.0,0.1043648099999999
OAX/BTC,1543232545544,2018-11-26T11:42:25.544Z,sell,2.436e-05,187.0,0.00455532
OAX/BTC,1543232545544,2018-11-26T11:42:25.544Z,sell,2.433e-05,4268.0,0.1038404399999999
OAX/BTC,1543232545544,2018-11-26T11:42:25.544Z,sell,2.432e-05,2624.0,0.06381568
OAX/BTC,1543232545557,2018-11-26T11:42:25.557Z,buy,2.432e-05,1642.0,0.03993344
OAX/BTC,1543232547087,2018-11-26T11:42:27.087Z,sell,2.43e-05,1642.0,0.0399006
OAX/BTC,1543232583169,2018-11-26T11:43:03.169Z,sell,2.434e-05,418.0,0.01017412
OAX/BTC,1543232583169,2018-11-26T11:43:03.169Z,sell,2.433e-05,1436.0,0.03493788
OAX/BTC,1543232583169,2018-11-26T11:43:03.169Z,buy,2.431e-05,410.0,0.0099671
OAX/BTC,1543232584102,2018-11-26T11:43:04.102Z,buy,2.431e-05,4464.0,0.1085198399999999
OAX/BTC,1543232965634,2018-11-26T11:49:25.634Z,buy,2.45e-05,128.0,0.003136
OAX/BTC,1543233037625,2018-11-26T11:50:37.625Z,buy,2.444e-05,135.0,0.0032994
OAX/BTC,1543233037638,2018-11-26T11:50:37.638Z,sell,2.446e-05,323.0,0.0079005799999999
OAX/BTC,1543233037638,2018-11-26T11:50:37.638Z,sell,2.446e-05,323.0,0.0079005799999999
OAX/BTC,1543233637734,2018-11-26T12:00:37.734Z,buy,2.441e-05,315.0,0.00768915
OAX/BTC,1543233637734,2018-11-26T12:00:37.734Z,buy,2.442e-05,500.0,0.01221
OAX/BTC,1543233637734,2018-11-26T12:00:37.734Z,buy,2.443e-05,410.0,0.0100163
OAX/BTC,1543233637734,2018-11-26T12:00:37.734Z,buy,2.448e-05,299.0,0.0073195199999999
OAX/BTC,1543233637734,2018-11-26T12:00:37.734Z,buy,2.45e-05,929.0,0.0227605
OAX/BTC,1543233637757,2018-11-26T12:00:37.757Z,sell,2.45e-05,970.0,0.0237649999999999
OAX/BTC,1543233637764,2018-11-26T12:00:37.764Z,sell,2.45e-05,338.0,0.008281
OAX/BTC,1543233641008,2018-11-26T12:00:41.008Z,sell,2.434e-05,214.0,0.00520876
OAX/BTC,1543233686031,2018-11-26T12:01:26.031Z,sell,2.434e-05,230.0,0.0055982
OAX/BTC,1543233686031,2018-11-26T12:01:26.031Z,sell,2.433e-05,339.0,0.00824787
OAX/BTC,1543233686031,2018-11-26T12:01:26.031Z,sell,2.431e-05,37.0,0.00089947
OAX/BTC,1543233697999,2018-11-26T12:01:37.999Z,sell,2.432e-05,928.0,0.02256896
OAX/BTC,1543233697999,2018-11-26T12:01:37.999Z,sell,2.431e-05,1104.0,0.02683824
OAX/BTC,1543233697999,2018-11-26T12:01:37.999Z,sell,2.43e-05,8379.0,0.2036097
OAX/BTC,1543234075450,2018-11-26T12:07:55.450Z,sell,2.433e-05,140.0,0.0034062
OAX/BTC,1543234075450,2018-11-26T12:07:55.450Z,sell,2.43e-05,215.0,0.0052245
OAX/BTC,1543234409604,2018-11-26T12:13:29.604Z,buy,2.446e-05,46.0,0.00112516
OAX/BTC,1543235199283,2018-11-26T12:26:39.283Z,sell,2.435e-05,1147.0,0.0279294499999999
OAX/BTC,1543235199283,2018-11-26T12:26:39.283Z,sell,2.43e-05,332.0,0.0080676
OAX/BTC,1543236079305,2018-11-26T12:41:19.305Z,sell,2.431e-05,155.0,0.00376805
OAX/BTC,1543236102233,2018-11-26T12:41:42.233Z,sell,2.431e-05,102.0,0.00247962
OAX/BTC,1543236368830,2018-11-26T12:46:08.830Z,sell,2.431e-05,65.0,0.00158015
OAX/BTC,1543236412109,2018-11-26T12:46:52.109Z,buy,2.447e-05,398.0,0.00973906
OAX/BTC,1543236412109,2018-11-26T12:46:52.109Z,buy,2.448e-05,1245.0,0.0304776
OAX/BTC,1543236412109,2018-11-26T12:46:52.109Z,buy,2.449e-05,902.0,0.02208998
OAX/BTC,1543236412460,2018-11-26T12:46:52.460Z,sell,2.45e-05,876.0,0.021462
OAX/BTC,1543236443718,2018-11-26T12:47:23.718Z,sell,2.432e-05,226.0,0.00549632
OAX/BTC,1543236443718,2018-11-26T12:47:23.718Z,sell,2.432e-05,226.0,0.00549632
OAX/BTC,1543236825384,2018-11-26T12:53:45.384Z,buy,2.45e-05,618.0,0.015141
OAX/BTC,1543236828496,2018-11-26T12:53:48.496Z,buy,2.452e-05,165.0,0.0040458
OAX/BTC,1543236905968,2018-11-26T12:55:05.968Z,sell,2.45e-05,65.0,0.0015925
OAX/BTC,1543237053696,2018-11-26T12:57:33.696Z,buy,2.462e-05,203.0,0.00499786
OAX/BTC,1543237073542,2018-11-26T12:57:53.542Z,sell,2.45e-05,966.0,0.023667
OAX/BTC,1543237076566,2018-11-26T12:57:56.566Z,buy,2.461e-05,1486.0,0.03657046
OAX/BTC,1543237076566,2018-11-26T12:57:56.566Z,buy,2.462e-05,2533.0,0.06236246
OAX/BTC,1543237076599,2018-11-26T12:57:56.599Z,sell,2.462e-05,499.0,0.01228538
OAX/BTC,1543237076599,2018-11-26T12:57:56.599Z,sell,2.462e-05,1370.0,0.0337294
OAX/BTC,1543237076616,2018-11-26T12:57:56.616Z,sell,2.462e-05,656.0,0.01615072
OAX/BTC,1543237077516,2018-11-26T12:57:57.516Z,sell,2.462e-05,4683.0,0.11529546
OAX/BTC,1543237101678,2018-11-26T12:58:21.678Z,buy,2.462e-05,402.0,0.00989724
OAX/BTC,1543237101678,2018-11-26T12:58:21.678Z,buy,2.463e-05,4268.0,0.10512084
OAX/BTC,1543237101678,2018-11-26T12:58:21.678Z,buy,2.464e-05,2000.0,0.04928
OAX/BTC,1543237101678,2018-11-26T12:58:21.678Z,buy,2.466e-05,3100.0,0.076446
OAX/BTC,1543237101678,2018-11-26T12:58:21.678Z,buy,2.467e-05,9299.0,0.22940633
OAX/BTC,1543237101678,2018-11-26T12:58:21.678Z,buy,2.468e-05,229.0,0.00565172
OAX/BTC,1543237101678,2018-11-26T12:58:21.678Z,buy,2.479e-05,5000.0,0.12395
OAX/BTC,1543237101678,2018-11-26T12:58:21.678Z,buy,2.49e-05,4083.0,0.1016667
OAX/BTC,1543237101721,2018-11-26T12:58:21.721Z,sell,2.49e-05,311.0,0.0077439
OAX/BTC,1543237101723,2018-11-26T12:58:21.723Z,sell,2.49e-05,11207.0,0.2790543
OAX/BTC,1543237101723,2018-11-26T12:58:21.723Z,sell,2.44e-05,311.0,0.0075884
OAX/BTC,1543237101759,2018-11-26T12:58:21.759Z,buy,2.499e-05,1402.0,0.03503598
OAX/BTC,1543237101854,2018-11-26T12:58:21.854Z,sell,2.479e-05,450.0,0.0111555
OAX/BTC,1543237101942,2018-11-26T12:58:21.942Z,sell,2.479e-05,311.0,0.00770969
OAX/BTC,1543237101944,2018-11-26T12:58:21.944Z,sell,2.479e-05,1252.0,0.03103708
OAX/BTC,1543237101955,2018-11-26T12:58:21.955Z,sell,2.474e-05,166.0,0.00410684
OAX/BTC,1543237102020,2018-11-26T12:58:22.020Z,buy,2.466e-05,79.0,0.00194814
OAX/BTC,1543237102025,2018-11-26T12:58:22.025Z,buy,2.466e-05,311.0,0.00766926
OAX/BTC,1543237107529,2018-11-26T12:58:27.529Z,sell,2.451e-05,851.0,0.02085801
OAX/BTC,1543237109517,2018-11-26T12:58:29.517Z,sell,2.449e-05,815.0,0.01995935
OAX/BTC,1543237115519,2018-11-26T12:58:35.519Z,sell,2.445e-05,497.0,0.01215165
OAX/BTC,1543237117357,2018-11-26T12:58:37.357Z,buy,2.458e-05,73.0,0.00179434
OAX/BTC,1543237125519,2018-11-26T12:58:45.519Z,sell,2.441e-05,503.0,0.01227823
OAX/BTC,1543237127245,2018-11-26T12:58:47.245Z,buy,2.441e-05,42.0,0.0010252199999999
OAX/BTC,1543237127306,2018-11-26T12:58:47.306Z,buy,2.441e-05,42.0,0.0010252199999999
OAX/BTC,1543237127409,2018-11-26T12:58:47.409Z,buy,2.441e-05,42.0,0.0010252199999999
OAX/BTC,1543237129044,2018-11-26T12:58:49.044Z,buy,2.44e-05,424.0,0.0103456
OAX/BTC,1543237129069,2018-11-26T12:58:49.069Z,buy,2.441e-05,40.0,0.0009763999999999
OAX/BTC,1543237129069,2018-11-26T12:58:49.069Z,buy,2.442e-05,34.0,0.00083028
OAX/BTC,1543237129078,2018-11-26T12:58:49.078Z,buy,2.442e-05,50.0,0.001221
OAX/BTC,1543237129096,2018-11-26T12:58:49.096Z,buy,2.442e-05,136.0,0.00332112
OAX/BTC,1543237129506,2018-11-26T12:58:49.506Z,buy,2.442e-05,140.0,0.0034188
OAX/BTC,1543237130083,2018-11-26T12:58:50.083Z,buy,2.441e-05,470.0,0.0114726999999999
OAX/BTC,1543237132080,2018-11-26T12:58:52.080Z,sell,2.436e-05,1227.0,0.02988972
OAX/BTC,1543237132157,2018-11-26T12:58:52.157Z,buy,2.436e-05,426.0,0.01037736
OAX/BTC,1543237146472,2018-11-26T12:59:06.472Z,sell,2.44e-05,164.0,0.0040016
OAX/BTC,1543237146472,2018-11-26T12:59:06.472Z,sell,2.433e-05,434.0,0.01055922
OAX/BTC,1543237147372,2018-11-26T12:59:07.372Z,buy,2.437e-05,43.0,0.00104791
OAX/BTC,1543237151393,2018-11-26T12:59:11.393Z,buy,2.437e-05,121.0,0.00294877
OAX/BTC,1543237152457,2018-11-26T12:59:12.457Z,buy,2.456e-05,164.0,0.0040278399999999
OAX/BTC,1543237152457,2018-11-26T12:59:12.457Z,buy,2.457e-05,426.0,0.01046682
OAX/BTC,1543237152601,2018-11-26T12:59:12.601Z,sell,2.459e-05,121.0,0.00297539
OAX/BTC,1543237153544,2018-11-26T12:59:13.544Z,sell,2.459e-05,4289.0,0.10546651
OAX/BTC,1543237154524,2018-11-26T12:59:14.524Z,sell,2.459e-05,447.0,0.01099173
OAX/BTC,1543237196260,2018-11-26T12:59:56.260Z,buy,2.458e-05,444.0,0.01091352
OAX/BTC,1543237196260,2018-11-26T12:59:56.260Z,buy,2.459e-05,1241.0,0.03051619
OAX/BTC,1543237196260,2018-11-26T12:59:56.260Z,buy,2.461e-05,1222.0,0.03007342
OAX/BTC,1543237196260,2018-11-26T12:59:56.260Z,buy,2.462e-05,43.0,0.00105866
OAX/BTC,1543237196260,2018-11-26T12:59:56.260Z,buy,2.466e-05,3395.0,0.0837207
OAX/BTC,1543237205505,2018-11-26T13:00:05.505Z,sell,2.458e-05,406.0,0.0099794799999999
OAX/BTC,1543237205505,2018-11-26T13:00:05.505Z,sell,2.457e-05,163.0,0.00400491
OAX/BTC,1543237205505,2018-11-26T13:00:05.505Z,sell,2.456e-05,812.0,0.01994272
OAX/BTC,1543237205505,2018-11-26T13:00:05.505Z,sell,2.447e-05,1216.0,0.02975552
OAX/BTC,1543237205551,2018-11-26T13:00:05.551Z,buy,2.437e-05,1482.0,0.03611634
OAX/BTC,1543237205574,2018-11-26T13:00:05.574Z,buy,2.437e-05,615.0,0.0149875499999999
OAX/BTC,1543237206475,2018-11-26T13:00:06.475Z,buy,2.437e-05,43.0,0.00104791
OAX/BTC,1543237206538,2018-11-26T13:00:06.538Z,buy,2.437e-05,1608.0,0.03918696
OAX/BTC,1543237210655,2018-11-26T13:00:10.655Z,sell,2.438e-05,176.0,0.00429088
OAX/BTC,1543237336541,2018-11-26T13:02:16.541Z,buy,2.449e-05,68.0,0.00166532
OAX/BTC,1543237337559,2018-11-26T13:02:17.559Z,buy,2.449e-05,68.0,0.00166532
OAX/BTC,1543237339574,2018-11-26T13:02:19.574Z,buy,2.449e-05,68.0,0.00166532
OAX/BTC,1543237340541,2018-11-26T13:02:20.541Z,buy,2.449e-05,68.0,0.00166532
OAX/BTC,1543237341543,2018-11-26T13:02:21.543Z,buy,2.449e-05,68.0,0.00166532
OAX/BTC,1543237342541,2018-11-26T13:02:22.541Z,buy,2.449e-05,68.0,0.00166532
OAX/BTC,1543237343543,2018-11-26T13:02:23.543Z,buy,2.449e-05,68.0,0.00166532
OAX/BTC,1543237345535,2018-11-26T13:02:25.535Z,buy,2.449e-05,68.0,0.00166532
OAX/BTC,1543237346549,2018-11-26T13:02:26.549Z,buy,2.449e-05,68.0,0.00166532
OAX/BTC,1543237366316,2018-11-26T13:02:46.316Z,sell,2.446e-05,64.0,0.00156544
OAX/BTC,1543237483174,2018-11-26T13:04:43.174Z,buy,2.447e-05,97.0,0.00237359
OAX/BTC,1543237556554,2018-11-26T13:05:56.554Z,buy,2.448e-05,215.0,0.0052632
OAX/BTC,1543237562563,2018-11-26T13:06:02.563Z,buy,2.448e-05,191.0,0.00467568
OAX/BTC,1543238551675,2018-11-26T13:22:31.675Z,sell,2.448e-05,500.0,0.01224
OAX/BTC,1543238846362,2018-11-26T13:27:26.362Z,sell,2.449e-05,445.0,0.01089805
OAX/BTC,1543238846362,2018-11-26T13:27:26.362Z,sell,2.448e-05,481.0,0.01177488
OAX/BTC,1543238846362,2018-11-26T13:27:26.362Z,sell,2.447e-05,313.0,0.00765911
OAX/BTC,1543238846362,2018-11-26T13:27:26.362Z,sell,2.442e-05,523.0,0.01277166
OAX/BTC,1543239144787,2018-11-26T13:32:24.787Z,buy,2.461e-05,406.0,0.00999166
OAX/BTC,1543239339049,2018-11-26T13:35:39.049Z,buy,2.461e-05,71.0,0.00174731
OAX/BTC,1543239352732,2018-11-26T13:35:52.732Z,sell,2.445e-05,165.0,0.00403425
OAX/BTC,1543239353730,2018-11-26T13:35:53.730Z,sell,2.443e-05,164.0,0.00400652
OAX/BTC,1543239355734,2018-11-26T13:35:55.734Z,sell,2.441e-05,143.0,0.0034906299999999
OAX/BTC,1543239356730,2018-11-26T13:35:56.730Z,sell,2.44e-05,3951.0,0.0964044
OAX/BTC,1543239365750,2018-11-26T13:36:05.750Z,sell,2.431e-05,50.0,0.0012155
OAX/BTC,1543239367731,2018-11-26T13:36:07.731Z,sell,2.43e-05,4239.0,0.1030077
OAX/BTC,1543239399197,2018-11-26T13:36:39.197Z,buy,2.419e-05,102.0,0.00246738
OAX/BTC,1543239399321,2018-11-26T13:36:39.321Z,sell,2.413e-05,265.0,0.00639445
OAX/BTC,1543239400354,2018-11-26T13:36:40.354Z,buy,2.416e-05,79.0,0.0019086399999999
OAX/BTC,1543239410854,2018-11-26T13:36:50.854Z,sell,2.414e-05,327.0,0.00789378
OAX/BTC,1543239410904,2018-11-26T13:36:50.904Z,buy,2.413e-05,383.0,0.00924179
OAX/BTC,1543239438803,2018-11-26T13:37:18.803Z,sell,2.419e-05,94.0,0.00227386
OAX/BTC,1543239438803,2018-11-26T13:37:18.803Z,sell,2.411e-05,70.0,0.0016877
OAX/BTC,1543239448244,2018-11-26T13:37:28.244Z,sell,2.412e-05,342.0,0.00824904
OAX/BTC,1543239448244,2018-11-26T13:37:28.244Z,sell,2.411e-05,326.0,0.00785986
OAX/BTC,1543239451510,2018-11-26T13:37:31.510Z,sell,2.409e-05,94.0,0.00226446
OAX/BTC,1543239452369,2018-11-26T13:37:32.369Z,buy,2.41e-05,482.0,0.0116162
OAX/BTC,1543239457010,2018-11-26T13:37:37.010Z,sell,2.41e-05,407.0,0.0098087
OAX/BTC,1543239457032,2018-11-26T13:37:37.032Z,buy,2.41e-05,3000.0,0.0723
OAX/BTC,1543239469765,2018-11-26T13:37:49.765Z,sell,2.409e-05,2259.0,0.05441931
OAX/BTC,1543239477939,2018-11-26T13:37:57.939Z,buy,2.423e-05,289.0,0.00700247
OAX/BTC,1543239489310,2018-11-26T13:38:09.310Z,sell,2.409e-05,406.0,0.00978054
OAX/BTC,1543239494271,2018-11-26T13:38:14.271Z,buy,2.413e-05,143.0,0.00345059
OAX/BTC,1543239527637,2018-11-26T13:38:47.637Z,sell,2.418e-05,82.0,0.00198276
OAX/BTC,1543239557735,2018-11-26T13:39:17.735Z,sell,2.415e-05,62.0,0.0014973
OAX/BTC,1543239557735,2018-11-26T13:39:17.735Z,sell,2.405e-05,196.0,0.0047138
OAX/BTC,1543239557735,2018-11-26T13:39:17.735Z,sell,2.404e-05,494.0,0.01187576
OAX/BTC,1543239558701,2018-11-26T13:39:18.701Z,buy,2.417e-05,82.0,0.00198194
OAX/BTC,1543239605384,2018-11-26T13:40:05.384Z,buy,2.422e-05,124.0,0.0030032799999999
OAX/BTC,1543239605800,2018-11-26T13:40:05.800Z,buy,2.422e-05,117.0,0.00283374
OAX/BTC,1543239611817,2018-11-26T13:40:11.817Z,buy,2.42e-05,42.0,0.0010164
OAX/BTC,1543239641132,2018-11-26T13:40:41.132Z,buy,2.418e-05,54.0,0.00130572
OAX/BTC,1543239647236,2018-11-26T13:40:47.236Z,buy,2.417e-05,276.0,0.00667092
OAX/BTC,1543239647236,2018-11-26T13:40:47.236Z,buy,2.418e-05,1506.0,0.0364150799999999
OAX/BTC,1543239647236,2018-11-26T13:40:47.236Z,buy,2.422e-05,1373.0,0.0332540599999999
OAX/BTC,1543239651714,2018-11-26T13:40:51.714Z,buy,2.421e-05,297.0,0.00719037
OAX/BTC,1543239651714,2018-11-26T13:40:51.714Z,buy,2.422e-05,2064.0,0.04999008
OAX/BTC,1543239654191,2018-11-26T13:40:54.191Z,buy,2.422e-05,788.0,0.01908536
OAX/BTC,1543239713465,2018-11-26T13:41:53.465Z,sell,2.407e-05,165.0,0.00397155
OAX/BTC,1543240010310,2018-11-26T13:46:50.310Z,sell,2.409e-05,48.0,0.00115632
OAX/BTC,1543240023416,2018-11-26T13:47:03.416Z,sell,2.409e-05,121.0,0.00291489
OAX/BTC,1543240023416,2018-11-26T13:47:03.416Z,sell,2.409e-05,121.0,0.00291489
OAX/BTC,1543240125507,2018-11-26T13:48:45.507Z,sell,2.409e-05,3200.0,0.077088
OAX/BTC,1543240133412,2018-11-26T13:48:53.412Z,sell,2.409e-05,42.0,0.00101178
OAX/BTC,1543240133412,2018-11-26T13:48:53.412Z,sell,2.408e-05,613.0,0.01476104
OAX/BTC,1543240277363,2018-11-26T13:51:17.363Z,sell,2.408e-05,2012.0,0.04844896
OAX/BTC,1543240562855,2018-11-26T13:56:02.855Z,sell,2.409e-05,1039.0,0.02502951
OAX/BTC,1543240562855,2018-11-26T13:56:02.855Z,sell,2.408e-05,1353.0,0.0325802399999999
OAX/BTC,1543240571970,2018-11-26T13:56:11.970Z,sell,2.408e-05,206.0,0.00496048
OAX/BTC,1543240574693,2018-11-26T13:56:14.693Z,sell,2.408e-05,143.0,0.00344344
OAX/BTC,1543240599247,2018-11-26T13:56:39.247Z,sell,2.408e-05,2181.0,0.05251848
OAX/BTC,1543240601760,2018-11-26T13:56:41.760Z,sell,2.408e-05,1635.0,0.0393708
OAX/BTC,1543240606026,2018-11-26T13:56:46.026Z,sell,2.408e-05,464.0,0.01117312
OAX/BTC,1543240606026,2018-11-26T13:56:46.026Z,sell,2.4e-05,763.0,0.018312
OAX/BTC,1543240610675,2018-11-26T13:56:50.675Z,sell,2.4e-05,571.0,0.013704
OAX/BTC,1543240615374,2018-11-26T13:56:55.374Z,sell,2.4e-05,443.0,0.010632
OAX/BTC,1543240650588,2018-11-26T13:57:30.588Z,buy,2.399e-05,67.0,0.00160733
OAX/BTC,1543240664724,2018-11-26T13:57:44.724Z,sell,2.398e-05,50.0,0.001199
OAX/BTC,1543240664724,2018-11-26T13:57:44.724Z,sell,2.385e-05,55.0,0.00131175
OAX/BTC,1543240664724,2018-11-26T13:57:44.724Z,sell,2.381e-05,291.0,0.00692871
OAX/BTC,1543240664724,2018-11-26T13:57:44.724Z,sell,2.381e-05,107.0,0.00254767
OAX/BTC,1543240664724,2018-11-26T13:57:44.724Z,sell,2.381e-05,403.0,0.00959543
OAX/BTC,1543240664724,2018-11-26T13:57:44.724Z,sell,2.381e-05,403.0,0.00959543
OAX/BTC,1543240666960,2018-11-26T13:57:46.960Z,buy,2.398e-05,1150.0,0.027577
OAX/BTC,1543240704317,2018-11-26T13:58:24.317Z,sell,2.381e-05,1296.0,0.03085776
OAX/BTC,1543240704317,2018-11-26T13:58:24.317Z,sell,2.37e-05,148.0,0.0035076
OAX/BTC,1543240704317,2018-11-26T13:58:24.317Z,sell,2.369e-05,146.0,0.0034587399999999
OAX/BTC,1543240704317,2018-11-26T13:58:24.317Z,sell,2.368e-05,2524.0,0.05976832
OAX/BTC,1543240705114,2018-11-26T13:58:25.114Z,buy,2.387e-05,49.0,0.00116963
OAX/BTC,1543240705219,2018-11-26T13:58:25.219Z,buy,2.387e-05,49.0,0.00116963
OAX/BTC,1543240705252,2018-11-26T13:58:25.252Z,buy,2.387e-05,48.0,0.00114576
OAX/BTC,1543240705252,2018-11-26T13:58:25.252Z,buy,2.389e-05,1.0,2.389e-05
OAX/BTC,1543240717742,2018-11-26T13:58:37.742Z,sell,2.378e-05,386.0,0.00917908
OAX/BTC,1543240717742,2018-11-26T13:58:37.742Z,sell,2.376e-05,235.0,0.0055836
OAX/BTC,1543240717742,2018-11-26T13:58:37.742Z,sell,2.366e-05,167.0,0.00395122
OAX/BTC,1543240717742,2018-11-26T13:58:37.742Z,sell,2.365e-05,130.0,0.0030745
OAX/BTC,1543240717742,2018-11-26T13:58:37.742Z,sell,2.363e-05,147.0,0.00347361
OAX/BTC,1543240717742,2018-11-26T13:58:37.742Z,sell,2.362e-05,50.0,0.001181
OAX/BTC,1543240717742,2018-11-26T13:58:37.742Z,sell,2.359e-05,942.0,0.02222178
OAX/BTC,1543240719734,2018-11-26T13:58:39.734Z,buy,2.376e-05,89.0,0.00211464
OAX/BTC,1543240720067,2018-11-26T13:58:40.067Z,buy,2.376e-05,119.0,0.00282744
OAX/BTC,1543240741055,2018-11-26T13:59:01.055Z,sell,2.368e-05,85.0,0.0020128
OAX/BTC,1543240790084,2018-11-26T13:59:50.084Z,buy,2.376e-05,45.0,0.0010692
OAX/BTC,1543240790134,2018-11-26T13:59:50.134Z,buy,2.376e-05,42.0,0.00099792
OAX/BTC,1543240790379,2018-11-26T13:59:50.379Z,sell,2.376e-05,44.0,0.00104544
OAX/BTC,1543240795249,2018-11-26T13:59:55.249Z,buy,2.374e-05,167.0,0.00396458
OAX/BTC,1543240795453,2018-11-26T13:59:55.453Z,buy,2.374e-05,140.0,0.0033236
OAX/BTC,1543240796249,2018-11-26T13:59:56.249Z,buy,2.374e-05,122.0,0.0028962799999999
OAX/BTC,1543240803604,2018-11-26T14:00:03.604Z,buy,2.375e-05,289.0,0.00686375
OAX/BTC,1543240805608,2018-11-26T14:00:05.608Z,sell,2.36e-05,430.0,0.010148
OAX/BTC,1543240805608,2018-11-26T14:00:05.608Z,sell,2.359e-05,394.0,0.00929446
OAX/BTC,1543240805608,2018-11-26T14:00:05.608Z,sell,2.357e-05,1358.0,0.03200806
OAX/BTC,1543240805608,2018-11-26T14:00:05.608Z,sell,2.356e-05,485.0,0.0114266
OAX/BTC,1543240832070,2018-11-26T14:00:32.070Z,buy,2.375e-05,169.0,0.00401375
OAX/BTC,1543240845950,2018-11-26T14:00:45.950Z,sell,2.374e-05,391.0,0.00928234
OAX/BTC,1543240849986,2018-11-26T14:00:49.986Z,sell,2.359e-05,54.0,0.00127386
OAX/BTC,1543240850391,2018-11-26T14:00:50.391Z,buy,2.374e-05,54.0,0.00128196
OAX/BTC,1543240850391,2018-11-26T14:00:50.391Z,buy,2.375e-05,46.0,0.0010925
OAX/BTC,1543240883753,2018-11-26T14:01:23.753Z,sell,2.359e-05,245.0,0.00577955
OAX/BTC,1543240883753,2018-11-26T14:01:23.753Z,sell,2.358e-05,1752.0,0.04131216
