symbol,timestamp,datetime,side,price,amount,btc_volume
ONG/BTC,1565193693094,2019-08-07T16:01:33.094Z,sell,1.88e-05,160.0,0.003008
ONG/BTC,1565194302287,2019-08-07T16:11:42.287Z,sell,1.88e-05,348.0,0.0065423999999999
ONG/BTC,1565194305512,2019-08-07T16:11:45.512Z,buy,1.887e-05,27.0,0.00050949
ONG/BTC,1565194305520,2019-08-07T16:11:45.520Z,buy,1.887e-05,39.0,0.00073593
ONG/BTC,1565194306670,2019-08-07T16:11:46.670Z,buy,1.887e-05,27.0,0.00050949
ONG/BTC,1565194393749,2019-08-07T16:13:13.749Z,buy,1.883e-05,13.0,0.00024479
ONG/BTC,1565194397827,2019-08-07T16:13:17.827Z,buy,1.886e-05,135.0,0.0025461
ONG/BTC,1565194397827,2019-08-07T16:13:17.827Z,buy,1.887e-05,20.0,0.0003774
ONG/BTC,1565194397852,2019-08-07T16:13:17.852Z,buy,1.887e-05,135.0,0.00254745
ONG/BTC,1565194455403,2019-08-07T16:14:15.403Z,buy,1.886e-05,193.0,0.0036399799999999
ONG/BTC,1565194455403,2019-08-07T16:14:15.403Z,buy,1.887e-05,615.0,0.01160505
ONG/BTC,1565194455413,2019-08-07T16:14:15.413Z,buy,1.887e-05,165.0,0.00311355
ONG/BTC,1565194455413,2019-08-07T16:14:15.413Z,buy,1.888e-05,279.0,0.0052675199999999
ONG/BTC,1565194455413,2019-08-07T16:14:15.413Z,buy,1.891e-05,40.0,0.0007564
ONG/BTC,1565194455413,2019-08-07T16:14:15.413Z,buy,1.891e-05,484.0,0.00915244
ONG/BTC,1565194474231,2019-08-07T16:14:34.231Z,buy,1.892e-05,111.0,0.00210012
ONG/BTC,1565194526410,2019-08-07T16:15:26.410Z,sell,1.894e-05,10.0,0.0001894
ONG/BTC,1565194530215,2019-08-07T16:15:30.215Z,sell,1.894e-05,6.0,0.00011364
ONG/BTC,1565194531209,2019-08-07T16:15:31.209Z,sell,1.894e-05,6.0,0.00011364
ONG/BTC,1565194555512,2019-08-07T16:15:55.512Z,sell,1.894e-05,78.0,0.00147732
ONG/BTC,1565194570204,2019-08-07T16:16:10.204Z,sell,1.887e-05,13.0,0.00024531
ONG/BTC,1565194591553,2019-08-07T16:16:31.553Z,sell,1.884e-05,115.0,0.0021666
ONG/BTC,1565194692349,2019-08-07T16:18:12.349Z,sell,1.884e-05,31.0,0.00058404
ONG/BTC,1565195382962,2019-08-07T16:29:42.962Z,buy,1.896e-05,100.0,0.001896
ONG/BTC,1565195382962,2019-08-07T16:29:42.962Z,buy,1.897e-05,159.0,0.00301623
ONG/BTC,1565195382962,2019-08-07T16:29:42.962Z,buy,1.898e-05,658.0,0.01248884
ONG/BTC,1565195382962,2019-08-07T16:29:42.962Z,buy,1.9e-05,774.0,0.014706
ONG/BTC,1565195382962,2019-08-07T16:29:42.962Z,buy,1.908e-05,842.0,0.01606536
ONG/BTC,1565195402001,2019-08-07T16:30:02.001Z,sell,1.896e-05,36.0,0.00068256
ONG/BTC,1565195405835,2019-08-07T16:30:05.835Z,sell,1.895e-05,44.0,0.0008338
ONG/BTC,1565195413241,2019-08-07T16:30:13.241Z,sell,1.898e-05,44.0,0.00083512
ONG/BTC,1565195414249,2019-08-07T16:30:14.249Z,sell,1.898e-05,66.0,0.00125268
ONG/BTC,1565195436387,2019-08-07T16:30:36.387Z,sell,1.894e-05,13.0,0.00024622
ONG/BTC,1565195982299,2019-08-07T16:39:42.299Z,buy,1.901e-05,135.0,0.00256635
ONG/BTC,1565196030289,2019-08-07T16:40:30.289Z,sell,1.904e-05,85.0,0.0016184
ONG/BTC,1565196030289,2019-08-07T16:40:30.289Z,sell,1.903e-05,408.0,0.0077642399999999
ONG/BTC,1565196030289,2019-08-07T16:40:30.289Z,sell,1.899e-05,507.0,0.00962793
ONG/BTC,1565196230304,2019-08-07T16:43:50.304Z,buy,1.895e-05,408.0,0.0077316
ONG/BTC,1565196283520,2019-08-07T16:44:43.520Z,buy,1.899e-05,10.0,0.0001899
ONG/BTC,1565196285285,2019-08-07T16:44:45.285Z,buy,1.899e-05,2.0,3.798e-05
ONG/BTC,1565197094341,2019-08-07T16:58:14.341Z,buy,1.899e-05,235.0,0.00446265
ONG/BTC,1565197105028,2019-08-07T16:58:25.028Z,buy,1.91e-05,9.0,0.0001719
ONG/BTC,1565197105028,2019-08-07T16:58:25.028Z,buy,1.913e-05,5.0,9.565e-05
ONG/BTC,1565197117351,2019-08-07T16:58:37.351Z,sell,1.905e-05,402.0,0.0076580999999999
ONG/BTC,1565197146335,2019-08-07T16:59:06.335Z,buy,1.896e-05,402.0,0.00762192
ONG/BTC,1565197146335,2019-08-07T16:59:06.335Z,buy,1.896e-05,402.0,0.00762192
ONG/BTC,1565197208997,2019-08-07T17:00:08.997Z,sell,1.899e-05,377.0,0.00715923
ONG/BTC,1565197309679,2019-08-07T17:01:49.679Z,sell,1.899e-05,31.0,0.00058869
ONG/BTC,1565197309679,2019-08-07T17:01:49.679Z,sell,1.894e-05,297.0,0.00562518
ONG/BTC,1565197317718,2019-08-07T17:01:57.718Z,buy,1.892e-05,44.0,0.0008324799999999
ONG/BTC,1565197317758,2019-08-07T17:01:57.758Z,buy,1.892e-05,52.0,0.00098384
ONG/BTC,1565197383861,2019-08-07T17:03:03.861Z,buy,1.892e-05,22.0,0.0004162399999999
ONG/BTC,1565197385346,2019-08-07T17:03:05.346Z,buy,1.892e-05,583.0,0.01103036
ONG/BTC,1565197386354,2019-08-07T17:03:06.354Z,buy,1.893e-05,408.0,0.00772344
ONG/BTC,1565197399349,2019-08-07T17:03:19.349Z,sell,1.903e-05,108.0,0.00205524
ONG/BTC,1565197447355,2019-08-07T17:04:07.355Z,sell,1.905e-05,345.0,0.00657225
ONG/BTC,1565197537306,2019-08-07T17:05:37.306Z,sell,1.899e-05,36.0,0.00068364
ONG/BTC,1565197551019,2019-08-07T17:05:51.019Z,sell,1.899e-05,13.0,0.00024687
ONG/BTC,1565197907424,2019-08-07T17:11:47.424Z,buy,1.901e-05,330.0,0.0062733
ONG/BTC,1565197907448,2019-08-07T17:11:47.448Z,buy,1.901e-05,15.0,0.0002851499999999
ONG/BTC,1565197908383,2019-08-07T17:11:48.383Z,sell,1.903e-05,271.0,0.0051571299999999
ONG/BTC,1565197909655,2019-08-07T17:11:49.655Z,sell,1.9e-05,287.0,0.005453
ONG/BTC,1565197910379,2019-08-07T17:11:50.379Z,buy,1.9e-05,175.0,0.003325
ONG/BTC,1565198847883,2019-08-07T17:27:27.883Z,sell,1.899e-05,359.0,0.0068174099999999
ONG/BTC,1565198847883,2019-08-07T17:27:27.883Z,sell,1.894e-05,1361.0,0.02577734
ONG/BTC,1565199042403,2019-08-07T17:30:42.403Z,buy,1.89e-05,396.0,0.0074843999999999
ONG/BTC,1565199356055,2019-08-07T17:35:56.055Z,buy,1.89e-05,12.0,0.0002267999999999
ONG/BTC,1565199356055,2019-08-07T17:35:56.055Z,buy,1.891e-05,31.0,0.00058621
ONG/BTC,1565199356741,2019-08-07T17:35:56.741Z,buy,1.891e-05,57.0,0.00107787
ONG/BTC,1565199498216,2019-08-07T17:38:18.216Z,buy,1.894e-05,29.0,0.00054926
ONG/BTC,1565199860754,2019-08-07T17:44:20.754Z,buy,1.894e-05,1.0,1.894e-05
ONG/BTC,1565199860754,2019-08-07T17:44:20.754Z,buy,1.897e-05,1.0,1.897e-05
ONG/BTC,1565200153625,2019-08-07T17:49:13.625Z,sell,1.884e-05,14.0,0.00026376
ONG/BTC,1565200184405,2019-08-07T17:49:44.405Z,sell,1.884e-05,19.0,0.00035796
ONG/BTC,1565200324148,2019-08-07T17:52:04.148Z,sell,1.88e-05,20.0,0.000376
ONG/BTC,1565200340252,2019-08-07T17:52:20.252Z,sell,1.879e-05,19.0,0.00035701
ONG/BTC,1565200702276,2019-08-07T17:58:22.276Z,buy,1.89e-05,19.0,0.0003591
ONG/BTC,1565200702276,2019-08-07T17:58:22.276Z,buy,1.893e-05,66.0,0.00124938
ONG/BTC,1565200702276,2019-08-07T17:58:22.276Z,buy,1.89e-05,19.0,0.0003591
ONG/BTC,1565200702276,2019-08-07T17:58:22.276Z,buy,1.893e-05,66.0,0.00124938
ONG/BTC,1565201111807,2019-08-07T18:05:11.807Z,sell,1.88e-05,97.0,0.0018235999999999
ONG/BTC,1565201131957,2019-08-07T18:05:31.957Z,sell,1.879e-05,711.0,0.01335969
ONG/BTC,1565201342486,2019-08-07T18:09:02.486Z,sell,1.879e-05,133.0,0.00249907
ONG/BTC,1565201353124,2019-08-07T18:09:13.124Z,sell,1.879e-05,34.0,0.00063886
ONG/BTC,1565201459814,2019-08-07T18:10:59.814Z,sell,1.884e-05,26.0,0.00048984
ONG/BTC,1565201462336,2019-08-07T18:11:02.336Z,sell,1.884e-05,26.0,0.00048984
ONG/BTC,1565201468333,2019-08-07T18:11:08.333Z,sell,1.881e-05,26.0,0.00048906
ONG/BTC,1565201469857,2019-08-07T18:11:09.857Z,sell,1.883e-05,26.0,0.00048958
ONG/BTC,1565201474442,2019-08-07T18:11:14.442Z,sell,1.883e-05,26.0,0.00048958
ONG/BTC,1565201480449,2019-08-07T18:11:20.449Z,sell,1.884e-05,26.0,0.00048984
ONG/BTC,1565201481973,2019-08-07T18:11:21.973Z,sell,1.884e-05,26.0,0.00048984
ONG/BTC,1565201486308,2019-08-07T18:11:26.308Z,sell,1.884e-05,26.0,0.00048984
ONG/BTC,1565201489301,2019-08-07T18:11:29.301Z,sell,1.884e-05,26.0,0.00048984
ONG/BTC,1565201495306,2019-08-07T18:11:35.306Z,sell,1.884e-05,26.0,0.00048984
ONG/BTC,1565201501305,2019-08-07T18:11:41.305Z,sell,1.884e-05,26.0,0.00048984
ONG/BTC,1565201504304,2019-08-07T18:11:44.304Z,sell,1.884e-05,26.0,0.00048984
ONG/BTC,1565201510304,2019-08-07T18:11:50.304Z,sell,1.883e-05,26.0,0.00048958
ONG/BTC,1565201511338,2019-08-07T18:11:51.338Z,sell,1.883e-05,26.0,0.00048958
ONG/BTC,1565201517336,2019-08-07T18:11:57.336Z,sell,1.884e-05,26.0,0.00048984
ONG/BTC,1565201534817,2019-08-07T18:12:14.817Z,buy,1.888e-05,2.0,3.776e-05
ONG/BTC,1565202305437,2019-08-07T18:25:05.437Z,sell,1.879e-05,13.0,0.00024427
ONG/BTC,1565202702712,2019-08-07T18:31:42.712Z,sell,1.879e-05,10.0,0.0001879
ONG/BTC,1565202721347,2019-08-07T18:32:01.347Z,buy,1.88e-05,54.0,0.0010152
ONG/BTC,1565203115836,2019-08-07T18:38:35.836Z,sell,1.879e-05,55.0,0.00103345
ONG/BTC,1565203256002,2019-08-07T18:40:56.002Z,buy,1.888e-05,2.0,3.776e-05
ONG/BTC,1565203309264,2019-08-07T18:41:49.264Z,sell,1.881e-05,123.0,0.00231363
ONG/BTC,1565203309264,2019-08-07T18:41:49.264Z,sell,1.877e-05,244.0,0.00457988
ONG/BTC,1565203692835,2019-08-07T18:48:12.835Z,buy,1.877e-05,84.0,0.00157668
ONG/BTC,1565203900821,2019-08-07T18:51:40.821Z,sell,1.876e-05,11.0,0.00020636
ONG/BTC,1565203900821,2019-08-07T18:51:40.821Z,sell,1.876e-05,11.0,0.00020636
ONG/BTC,1565205402285,2019-08-07T19:16:42.285Z,sell,1.876e-05,1063.0,0.01994188
ONG/BTC,1565205402300,2019-08-07T19:16:42.300Z,buy,1.876e-05,84.0,0.00157584
ONG/BTC,1565205415046,2019-08-07T19:16:55.046Z,buy,1.883e-05,30.0,0.0005649
ONG/BTC,1565205415046,2019-08-07T19:16:55.046Z,buy,1.884e-05,24.0,0.0004521599999999
ONG/BTC,1565205670069,2019-08-07T19:21:10.069Z,buy,1.884e-05,45.0,0.0008478
ONG/BTC,1565206958632,2019-08-07T19:42:38.632Z,buy,1.884e-05,2.0,3.768e-05
ONG/BTC,1565207053818,2019-08-07T19:44:13.818Z,buy,1.875e-05,26.0,0.0004875
ONG/BTC,1565207053818,2019-08-07T19:44:13.818Z,buy,1.875e-05,26.0,0.0004875
ONG/BTC,1565207511396,2019-08-07T19:51:51.396Z,buy,1.874e-05,2.0,3.748e-05
ONG/BTC,1565207750276,2019-08-07T19:55:50.276Z,sell,1.87e-05,59.0,0.0011033
ONG/BTC,1565207944935,2019-08-07T19:59:04.935Z,buy,1.873e-05,217.0,0.00406441
ONG/BTC,1565208027290,2019-08-07T20:00:27.290Z,sell,1.87e-05,18.0,0.0003366
ONG/BTC,1565208066175,2019-08-07T20:01:06.175Z,sell,1.87e-05,847.0,0.0158389
ONG/BTC,1565208213282,2019-08-07T20:03:33.282Z,sell,1.87e-05,51.0,0.0009537
ONG/BTC,1565208271182,2019-08-07T20:04:31.182Z,sell,1.866e-05,133.0,0.00248178
ONG/BTC,1565208272182,2019-08-07T20:04:32.182Z,sell,1.865e-05,941.0,0.01754965
ONG/BTC,1565208285340,2019-08-07T20:04:45.340Z,buy,1.863e-05,263.0,0.00489969
ONG/BTC,1565208346640,2019-08-07T20:05:46.640Z,sell,1.857e-05,50.0,0.0009285
ONG/BTC,1565208400318,2019-08-07T20:06:40.318Z,buy,1.862e-05,333.0,0.00620046
ONG/BTC,1565208400415,2019-08-07T20:06:40.415Z,buy,1.862e-05,90.0,0.0016758
ONG/BTC,1565208446221,2019-08-07T20:07:26.221Z,buy,1.862e-05,380.0,0.0070756
ONG/BTC,1565208446221,2019-08-07T20:07:26.221Z,buy,1.863e-05,25.0,0.0004657499999999
ONG/BTC,1565208446221,2019-08-07T20:07:26.221Z,buy,1.867e-05,376.0,0.00701992
ONG/BTC,1565208873304,2019-08-07T20:14:33.304Z,sell,1.861e-05,54.0,0.00100494
ONG/BTC,1565209528360,2019-08-07T20:25:28.360Z,sell,1.861e-05,20.0,0.0003722
ONG/BTC,1565209608285,2019-08-07T20:26:48.285Z,buy,1.86e-05,18.0,0.0003348
ONG/BTC,1565209608285,2019-08-07T20:26:48.285Z,buy,1.861e-05,164.0,0.00305204
ONG/BTC,1565209854466,2019-08-07T20:30:54.466Z,sell,1.861e-05,213.0,0.00396393
ONG/BTC,1565209857460,2019-08-07T20:30:57.460Z,sell,1.86e-05,109.0,0.0020274
ONG/BTC,1565209859357,2019-08-07T20:30:59.357Z,sell,1.86e-05,165.0,0.003069
ONG/BTC,1565209859426,2019-08-07T20:30:59.426Z,sell,1.86e-05,55.0,0.001023
ONG/BTC,1565209881295,2019-08-07T20:31:21.295Z,sell,1.859e-05,942.0,0.01751178
ONG/BTC,1565209883301,2019-08-07T20:31:23.301Z,sell,1.857e-05,871.0,0.01617447
ONG/BTC,1565209890314,2019-08-07T20:31:30.314Z,sell,1.851e-05,485.0,0.00897735
ONG/BTC,1565210118474,2019-08-07T20:35:18.474Z,buy,1.859e-05,2.0,3.718e-05
ONG/BTC,1565210320836,2019-08-07T20:38:40.836Z,buy,1.862e-05,168.0,0.00312816
ONG/BTC,1565210325504,2019-08-07T20:38:45.504Z,sell,1.862e-05,6.0,0.00011172
ONG/BTC,1565210328847,2019-08-07T20:38:48.847Z,buy,1.867e-05,2.0,3.734e-05
ONG/BTC,1565210380971,2019-08-07T20:39:40.971Z,buy,1.874e-05,117.0,0.00219258
ONG/BTC,1565210385343,2019-08-07T20:39:45.343Z,buy,1.884e-05,45.0,0.0008478
ONG/BTC,1565210392348,2019-08-07T20:39:52.348Z,buy,1.884e-05,220.0,0.0041448
ONG/BTC,1565210392348,2019-08-07T20:39:52.348Z,buy,1.885e-05,26.0,0.0004901
ONG/BTC,1565210396138,2019-08-07T20:39:56.138Z,buy,1.886e-05,51.0,0.0009618599999999
ONG/BTC,1565210396283,2019-08-07T20:39:56.283Z,buy,1.886e-05,737.0,0.0138998199999999
ONG/BTC,1565210397344,2019-08-07T20:39:57.344Z,buy,1.887e-05,2637.0,0.04976019
ONG/BTC,1565210401423,2019-08-07T20:40:01.423Z,buy,1.886e-05,15.0,0.0002829
ONG/BTC,1565210401423,2019-08-07T20:40:01.423Z,buy,1.893e-05,939.0,0.01777527
ONG/BTC,1565210401734,2019-08-07T20:40:01.734Z,sell,1.884e-05,23.0,0.00043332
ONG/BTC,1565210407215,2019-08-07T20:40:07.215Z,buy,1.897e-05,95.0,0.00180215
ONG/BTC,1565210407443,2019-08-07T20:40:07.443Z,buy,1.899e-05,837.0,0.01589463
ONG/BTC,1565210407443,2019-08-07T20:40:07.443Z,buy,1.9e-05,6000.0,0.114
ONG/BTC,1565210407443,2019-08-07T20:40:07.443Z,buy,1.901e-05,979.0,0.01861079
ONG/BTC,1565210407801,2019-08-07T20:40:07.801Z,sell,1.898e-05,40.0,0.0007592
ONG/BTC,1565210408346,2019-08-07T20:40:08.346Z,buy,1.909e-05,872.0,0.0166464799999999
ONG/BTC,1565210408770,2019-08-07T20:40:08.770Z,buy,1.915e-05,1004.0,0.0192266
ONG/BTC,1565210408770,2019-08-07T20:40:08.770Z,buy,1.916e-05,156.0,0.0029889599999999
ONG/BTC,1565210409211,2019-08-07T20:40:09.211Z,sell,1.898e-05,40.0,0.0007592
ONG/BTC,1565210412342,2019-08-07T20:40:12.342Z,buy,1.91e-05,2530.0,0.048323
ONG/BTC,1565210416296,2019-08-07T20:40:16.296Z,sell,1.9e-05,9.0,0.000171
ONG/BTC,1565210420521,2019-08-07T20:40:20.521Z,sell,1.902e-05,248.0,0.00471696
ONG/BTC,1565210420532,2019-08-07T20:40:20.532Z,sell,1.902e-05,37.0,0.00070374
ONG/BTC,1565210420550,2019-08-07T20:40:20.550Z,sell,1.896e-05,200.0,0.003792
ONG/BTC,1565210420550,2019-08-07T20:40:20.550Z,sell,1.889e-05,214.0,0.00404246
ONG/BTC,1565210421341,2019-08-07T20:40:21.341Z,buy,1.9e-05,485.0,0.009215
ONG/BTC,1565210421788,2019-08-07T20:40:21.788Z,buy,1.9e-05,10.0,0.00019
ONG/BTC,1565210422110,2019-08-07T20:40:22.110Z,buy,1.9e-05,9.0,0.000171
ONG/BTC,1565210422301,2019-08-07T20:40:22.301Z,sell,1.909e-05,237.0,0.00452433
ONG/BTC,1565210422381,2019-08-07T20:40:22.381Z,sell,1.891e-05,24.0,0.00045384
ONG/BTC,1565210423812,2019-08-07T20:40:23.812Z,buy,1.899e-05,122.0,0.00231678
ONG/BTC,1565210423962,2019-08-07T20:40:23.962Z,buy,1.899e-05,73.0,0.00138627
ONG/BTC,1565210423966,2019-08-07T20:40:23.966Z,buy,1.899e-05,5.0,9.495e-05
ONG/BTC,1565210423966,2019-08-07T20:40:23.966Z,buy,1.9e-05,10.0,0.00019
ONG/BTC,1565210424340,2019-08-07T20:40:24.340Z,buy,1.902e-05,60.0,0.0011412
ONG/BTC,1565210425181,2019-08-07T20:40:25.181Z,buy,1.904e-05,80.0,0.0015232
ONG/BTC,1565210425181,2019-08-07T20:40:25.181Z,buy,1.905e-05,78.0,0.0014858999999999
ONG/BTC,1565210426339,2019-08-07T20:40:26.339Z,buy,1.898e-05,942.0,0.01787916
ONG/BTC,1565210434315,2019-08-07T20:40:34.315Z,sell,1.892e-05,281.0,0.00531652
ONG/BTC,1565210434810,2019-08-07T20:40:34.810Z,sell,1.892e-05,111.0,0.00210012
ONG/BTC,1565210434899,2019-08-07T20:40:34.899Z,sell,1.892e-05,111.0,0.00210012
ONG/BTC,1565210435591,2019-08-07T20:40:35.591Z,sell,1.892e-05,141.0,0.0026677199999999
ONG/BTC,1565210435591,2019-08-07T20:40:35.591Z,sell,1.891e-05,363.0,0.00686433
ONG/BTC,1565210436385,2019-08-07T20:40:36.385Z,sell,1.893e-05,1050.0,0.0198765
ONG/BTC,1565210450387,2019-08-07T20:40:50.387Z,sell,1.887e-05,994.0,0.01875678
ONG/BTC,1565210452449,2019-08-07T20:40:52.449Z,sell,1.882e-05,66.0,0.00124212
ONG/BTC,1565210453967,2019-08-07T20:40:53.967Z,sell,1.882e-05,11.0,0.0002070199999999
ONG/BTC,1565210456465,2019-08-07T20:40:56.465Z,sell,1.882e-05,22.0,0.0004140399999999
ONG/BTC,1565210463319,2019-08-07T20:41:03.319Z,sell,1.887e-05,210.0,0.0039627
ONG/BTC,1565210463337,2019-08-07T20:41:03.337Z,sell,1.887e-05,49.0,0.00092463
ONG/BTC,1565210463380,2019-08-07T20:41:03.380Z,sell,1.882e-05,761.0,0.01432202
ONG/BTC,1565210463439,2019-08-07T20:41:03.439Z,sell,1.893e-05,213.0,0.00403209
ONG/BTC,1565210463983,2019-08-07T20:41:03.983Z,sell,1.887e-05,304.0,0.00573648
ONG/BTC,1565210464054,2019-08-07T20:41:04.054Z,sell,1.887e-05,303.0,0.00571761
ONG/BTC,1565210464106,2019-08-07T20:41:04.106Z,sell,1.887e-05,304.0,0.00573648
ONG/BTC,1565210464341,2019-08-07T20:41:04.341Z,sell,1.887e-05,1233.0,0.02326671
ONG/BTC,1565210464409,2019-08-07T20:41:04.409Z,sell,1.88e-05,84.0,0.0015792
ONG/BTC,1565210465608,2019-08-07T20:41:05.608Z,buy,1.886e-05,402.0,0.0075817199999999
ONG/BTC,1565210468339,2019-08-07T20:41:08.339Z,sell,1.881e-05,191.0,0.00359271
ONG/BTC,1565210511478,2019-08-07T20:41:51.478Z,buy,1.883e-05,424.0,0.00798392
ONG/BTC,1565210542956,2019-08-07T20:42:22.956Z,buy,1.885e-05,133.0,0.00250705
ONG/BTC,1565210543373,2019-08-07T20:42:23.373Z,buy,1.883e-05,221.0,0.00416143
ONG/BTC,1565210549717,2019-08-07T20:42:29.717Z,buy,1.883e-05,83.0,0.00156289
ONG/BTC,1565210549717,2019-08-07T20:42:29.717Z,buy,1.885e-05,503.0,0.00948155
ONG/BTC,1565210549717,2019-08-07T20:42:29.717Z,buy,1.886e-05,408.0,0.0076948799999999
ONG/BTC,1565210549965,2019-08-07T20:42:29.965Z,buy,1.891e-05,830.0,0.0156953
ONG/BTC,1565210549965,2019-08-07T20:42:29.965Z,buy,1.891e-05,830.0,0.0156953
ONG/BTC,1565210799014,2019-08-07T20:46:39.014Z,sell,1.882e-05,50.0,0.000941
ONG/BTC,1565211218155,2019-08-07T20:53:38.155Z,sell,1.884e-05,113.0,0.00212892
ONG/BTC,1565211218155,2019-08-07T20:53:38.155Z,sell,1.883e-05,5.0,9.415e-05
ONG/BTC,1565211499781,2019-08-07T20:58:19.781Z,sell,1.881e-05,2497.0,0.04696857
ONG/BTC,1565211502387,2019-08-07T20:58:22.387Z,sell,1.88e-05,818.0,0.0153784
ONG/BTC,1565211521767,2019-08-07T20:58:41.767Z,buy,1.876e-05,139.0,0.00260764
ONG/BTC,1565211522076,2019-08-07T20:58:42.076Z,buy,1.876e-05,264.0,0.00495264
ONG/BTC,1565211602926,2019-08-07T21:00:02.926Z,buy,1.875e-05,941.0,0.01764375
ONG/BTC,1565211748930,2019-08-07T21:02:28.930Z,sell,1.871e-05,286.0,0.0053510599999999
ONG/BTC,1565211749400,2019-08-07T21:02:29.400Z,sell,1.87e-05,990.0,0.018513
ONG/BTC,1565212037856,2019-08-07T21:07:17.856Z,buy,1.87e-05,286.0,0.0053482
ONG/BTC,1565212037985,2019-08-07T21:07:17.985Z,buy,1.871e-05,404.0,0.00755884
ONG/BTC,1565212041428,2019-08-07T21:07:21.428Z,buy,1.87e-05,277.0,0.0051799
ONG/BTC,1565212280504,2019-08-07T21:11:20.504Z,sell,1.868e-05,402.0,0.00750936
ONG/BTC,1565212320364,2019-08-07T21:12:00.364Z,buy,1.87e-05,6.0,0.0001122
ONG/BTC,1565212324424,2019-08-07T21:12:04.424Z,sell,1.87e-05,402.0,0.0075174
ONG/BTC,1565212381046,2019-08-07T21:13:01.046Z,buy,1.871e-05,90.0,0.0016839
ONG/BTC,1565212577164,2019-08-07T21:16:17.164Z,buy,1.871e-05,318.0,0.00594978
ONG/BTC,1565212747302,2019-08-07T21:19:07.302Z,sell,1.868e-05,23.0,0.00042964
ONG/BTC,1565212968956,2019-08-07T21:22:48.956Z,sell,1.868e-05,464.0,0.00866752
ONG/BTC,1565212974398,2019-08-07T21:22:54.398Z,buy,1.867e-05,402.0,0.0075053399999999
ONG/BTC,1565213102477,2019-08-07T21:25:02.477Z,buy,1.867e-05,89.0,0.0016616299999999
ONG/BTC,1565213154911,2019-08-07T21:25:54.911Z,buy,1.868e-05,41.0,0.00076588
ONG/BTC,1565213154911,2019-08-07T21:25:54.911Z,buy,1.87e-05,287.0,0.0053669
ONG/BTC,1565213294876,2019-08-07T21:28:14.876Z,buy,1.873e-05,408.0,0.00764184
ONG/BTC,1565213312398,2019-08-07T21:28:32.398Z,sell,1.88e-05,67.0,0.0012596
ONG/BTC,1565213314491,2019-08-07T21:28:34.491Z,sell,1.88e-05,341.0,0.0064107999999999
ONG/BTC,1565213314491,2019-08-07T21:28:34.491Z,sell,1.88e-05,341.0,0.0064107999999999
ONG/BTC,1565214295422,2019-08-07T21:44:55.422Z,sell,1.877e-05,285.0,0.00534945
ONG/BTC,1565214301555,2019-08-07T21:45:01.555Z,sell,1.876e-05,149.0,0.00279524
ONG/BTC,1565214538422,2019-08-07T21:48:58.422Z,sell,1.865e-05,15.0,0.00027975
ONG/BTC,1565214657970,2019-08-07T21:50:57.970Z,sell,1.865e-05,20.0,0.0003729999999999
ONG/BTC,1565214757273,2019-08-07T21:52:37.273Z,sell,1.865e-05,11.0,0.00020515
ONG/BTC,1565215039226,2019-08-07T21:57:19.226Z,buy,1.877e-05,131.0,0.00245887
ONG/BTC,1565215156954,2019-08-07T21:59:16.954Z,buy,1.876e-05,2.0,3.752e-05
ONG/BTC,1565215503290,2019-08-07T22:05:03.290Z,buy,1.871e-05,17.0,0.00031807
ONG/BTC,1565215503290,2019-08-07T22:05:03.290Z,buy,1.872e-05,83.0,0.00155376
ONG/BTC,1565215566829,2019-08-07T22:06:06.829Z,sell,1.866e-05,100.0,0.001866
ONG/BTC,1565215574278,2019-08-07T22:06:14.278Z,buy,1.876e-05,6.0,0.0001125599999999
ONG/BTC,1565215608248,2019-08-07T22:06:48.248Z,sell,1.871e-05,18.0,0.0003367799999999
ONG/BTC,1565216209488,2019-08-07T22:16:49.488Z,buy,1.87e-05,27.0,0.0005049
ONG/BTC,1565216209488,2019-08-07T22:16:49.488Z,buy,1.871e-05,68.0,0.00127228
ONG/BTC,1565216209488,2019-08-07T22:16:49.488Z,buy,1.873e-05,115.0,0.00215395
ONG/BTC,1565216209719,2019-08-07T22:16:49.719Z,buy,1.873e-05,115.0,0.00215395
ONG/BTC,1565216209924,2019-08-07T22:16:49.924Z,buy,1.873e-05,67.0,0.00125491
ONG/BTC,1565216219936,2019-08-07T22:16:59.936Z,buy,1.875e-05,16.0,0.0003
ONG/BTC,1565216219936,2019-08-07T22:16:59.936Z,buy,1.875e-05,16.0,0.0003
ONG/BTC,1565217607749,2019-08-07T22:40:07.749Z,sell,1.866e-05,133.0,0.00248178
ONG/BTC,1565217636472,2019-08-07T22:40:36.472Z,sell,1.867e-05,652.0,0.0121728399999999
ONG/BTC,1565217967019,2019-08-07T22:46:07.019Z,buy,1.874e-05,66.0,0.00123684
ONG/BTC,1565217975960,2019-08-07T22:46:15.960Z,buy,1.875e-05,29.0,0.00054375
ONG/BTC,1565217975960,2019-08-07T22:46:15.960Z,buy,1.879e-05,97.0,0.00182263
ONG/BTC,1565217976093,2019-08-07T22:46:16.093Z,buy,1.88e-05,58.0,0.0010904
ONG/BTC,1565217976109,2019-08-07T22:46:16.109Z,buy,1.88e-05,175.0,0.00329
ONG/BTC,1565218096131,2019-08-07T22:48:16.131Z,sell,1.881e-05,271.0,0.00509751
ONG/BTC,1565218350160,2019-08-07T22:52:30.160Z,sell,1.882e-05,227.0,0.00427214
ONG/BTC,1565218350160,2019-08-07T22:52:30.160Z,sell,1.881e-05,1107.0,0.02082267
ONG/BTC,1565218350495,2019-08-07T22:52:30.495Z,sell,1.881e-05,1239.0,0.02330559
ONG/BTC,1565218483877,2019-08-07T22:54:43.877Z,sell,1.879e-05,516.0,0.00969564
ONG/BTC,1565218504885,2019-08-07T22:55:04.885Z,sell,1.878e-05,402.0,0.00754956
ONG/BTC,1565218518940,2019-08-07T22:55:18.940Z,buy,1.877e-05,185.0,0.00347245
ONG/BTC,1565218529974,2019-08-07T22:55:29.974Z,buy,1.871e-05,56.0,0.00104776
ONG/BTC,1565218530017,2019-08-07T22:55:30.017Z,buy,1.871e-05,70.0,0.0013097
ONG/BTC,1565218531979,2019-08-07T22:55:31.979Z,buy,1.871e-05,33.0,0.00061743
ONG/BTC,1565218531985,2019-08-07T22:55:31.985Z,buy,1.871e-05,20.0,0.0003742
ONG/BTC,1565218532010,2019-08-07T22:55:32.010Z,buy,1.871e-05,44.0,0.0008232399999999
ONG/BTC,1565218543255,2019-08-07T22:55:43.255Z,buy,1.88e-05,23.0,0.0004324
ONG/BTC,1565218908886,2019-08-07T23:01:48.886Z,sell,1.865e-05,198.0,0.0036926999999999
ONG/BTC,1565219047149,2019-08-07T23:04:07.149Z,sell,1.865e-05,135.0,0.00251775
ONG/BTC,1565219047149,2019-08-07T23:04:07.149Z,sell,1.865e-05,135.0,0.00251775
ONG/BTC,1565220779990,2019-08-07T23:32:59.990Z,sell,1.865e-05,523.0,0.0097539499999999
ONG/BTC,1565220780094,2019-08-07T23:33:00.094Z,sell,1.861e-05,200.0,0.003722
ONG/BTC,1565220780094,2019-08-07T23:33:00.094Z,sell,1.86e-05,162.0,0.0030132
ONG/BTC,1565220803082,2019-08-07T23:33:23.082Z,sell,1.859e-05,402.0,0.00747318
ONG/BTC,1565220812356,2019-08-07T23:33:32.356Z,buy,1.859e-05,19.0,0.00035321
ONG/BTC,1565220924999,2019-08-07T23:35:24.999Z,buy,1.863e-05,248.0,0.00462024
ONG/BTC,1565220924999,2019-08-07T23:35:24.999Z,buy,1.864e-05,420.0,0.0078288
ONG/BTC,1565220924999,2019-08-07T23:35:24.999Z,buy,1.865e-05,195.0,0.00363675
ONG/BTC,1565220924999,2019-08-07T23:35:24.999Z,buy,1.87e-05,153.0,0.0028611
ONG/BTC,1565220925106,2019-08-07T23:35:25.106Z,buy,1.881e-05,225.0,0.00423225
ONG/BTC,1565220926115,2019-08-07T23:35:26.115Z,buy,1.88e-05,266.0,0.0050008
ONG/BTC,1565220926115,2019-08-07T23:35:26.115Z,buy,1.881e-05,77.0,0.00144837
ONG/BTC,1565220961200,2019-08-07T23:36:01.200Z,buy,1.881e-05,280.0,0.0052668
ONG/BTC,1565220966098,2019-08-07T23:36:06.098Z,buy,1.881e-05,241.0,0.00453321
ONG/BTC,1565220966098,2019-08-07T23:36:06.098Z,buy,1.882e-05,551.0,0.01036982
ONG/BTC,1565220966520,2019-08-07T23:36:06.520Z,buy,1.882e-05,1449.0,0.0272701799999999
ONG/BTC,1565220997316,2019-08-07T23:36:37.316Z,sell,1.882e-05,281.0,0.0052884199999999
ONG/BTC,1565220997316,2019-08-07T23:36:37.316Z,sell,1.882e-05,127.0,0.00239014
ONG/BTC,1565220997380,2019-08-07T23:36:37.380Z,sell,1.875e-05,408.0,0.00765
ONG/BTC,1565221013573,2019-08-07T23:36:53.573Z,buy,1.873e-05,408.0,0.00764184
ONG/BTC,1565221013589,2019-08-07T23:36:53.589Z,buy,1.878e-05,352.0,0.00661056
ONG/BTC,1565221751747,2019-08-07T23:49:11.747Z,buy,1.882e-05,2.0,3.764e-05
ONG/BTC,1565222045491,2019-08-07T23:54:05.491Z,buy,1.88e-05,30.0,0.0005639999999999
ONG/BTC,1565222057430,2019-08-07T23:54:17.430Z,sell,1.883e-05,404.0,0.00760732
ONG/BTC,1565222057430,2019-08-07T23:54:17.430Z,sell,1.88e-05,665.0,0.012502
ONG/BTC,1565222057430,2019-08-07T23:54:17.430Z,sell,1.879e-05,2142.0,0.04024818
ONG/BTC,1565222057430,2019-08-07T23:54:17.430Z,sell,1.876e-05,200.0,0.003752
ONG/BTC,1565222057430,2019-08-07T23:54:17.430Z,sell,1.874e-05,789.0,0.01478586
ONG/BTC,1565222058408,2019-08-07T23:54:18.408Z,buy,1.88e-05,46.0,0.0008648
ONG/BTC,1565222058411,2019-08-07T23:54:18.411Z,buy,1.88e-05,219.0,0.0041172
ONG/BTC,1565222058456,2019-08-07T23:54:18.456Z,buy,1.88e-05,351.0,0.0065988
ONG/BTC,1565222058822,2019-08-07T23:54:18.822Z,sell,1.871e-05,200.0,0.0037419999999999
ONG/BTC,1565222060114,2019-08-07T23:54:20.114Z,sell,1.875e-05,223.0,0.0041812499999999
ONG/BTC,1565222063183,2019-08-07T23:54:23.183Z,buy,1.876e-05,284.0,0.00532784
ONG/BTC,1565222063216,2019-08-07T23:54:23.216Z,sell,1.876e-05,118.0,0.00221368
ONG/BTC,1565222063216,2019-08-07T23:54:23.216Z,sell,1.875e-05,149.0,0.00279375
ONG/BTC,1565222063220,2019-08-07T23:54:23.220Z,sell,1.875e-05,74.0,0.0013874999999999
ONG/BTC,1565222064719,2019-08-07T23:54:24.719Z,buy,1.869e-05,35.0,0.0006541499999999
ONG/BTC,1565222065911,2019-08-07T23:54:25.911Z,buy,1.867e-05,77.0,0.0014375899999999
ONG/BTC,1565222070234,2019-08-07T23:54:30.234Z,buy,1.867e-05,41.0,0.00076547
ONG/BTC,1565222070412,2019-08-07T23:54:30.412Z,sell,1.867e-05,326.0,0.0060864199999999
ONG/BTC,1565222075425,2019-08-07T23:54:35.425Z,sell,1.863e-05,285.0,0.00530955
ONG/BTC,1565222075425,2019-08-07T23:54:35.425Z,sell,1.862e-05,191.0,0.00355642
ONG/BTC,1565222106380,2019-08-07T23:55:06.380Z,buy,1.865e-05,285.0,0.00531525
ONG/BTC,1565222147687,2019-08-07T23:55:47.687Z,buy,1.864e-05,706.0,0.01315984
ONG/BTC,1565222150421,2019-08-07T23:55:50.421Z,buy,1.864e-05,113.0,0.00210632
ONG/BTC,1565222177388,2019-08-07T23:56:17.388Z,sell,1.859e-05,28.0,0.00052052
ONG/BTC,1565222177388,2019-08-07T23:56:17.388Z,sell,1.858e-05,286.0,0.00531388
ONG/BTC,1565222177388,2019-08-07T23:56:17.388Z,sell,1.857e-05,392.0,0.00727944
ONG/BTC,1565222267839,2019-08-07T23:57:47.839Z,buy,1.865e-05,2.0,3.73e-05
ONG/BTC,1565222267869,2019-08-07T23:57:47.869Z,buy,1.865e-05,504.0,0.0093996
ONG/BTC,1565222269137,2019-08-07T23:57:49.137Z,buy,1.866e-05,367.0,0.00684822
ONG/BTC,1565222276666,2019-08-07T23:57:56.666Z,buy,1.869e-05,243.0,0.0045416699999999
ONG/BTC,1565222277133,2019-08-07T23:57:57.133Z,buy,1.869e-05,157.0,0.0029343299999999
ONG/BTC,1565222278107,2019-08-07T23:57:58.107Z,buy,1.873e-05,28.0,0.0005244399999999
ONG/BTC,1565222278107,2019-08-07T23:57:58.107Z,buy,1.874e-05,132.0,0.00247368
ONG/BTC,1565222283891,2019-08-07T23:58:03.891Z,buy,1.874e-05,269.0,0.00504106
ONG/BTC,1565222302135,2019-08-07T23:58:22.135Z,buy,1.874e-05,135.0,0.0025299
ONG/BTC,1565222428675,2019-08-08T00:00:28.675Z,sell,1.873e-05,46.0,0.0008615799999999
ONG/BTC,1565222456604,2019-08-08T00:00:56.604Z,sell,1.873e-05,145.0,0.0027158499999999
ONG/BTC,1565222456604,2019-08-08T00:00:56.604Z,sell,1.873e-05,145.0,0.0027158499999999
ONG/BTC,1565222836689,2019-08-08T00:07:16.689Z,sell,1.873e-05,93.0,0.0017418899999999
ONG/BTC,1565222918820,2019-08-08T00:08:38.820Z,sell,1.872e-05,363.0,0.00679536
ONG/BTC,1565223052224,2019-08-08T00:10:52.224Z,buy,1.871e-05,2.0,3.742e-05
ONG/BTC,1565223089177,2019-08-08T00:11:29.177Z,buy,1.871e-05,282.0,0.00527622
ONG/BTC,1565223217197,2019-08-08T00:13:37.197Z,buy,1.872e-05,3485.0,0.0652392
ONG/BTC,1565223247055,2019-08-08T00:14:07.055Z,buy,1.871e-05,17.0,0.00031807
ONG/BTC,1565223247055,2019-08-08T00:14:07.055Z,buy,1.872e-05,8.0,0.00014976
ONG/BTC,1565223286244,2019-08-08T00:14:46.244Z,buy,1.872e-05,442.0,0.00827424
ONG/BTC,1565223298163,2019-08-08T00:14:58.163Z,buy,1.872e-05,193.0,0.00361296
ONG/BTC,1565223314588,2019-08-08T00:15:14.588Z,sell,1.864e-05,132.0,0.00246048
ONG/BTC,1565223315820,2019-08-08T00:15:15.820Z,sell,1.864e-05,132.0,0.00246048
ONG/BTC,1565223526499,2019-08-08T00:18:46.499Z,buy,1.871e-05,97.0,0.00181487
ONG/BTC,1565223562427,2019-08-08T00:19:22.427Z,buy,1.871e-05,97.0,0.00181487
ONG/BTC,1565223689842,2019-08-08T00:21:29.842Z,buy,1.871e-05,2.0,3.742e-05
ONG/BTC,1565224370293,2019-08-08T00:32:50.293Z,sell,1.865e-05,73.0,0.00136145
ONG/BTC,1565224409249,2019-08-08T00:33:29.249Z,buy,1.869e-05,2.0,3.738e-05
ONG/BTC,1565224487263,2019-08-08T00:34:47.263Z,buy,1.87e-05,33.0,0.0006171
ONG/BTC,1565224487263,2019-08-08T00:34:47.263Z,buy,1.871e-05,141.0,0.00263811
ONG/BTC,1565224488259,2019-08-08T00:34:48.259Z,buy,1.872e-05,509.0,0.00952848
ONG/BTC,1565224553093,2019-08-08T00:35:53.093Z,sell,1.878e-05,72.0,0.00135216
ONG/BTC,1565224557928,2019-08-08T00:35:57.928Z,sell,1.878e-05,336.0,0.00631008
ONG/BTC,1565225025893,2019-08-08T00:43:45.893Z,sell,1.871e-05,286.0,0.0053510599999999
ONG/BTC,1565225025893,2019-08-08T00:43:45.893Z,sell,1.87e-05,480.0,0.008976
ONG/BTC,1565225131731,2019-08-08T00:45:31.731Z,sell,1.871e-05,83.0,0.00155293
ONG/BTC,1565225449408,2019-08-08T00:50:49.408Z,buy,1.877e-05,82.0,0.00153914
ONG/BTC,1565225450722,2019-08-08T00:50:50.722Z,buy,1.876e-05,84.0,0.00157584
ONG/BTC,1565225513261,2019-08-08T00:51:53.261Z,sell,1.872e-05,82.0,0.00153504
ONG/BTC,1565225640376,2019-08-08T00:54:00.376Z,sell,1.871e-05,746.0,0.0139576599999999
ONG/BTC,1565225665153,2019-08-08T00:54:25.153Z,sell,1.87e-05,5347.0,0.0999889
ONG/BTC,1565225691269,2019-08-08T00:54:51.269Z,buy,1.861e-05,31.0,0.00057691
ONG/BTC,1565225959067,2019-08-08T00:59:19.067Z,sell,1.856e-05,698.0,0.0129548799999999
ONG/BTC,1565226054102,2019-08-08T01:00:54.102Z,sell,1.856e-05,243.0,0.00451008
ONG/BTC,1565226054102,2019-08-08T01:00:54.102Z,sell,1.854e-05,834.0,0.01546236
ONG/BTC,1565226056102,2019-08-08T01:00:56.102Z,sell,1.854e-05,539.0,0.00999306
ONG/BTC,1565226056102,2019-08-08T01:00:56.102Z,sell,1.854e-05,539.0,0.00999306
ONG/BTC,1565226062854,2019-08-08T01:01:02.854Z,buy,1.861e-05,10.0,0.0001861
ONG/BTC,1565226074227,2019-08-08T01:01:14.227Z,buy,1.861e-05,26.0,0.00048386
ONG/BTC,1565226083548,2019-08-08T01:01:23.548Z,buy,1.861e-05,17.0,0.00031637
ONG/BTC,1565226095623,2019-08-08T01:01:35.623Z,buy,1.861e-05,13.0,0.00024193
ONG/BTC,1565226333577,2019-08-08T01:05:33.577Z,buy,1.861e-05,96.0,0.00178656
ONG/BTC,1565226342967,2019-08-08T01:05:42.967Z,buy,1.863e-05,27.0,0.00050301
ONG/BTC,1565226352408,2019-08-08T01:05:52.408Z,buy,1.861e-05,91.0,0.00169351
ONG/BTC,1565226385753,2019-08-08T01:06:25.753Z,buy,1.862e-05,96.0,0.00178752
ONG/BTC,1565226395100,2019-08-08T01:06:35.100Z,buy,1.862e-05,36.0,0.00067032
ONG/BTC,1565226395516,2019-08-08T01:06:35.516Z,buy,1.862e-05,106.0,0.00197372
ONG/BTC,1565226396693,2019-08-08T01:06:36.693Z,buy,1.862e-05,101.0,0.00188062
ONG/BTC,1565226398402,2019-08-08T01:06:38.402Z,buy,1.862e-05,59.0,0.00109858
ONG/BTC,1565226574108,2019-08-08T01:09:34.108Z,sell,1.859e-05,287.0,0.00533533
ONG/BTC,1565226574108,2019-08-08T01:09:34.108Z,sell,1.858e-05,520.0,0.0096616
ONG/BTC,1565226574544,2019-08-08T01:09:34.544Z,sell,1.858e-05,568.0,0.01055344
ONG/BTC,1565226605105,2019-08-08T01:10:05.105Z,sell,1.856e-05,1615.0,0.0299744
ONG/BTC,1565226612107,2019-08-08T01:10:12.107Z,sell,1.856e-05,538.0,0.00998528
ONG/BTC,1565226667091,2019-08-08T01:11:07.091Z,sell,1.859e-05,806.0,0.01498354
ONG/BTC,1565226670096,2019-08-08T01:11:10.096Z,sell,1.859e-05,1080.0,0.0200772
ONG/BTC,1565226716106,2019-08-08T01:11:56.106Z,sell,1.861e-05,809.0,0.01505549
ONG/BTC,1565226755858,2019-08-08T01:12:35.858Z,buy,1.862e-05,453.0,0.00843486
ONG/BTC,1565226755858,2019-08-08T01:12:35.858Z,buy,1.863e-05,45.0,0.00083835
ONG/BTC,1565226766804,2019-08-08T01:12:46.804Z,sell,1.861e-05,1238.0,0.02303918
ONG/BTC,1565226827359,2019-08-08T01:13:47.359Z,sell,1.863e-05,448.0,0.00834624
ONG/BTC,1565226909248,2019-08-08T01:15:09.248Z,sell,1.865e-05,1068.0,0.0199182
ONG/BTC,1565226921999,2019-08-08T01:15:21.999Z,sell,1.865e-05,1068.0,0.0199182
ONG/BTC,1565226926701,2019-08-08T01:15:26.701Z,sell,1.865e-05,975.0,0.01818375
ONG/BTC,1565226933449,2019-08-08T01:15:33.449Z,sell,1.865e-05,93.0,0.00173445
ONG/BTC,1565226935095,2019-08-08T01:15:35.095Z,sell,1.865e-05,524.0,0.0097726
ONG/BTC,1565226935095,2019-08-08T01:15:35.095Z,sell,1.864e-05,12.0,0.00022368
ONG/BTC,1565226942895,2019-08-08T01:15:42.895Z,sell,1.864e-05,364.0,0.00678496
ONG/BTC,1565227434499,2019-08-08T01:23:54.499Z,sell,1.861e-05,17.0,0.00031637
ONG/BTC,1565227434499,2019-08-08T01:23:54.499Z,sell,1.859e-05,91.0,0.00169169
ONG/BTC,1565227436233,2019-08-08T01:23:56.233Z,buy,1.872e-05,2.0,3.744e-05
ONG/BTC,1565227696357,2019-08-08T01:28:16.357Z,buy,1.868e-05,10.0,0.0001868
ONG/BTC,1565227782633,2019-08-08T01:29:42.633Z,buy,1.868e-05,5.0,9.34e-05
ONG/BTC,1565227782633,2019-08-08T01:29:42.633Z,buy,1.874e-05,12.0,0.00022488
ONG/BTC,1565227840964,2019-08-08T01:30:40.964Z,sell,1.862e-05,17.0,0.00031654
ONG/BTC,1565227840964,2019-08-08T01:30:40.964Z,sell,1.861e-05,750.0,0.0139575
ONG/BTC,1565227844725,2019-08-08T01:30:44.725Z,buy,1.867e-05,10.0,0.0001866999999999
ONG/BTC,1565227845794,2019-08-08T01:30:45.794Z,buy,1.865e-05,7.0,0.00013055
ONG/BTC,1565227845794,2019-08-08T01:30:45.794Z,buy,1.866e-05,10.0,0.0001866
ONG/BTC,1565227846231,2019-08-08T01:30:46.231Z,buy,1.866e-05,8.0,0.00014928
ONG/BTC,1565227873115,2019-08-08T01:31:13.115Z,sell,1.869e-05,17.0,0.00031773
ONG/BTC,1565227906563,2019-08-08T01:31:46.563Z,buy,1.868e-05,11.0,0.00020548
ONG/BTC,1565227907568,2019-08-08T01:31:47.568Z,buy,1.868e-05,184.0,0.00343712
ONG/BTC,1565227913402,2019-08-08T01:31:53.402Z,buy,1.868e-05,37.0,0.00069116
ONG/BTC,1565227913439,2019-08-08T01:31:53.439Z,buy,1.868e-05,7.0,0.00013076
ONG/BTC,1565227913441,2019-08-08T01:31:53.441Z,buy,1.868e-05,25.0,0.000467
ONG/BTC,1565227913456,2019-08-08T01:31:53.456Z,buy,1.868e-05,10.0,0.0001868
ONG/BTC,1565227913505,2019-08-08T01:31:53.505Z,buy,1.868e-05,1.0,1.868e-05
ONG/BTC,1565227913505,2019-08-08T01:31:53.505Z,buy,1.869e-05,252.0,0.00470988
ONG/BTC,1565227917502,2019-08-08T01:31:57.502Z,buy,1.869e-05,201.0,0.0037566899999999
ONG/BTC,1565227919483,2019-08-08T01:31:59.483Z,buy,1.869e-05,183.0,0.00342027
ONG/BTC,1565228086289,2019-08-08T01:34:46.289Z,sell,1.868e-05,196.0,0.00366128
ONG/BTC,1565228095511,2019-08-08T01:34:55.511Z,sell,1.868e-05,92.0,0.00171856
ONG/BTC,1565228095511,2019-08-08T01:34:55.511Z,sell,1.867e-05,305.0,0.00569435
ONG/BTC,1565229452747,2019-08-08T01:57:32.747Z,buy,1.877e-05,2.0,3.754e-05
ONG/BTC,1565229452747,2019-08-08T01:57:32.747Z,buy,1.877e-05,2.0,3.754e-05
ONG/BTC,1565229831932,2019-08-08T02:03:51.932Z,buy,1.875e-05,2.0,3.75e-05
ONG/BTC,1565230002816,2019-08-08T02:06:42.816Z,buy,1.873e-05,30.0,0.0005618999999999
ONG/BTC,1565230171412,2019-08-08T02:09:31.412Z,buy,1.873e-05,10.0,0.0001873
ONG/BTC,1565230283428,2019-08-08T02:11:23.428Z,buy,1.868e-05,110.0,0.0020548
ONG/BTC,1565230291416,2019-08-08T02:11:31.416Z,buy,1.868e-05,672.0,0.01255296
ONG/BTC,1565230782729,2019-08-08T02:19:42.729Z,sell,1.869e-05,31.0,0.0005793899999999
ONG/BTC,1565230791019,2019-08-08T02:19:51.019Z,sell,1.869e-05,55.0,0.00102795
ONG/BTC,1565230792030,2019-08-08T02:19:52.030Z,sell,1.869e-05,36.0,0.00067284
ONG/BTC,1565230829712,2019-08-08T02:20:29.712Z,sell,1.867e-05,25.0,0.00046675
ONG/BTC,1565230958564,2019-08-08T02:22:38.564Z,sell,1.867e-05,16.0,0.00029872
ONG/BTC,1565231924119,2019-08-08T02:38:44.119Z,buy,1.872e-05,6.0,0.00011232
ONG/BTC,1565231933547,2019-08-08T02:38:53.547Z,buy,1.872e-05,9.0,0.00016848
ONG/BTC,1565232253654,2019-08-08T02:44:13.654Z,sell,1.871e-05,87.0,0.00162777
ONG/BTC,1565232253833,2019-08-08T02:44:13.833Z,sell,1.871e-05,399.0,0.0074652899999999
ONG/BTC,1565232261617,2019-08-08T02:44:21.617Z,buy,1.871e-05,105.0,0.00196455
ONG/BTC,1565232273421,2019-08-08T02:44:33.421Z,buy,1.868e-05,163.0,0.00304484
ONG/BTC,1565232273421,2019-08-08T02:44:33.421Z,buy,1.869e-05,23.0,0.0004298699999999
ONG/BTC,1565232288189,2019-08-08T02:44:48.189Z,sell,1.861e-05,251.0,0.00467111
ONG/BTC,1565232322774,2019-08-08T02:45:22.774Z,sell,1.861e-05,335.0,0.00623435
ONG/BTC,1565232733011,2019-08-08T02:52:13.011Z,buy,1.872e-05,2.0,3.744e-05
ONG/BTC,1565232733011,2019-08-08T02:52:13.011Z,buy,1.875e-05,406.0,0.0076124999999999
ONG/BTC,1565232737806,2019-08-08T02:52:17.806Z,buy,1.873e-05,180.0,0.0033713999999999
ONG/BTC,1565232737806,2019-08-08T02:52:17.806Z,buy,1.874e-05,1035.0,0.0193959
ONG/BTC,1565232753622,2019-08-08T02:52:33.622Z,sell,1.869e-05,82.0,0.00153258
ONG/BTC,1565232753622,2019-08-08T02:52:33.622Z,sell,1.869e-05,82.0,0.00153258
ONG/BTC,1565233397785,2019-08-08T03:03:17.785Z,buy,1.874e-05,15.0,0.0002811
ONG/BTC,1565233397785,2019-08-08T03:03:17.785Z,buy,1.879e-05,82.0,0.00154078
ONG/BTC,1565233397785,2019-08-08T03:03:17.785Z,buy,1.88e-05,378.0,0.0071064
ONG/BTC,1565233398741,2019-08-08T03:03:18.741Z,buy,1.88e-05,217.0,0.0040796
ONG/BTC,1565233401042,2019-08-08T03:03:21.042Z,buy,1.879e-05,216.0,0.00405864
ONG/BTC,1565233401875,2019-08-08T03:03:21.875Z,buy,1.879e-05,592.0,0.01112368
ONG/BTC,1565233403072,2019-08-08T03:03:23.072Z,buy,1.879e-05,281.0,0.00527999
ONG/BTC,1565233403072,2019-08-08T03:03:23.072Z,buy,1.88e-05,311.0,0.0058468
ONG/BTC,1565233414670,2019-08-08T03:03:34.670Z,buy,1.879e-05,1089.0,0.02046231
ONG/BTC,1565233414670,2019-08-08T03:03:34.670Z,buy,1.88e-05,111.0,0.0020867999999999
ONG/BTC,1565233419891,2019-08-08T03:03:39.891Z,buy,1.88e-05,8.0,0.0001504
ONG/BTC,1565233419935,2019-08-08T03:03:39.935Z,sell,1.88e-05,811.0,0.0152468
ONG/BTC,1565233420976,2019-08-08T03:03:40.976Z,buy,1.879e-05,819.0,0.01538901
ONG/BTC,1565233453992,2019-08-08T03:04:13.992Z,buy,1.887e-05,819.0,0.01545453
ONG/BTC,1565233454840,2019-08-08T03:04:14.840Z,buy,1.887e-05,118.0,0.00222666
ONG/BTC,1565233454900,2019-08-08T03:04:14.900Z,sell,1.887e-05,566.0,0.01068042
ONG/BTC,1565233461391,2019-08-08T03:04:21.391Z,sell,1.875e-05,31.0,0.00058125
ONG/BTC,1565233463685,2019-08-08T03:04:23.685Z,sell,1.877e-05,122.0,0.00228994
ONG/BTC,1565233465127,2019-08-08T03:04:25.127Z,sell,1.877e-05,17.0,0.00031909
ONG/BTC,1565233467695,2019-08-08T03:04:27.695Z,sell,1.885e-05,113.0,0.00213005
ONG/BTC,1565233467695,2019-08-08T03:04:27.695Z,sell,1.884e-05,9.0,0.00016956
ONG/BTC,1565233471939,2019-08-08T03:04:31.939Z,sell,1.884e-05,399.0,0.0075171599999999
ONG/BTC,1565233473182,2019-08-08T03:04:33.182Z,sell,1.879e-05,122.0,0.00229238
ONG/BTC,1565233474470,2019-08-08T03:04:34.470Z,buy,1.886e-05,283.0,0.00533738
ONG/BTC,1565233477107,2019-08-08T03:04:37.107Z,sell,1.877e-05,181.0,0.00339737
ONG/BTC,1565233481383,2019-08-08T03:04:41.383Z,sell,1.877e-05,103.0,0.00193331
ONG/BTC,1565233481383,2019-08-08T03:04:41.383Z,sell,1.876e-05,78.0,0.00146328
ONG/BTC,1565233481498,2019-08-08T03:04:41.498Z,buy,1.886e-05,181.0,0.00341366
ONG/BTC,1565233497365,2019-08-08T03:04:57.365Z,sell,1.877e-05,121.0,0.00227117
ONG/BTC,1565233506392,2019-08-08T03:05:06.392Z,sell,1.878e-05,160.0,0.0030048
ONG/BTC,1565233510115,2019-08-08T03:05:10.115Z,sell,1.878e-05,171.0,0.00321138
ONG/BTC,1565233515063,2019-08-08T03:05:15.063Z,sell,1.879e-05,122.0,0.00229238
ONG/BTC,1565233518349,2019-08-08T03:05:18.349Z,sell,1.877e-05,60.0,0.0011262
ONG/BTC,1565233518349,2019-08-08T03:05:18.349Z,sell,1.876e-05,59.0,0.00110684
ONG/BTC,1565233542368,2019-08-08T03:05:42.368Z,sell,1.876e-05,223.0,0.00418348
ONG/BTC,1565233602740,2019-08-08T03:06:42.740Z,sell,1.875e-05,93.0,0.0017437499999999
ONG/BTC,1565233602775,2019-08-08T03:06:42.775Z,buy,1.875e-05,78.0,0.0014624999999999
ONG/BTC,1565233634947,2019-08-08T03:07:14.947Z,sell,1.88e-05,402.0,0.0075576
ONG/BTC,1565233640781,2019-08-08T03:07:20.781Z,buy,1.878e-05,93.0,0.00174654
ONG/BTC,1565233656087,2019-08-08T03:07:36.087Z,buy,1.873e-05,529.0,0.0099081699999999
ONG/BTC,1565233657041,2019-08-08T03:07:37.041Z,buy,1.873e-05,288.0,0.00539424
ONG/BTC,1565234156128,2019-08-08T03:15:56.128Z,sell,1.873e-05,41.0,0.0007679299999999
ONG/BTC,1565234159034,2019-08-08T03:15:59.034Z,sell,1.876e-05,65.0,0.0012194
ONG/BTC,1565234159099,2019-08-08T03:15:59.099Z,sell,1.876e-05,26.0,0.00048776
ONG/BTC,1565234159655,2019-08-08T03:15:59.655Z,sell,1.876e-05,100.0,0.001876
ONG/BTC,1565234159678,2019-08-08T03:15:59.678Z,sell,1.876e-05,85.0,0.0015946
ONG/BTC,1565234159773,2019-08-08T03:15:59.773Z,sell,1.876e-05,54.0,0.00101304
ONG/BTC,1565234160077,2019-08-08T03:16:00.077Z,sell,1.876e-05,3.0,5.628e-05
ONG/BTC,1565234162054,2019-08-08T03:16:02.054Z,sell,1.873e-05,200.0,0.0037459999999999
ONG/BTC,1565234164275,2019-08-08T03:16:04.275Z,buy,1.874e-05,56.0,0.00104944
ONG/BTC,1565234171152,2019-08-08T03:16:11.152Z,sell,1.88e-05,138.0,0.0025943999999999
ONG/BTC,1565234172009,2019-08-08T03:16:12.009Z,sell,1.88e-05,264.0,0.0049632
ONG/BTC,1565234173105,2019-08-08T03:16:13.105Z,buy,1.878e-05,384.0,0.00721152
ONG/BTC,1565234173132,2019-08-08T03:16:13.132Z,sell,1.878e-05,18.0,0.00033804
ONG/BTC,1565234173132,2019-08-08T03:16:13.132Z,sell,1.875e-05,390.0,0.0073124999999999
ONG/BTC,1565234175000,2019-08-08T03:16:15.000Z,sell,1.875e-05,18.0,0.0003374999999999
ONG/BTC,1565234175000,2019-08-08T03:16:15.000Z,sell,1.87e-05,267.0,0.0049929
ONG/BTC,1565234180006,2019-08-08T03:16:20.006Z,sell,1.869e-05,267.0,0.00499023
ONG/BTC,1565234186879,2019-08-08T03:16:26.879Z,buy,1.869e-05,2.0,3.738e-05
ONG/BTC,1565234227054,2019-08-08T03:17:07.054Z,buy,1.867e-05,140.0,0.0026138
ONG/BTC,1565234227061,2019-08-08T03:17:07.061Z,buy,1.867e-05,60.0,0.0011202
ONG/BTC,1565234227061,2019-08-08T03:17:07.061Z,buy,1.868e-05,80.0,0.0014944
ONG/BTC,1565234227065,2019-08-08T03:17:07.065Z,buy,1.868e-05,95.0,0.0017746
ONG/BTC,1565234227133,2019-08-08T03:17:07.133Z,buy,1.868e-05,68.0,0.00127024
ONG/BTC,1565234228198,2019-08-08T03:17:08.198Z,buy,1.868e-05,41.0,0.00076588
ONG/BTC,1565234228198,2019-08-08T03:17:08.198Z,buy,1.869e-05,34.0,0.00063546
ONG/BTC,1565234319219,2019-08-08T03:18:39.219Z,sell,1.858e-05,186.0,0.00345588
ONG/BTC,1565234323421,2019-08-08T03:18:43.421Z,sell,1.858e-05,121.0,0.00224818
ONG/BTC,1565234473365,2019-08-08T03:21:13.365Z,sell,1.857e-05,16.0,0.00029712
ONG/BTC,1565234728960,2019-08-08T03:25:28.960Z,buy,1.865e-05,87.0,0.00162255
ONG/BTC,1565234729103,2019-08-08T03:25:29.103Z,buy,1.868e-05,286.0,0.00534248
ONG/BTC,1565234729165,2019-08-08T03:25:29.165Z,buy,1.869e-05,167.0,0.00312123
ONG/BTC,1565234733187,2019-08-08T03:25:33.187Z,buy,1.869e-05,167.0,0.00312123
ONG/BTC,1565234744951,2019-08-08T03:25:44.951Z,buy,1.868e-05,519.0,0.00969492
ONG/BTC,1565234744971,2019-08-08T03:25:44.971Z,buy,1.868e-05,747.0,0.01395396
ONG/BTC,1565234924713,2019-08-08T03:28:44.713Z,sell,1.874e-05,359.0,0.00672766
ONG/BTC,1565234948613,2019-08-08T03:29:08.613Z,sell,1.873e-05,471.0,0.00882183
ONG/BTC,1565234971086,2019-08-08T03:29:31.086Z,sell,1.872e-05,186.0,0.00348192
ONG/BTC,1565234994504,2019-08-08T03:29:54.504Z,sell,1.871e-05,402.0,0.0075214199999999
ONG/BTC,1565235005867,2019-08-08T03:30:05.867Z,buy,1.868e-05,402.0,0.00750936
ONG/BTC,1565235068638,2019-08-08T03:31:08.638Z,sell,1.86e-05,80.0,0.001488
ONG/BTC,1565235173576,2019-08-08T03:32:53.576Z,sell,1.857e-05,11.0,0.00020427
ONG/BTC,1565235174546,2019-08-08T03:32:54.546Z,sell,1.857e-05,15.0,0.00027855
ONG/BTC,1565235175565,2019-08-08T03:32:55.565Z,sell,1.857e-05,13.0,0.00024141
ONG/BTC,1565235176557,2019-08-08T03:32:56.557Z,sell,1.857e-05,10.0,0.0001857
ONG/BTC,1565235177550,2019-08-08T03:32:57.550Z,sell,1.857e-05,10.0,0.0001857
ONG/BTC,1565235184283,2019-08-08T03:33:04.283Z,sell,1.857e-05,135.0,0.00250695
ONG/BTC,1565235190705,2019-08-08T03:33:10.705Z,sell,1.857e-05,130.0,0.0024141
ONG/BTC,1565235190711,2019-08-08T03:33:10.711Z,sell,1.857e-05,83.0,0.00154131
ONG/BTC,1565235190932,2019-08-08T03:33:10.932Z,sell,1.857e-05,114.0,0.00211698
ONG/BTC,1565235191292,2019-08-08T03:33:11.292Z,sell,1.857e-05,64.0,0.00118848
ONG/BTC,1565235192623,2019-08-08T03:33:12.623Z,sell,1.857e-05,83.0,0.00154131
ONG/BTC,1565235928120,2019-08-08T03:45:28.120Z,buy,1.868e-05,57.0,0.00106476
ONG/BTC,1565235941301,2019-08-08T03:45:41.301Z,buy,1.868e-05,226.0,0.00422168
ONG/BTC,1565236209095,2019-08-08T03:50:09.095Z,buy,1.863e-05,207.0,0.00385641
ONG/BTC,1565236241811,2019-08-08T03:50:41.811Z,sell,1.858e-05,100.0,0.001858
ONG/BTC,1565236242822,2019-08-08T03:50:42.822Z,sell,1.858e-05,80.0,0.0014864
ONG/BTC,1565236247375,2019-08-08T03:50:47.375Z,sell,1.858e-05,57.0,0.00105906
ONG/BTC,1565236247375,2019-08-08T03:50:47.375Z,sell,1.858e-05,57.0,0.00105906
ONG/BTC,1565236403796,2019-08-08T03:53:23.796Z,sell,1.857e-05,71.0,0.00131847
ONG/BTC,1565236595006,2019-08-08T03:56:35.006Z,buy,1.863e-05,239.0,0.00445257
ONG/BTC,1565236612514,2019-08-08T03:56:52.514Z,buy,1.864e-05,418.0,0.00779152
ONG/BTC,1565236756496,2019-08-08T03:59:16.496Z,sell,1.858e-05,13.0,0.00024154
ONG/BTC,1565237032067,2019-08-08T04:03:52.067Z,buy,1.866e-05,2.0,3.732e-05
ONG/BTC,1565237096661,2019-08-08T04:04:56.661Z,buy,1.866e-05,2.0,3.732e-05
ONG/BTC,1565238363342,2019-08-08T04:26:03.342Z,sell,1.859e-05,110.0,0.0020449
ONG/BTC,1565238850226,2019-08-08T04:34:10.226Z,sell,1.858e-05,165.0,0.0030657
ONG/BTC,1565238857549,2019-08-08T04:34:17.549Z,sell,1.857e-05,204.0,0.00378828
ONG/BTC,1565238857549,2019-08-08T04:34:17.549Z,sell,1.854e-05,315.0,0.0058401
ONG/BTC,1565238857549,2019-08-08T04:34:17.549Z,sell,1.853e-05,73.0,0.00135269
ONG/BTC,1565238869381,2019-08-08T04:34:29.381Z,buy,1.853e-05,500.0,0.009265
ONG/BTC,1565239185510,2019-08-08T04:39:45.510Z,buy,1.863e-05,36.0,0.00067068
ONG/BTC,1565239249391,2019-08-08T04:40:49.391Z,sell,1.851e-05,36.0,0.00066636
ONG/BTC,1565239397425,2019-08-08T04:43:17.425Z,buy,1.852e-05,31.0,0.00057412
ONG/BTC,1565239397425,2019-08-08T04:43:17.425Z,buy,1.853e-05,33.0,0.00061149
ONG/BTC,1565239419441,2019-08-08T04:43:39.441Z,sell,1.851e-05,14.0,0.00025914
ONG/BTC,1565239419441,2019-08-08T04:43:39.441Z,sell,1.85e-05,592.0,0.010952
ONG/BTC,1565239437691,2019-08-08T04:43:57.691Z,sell,1.85e-05,322.0,0.005957
ONG/BTC,1565239441877,2019-08-08T04:44:01.877Z,sell,1.85e-05,88.0,0.0016279999999999
ONG/BTC,1565239458961,2019-08-08T04:44:18.961Z,sell,1.85e-05,16.0,0.000296
ONG/BTC,1565239459442,2019-08-08T04:44:19.442Z,buy,1.85e-05,84.0,0.0015539999999999
ONG/BTC,1565239675905,2019-08-08T04:47:55.905Z,sell,1.844e-05,22.0,0.00040568
ONG/BTC,1565239675905,2019-08-08T04:47:55.905Z,sell,1.844e-05,22.0,0.00040568
ONG/BTC,1565239996486,2019-08-08T04:53:16.486Z,buy,1.85e-05,31.0,0.0005735
ONG/BTC,1565239996486,2019-08-08T04:53:16.486Z,buy,1.853e-05,220.0,0.0040766
ONG/BTC,1565240628594,2019-08-08T05:03:48.594Z,buy,1.853e-05,32.0,0.00059296
ONG/BTC,1565240628594,2019-08-08T05:03:48.594Z,buy,1.856e-05,8.0,0.00014848
ONG/BTC,1565240628601,2019-08-08T05:03:48.601Z,buy,1.856e-05,32.0,0.00059392
ONG/BTC,1565240628857,2019-08-08T05:03:48.857Z,buy,1.856e-05,32.0,0.00059392
ONG/BTC,1565240654398,2019-08-08T05:04:14.398Z,buy,1.855e-05,34.0,0.0006307
ONG/BTC,1565240655014,2019-08-08T05:04:15.014Z,sell,1.855e-05,13.0,0.00024115
ONG/BTC,1565240655019,2019-08-08T05:04:15.019Z,sell,1.855e-05,18.0,0.0003339
ONG/BTC,1565240655026,2019-08-08T05:04:15.026Z,sell,1.855e-05,3.0,5.565e-05
ONG/BTC,1565240661040,2019-08-08T05:04:21.040Z,sell,1.846e-05,16.0,0.00029536
ONG/BTC,1565240662049,2019-08-08T05:04:22.049Z,sell,1.846e-05,10.0,0.0001846
ONG/BTC,1565240678893,2019-08-08T05:04:38.893Z,sell,1.849e-05,40.0,0.0007396
ONG/BTC,1565240742310,2019-08-08T05:05:42.310Z,sell,1.849e-05,74.0,0.00136826
ONG/BTC,1565240755774,2019-08-08T05:05:55.774Z,sell,1.85e-05,85.0,0.0015725
ONG/BTC,1565240756523,2019-08-08T05:05:56.523Z,buy,1.85e-05,323.0,0.0059755
ONG/BTC,1565240771519,2019-08-08T05:06:11.519Z,sell,1.858e-05,294.0,0.00546252
ONG/BTC,1565240813169,2019-08-08T05:06:53.169Z,sell,1.854e-05,262.0,0.00485748
ONG/BTC,1565240813169,2019-08-08T05:06:53.169Z,sell,1.853e-05,285.0,0.00528105
ONG/BTC,1565240816236,2019-08-08T05:06:56.236Z,buy,1.861e-05,286.0,0.00532246
ONG/BTC,1565240816236,2019-08-08T05:06:56.236Z,buy,1.861e-05,2.0,3.722e-05
ONG/BTC,1565240816238,2019-08-08T05:06:56.238Z,buy,1.862e-05,383.0,0.00713146
ONG/BTC,1565240816238,2019-08-08T05:06:56.238Z,buy,1.864e-05,97.0,0.00180808
ONG/BTC,1565240816247,2019-08-08T05:06:56.247Z,buy,1.864e-05,480.0,0.0089472
ONG/BTC,1565240816273,2019-08-08T05:06:56.273Z,buy,1.864e-05,261.0,0.00486504
ONG/BTC,1565240816273,2019-08-08T05:06:56.273Z,buy,1.865e-05,539.0,0.01005235
ONG/BTC,1565240870585,2019-08-08T05:07:50.585Z,buy,1.865e-05,2.0,3.73e-05
ONG/BTC,1565240891405,2019-08-08T05:08:11.405Z,sell,1.86e-05,12.0,0.0002232
ONG/BTC,1565241125420,2019-08-08T05:12:05.420Z,sell,1.86e-05,26.0,0.0004836
ONG/BTC,1565241181358,2019-08-08T05:13:01.358Z,buy,1.865e-05,38.0,0.0007086999999999
ONG/BTC,1565241250643,2019-08-08T05:14:10.643Z,sell,1.86e-05,249.0,0.0046314
ONG/BTC,1565241909138,2019-08-08T05:25:09.138Z,sell,1.858e-05,14.0,0.00026012
ONG/BTC,1565242061875,2019-08-08T05:27:41.875Z,buy,1.864e-05,2.0,3.728e-05
ONG/BTC,1565242899612,2019-08-08T05:41:39.612Z,sell,1.853e-05,38.0,0.00070414
ONG/BTC,1565242916918,2019-08-08T05:41:56.918Z,buy,1.864e-05,10.0,0.0001864
ONG/BTC,1565242916918,2019-08-08T05:41:56.918Z,buy,1.864e-05,10.0,0.0001864
ONG/BTC,1565243278776,2019-08-08T05:47:58.776Z,sell,1.852e-05,785.0,0.0145382
ONG/BTC,1565243278813,2019-08-08T05:47:58.813Z,sell,1.851e-05,2168.0,0.04012968
ONG/BTC,1565243278822,2019-08-08T05:47:58.822Z,buy,1.852e-05,600.0,0.0111119999999999
ONG/BTC,1565243278847,2019-08-08T05:47:58.847Z,buy,1.852e-05,308.0,0.00570416
ONG/BTC,1565243279700,2019-08-08T05:47:59.700Z,sell,1.849e-05,200.0,0.003698
ONG/BTC,1565243292567,2019-08-08T05:48:12.567Z,buy,1.849e-05,275.0,0.00508475
ONG/BTC,1565243292567,2019-08-08T05:48:12.567Z,buy,1.85e-05,845.0,0.0156325
ONG/BTC,1565243293705,2019-08-08T05:48:13.705Z,sell,1.848e-05,402.0,0.00742896
ONG/BTC,1565243294308,2019-08-08T05:48:14.308Z,buy,1.848e-05,402.0,0.00742896
ONG/BTC,1565243303701,2019-08-08T05:48:23.701Z,sell,1.848e-05,81.0,0.00149688
ONG/BTC,1565243321093,2019-08-08T05:48:41.093Z,sell,1.848e-05,289.0,0.00534072
ONG/BTC,1565243321093,2019-08-08T05:48:41.093Z,sell,1.847e-05,3012.0,0.05563164
ONG/BTC,1565243321093,2019-08-08T05:48:41.093Z,sell,1.843e-05,508.0,0.00936244
ONG/BTC,1565243321093,2019-08-08T05:48:41.093Z,sell,1.842e-05,1633.0,0.03007986
ONG/BTC,1565243321093,2019-08-08T05:48:41.093Z,sell,1.841e-05,6000.0,0.11046
ONG/BTC,1565243321113,2019-08-08T05:48:41.113Z,buy,1.84e-05,282.0,0.0051888
ONG/BTC,1565243321120,2019-08-08T05:48:41.120Z,buy,1.84e-05,10583.0,0.1947272
ONG/BTC,1565243321131,2019-08-08T05:48:41.131Z,buy,1.859e-05,282.0,0.00524238
ONG/BTC,1565243332276,2019-08-08T05:48:52.276Z,buy,1.855e-05,2.0,3.71e-05
ONG/BTC,1565243340095,2019-08-08T05:49:00.095Z,buy,1.848e-05,11.0,0.00020328
ONG/BTC,1565243375709,2019-08-08T05:49:35.709Z,buy,1.846e-05,287.0,0.00529802
ONG/BTC,1565243465714,2019-08-08T05:51:05.714Z,buy,1.849e-05,260.0,0.0048074
ONG/BTC,1565243817509,2019-08-08T05:56:57.509Z,sell,1.845e-05,81.0,0.00149445
ONG/BTC,1565244324962,2019-08-08T06:05:24.962Z,buy,1.849e-05,70.0,0.0012943
ONG/BTC,1565244333252,2019-08-08T06:05:33.252Z,buy,1.849e-05,10.0,0.0001849
ONG/BTC,1565244367671,2019-08-08T06:06:07.671Z,buy,1.848e-05,86.0,0.00158928
ONG/BTC,1565244369773,2019-08-08T06:06:09.773Z,buy,1.848e-05,754.0,0.0139339199999999
ONG/BTC,1565244390255,2019-08-08T06:06:30.255Z,buy,1.851e-05,128.0,0.00236928
ONG/BTC,1565244394778,2019-08-08T06:06:34.778Z,buy,1.852e-05,497.0,0.00920444
ONG/BTC,1565244396781,2019-08-08T06:06:36.781Z,buy,1.853e-05,5807.0,0.10760371
ONG/BTC,1565244398777,2019-08-08T06:06:38.777Z,buy,1.854e-05,81.0,0.0015017399999999
ONG/BTC,1565244402355,2019-08-08T06:06:42.355Z,buy,1.865e-05,9.0,0.00016785
ONG/BTC,1565244437736,2019-08-08T06:07:17.736Z,sell,1.85e-05,322.0,0.005957
ONG/BTC,1565244446493,2019-08-08T06:07:26.493Z,sell,1.85e-05,188.0,0.0034779999999999
ONG/BTC,1565244517147,2019-08-08T06:08:37.147Z,sell,1.847e-05,54.0,0.00099738
ONG/BTC,1565244517168,2019-08-08T06:08:37.168Z,sell,1.847e-05,315.0,0.00581805
ONG/BTC,1565244517418,2019-08-08T06:08:37.418Z,sell,1.847e-05,31.0,0.00057257
ONG/BTC,1565244520381,2019-08-08T06:08:40.381Z,sell,1.847e-05,221.0,0.00408187
ONG/BTC,1565244520381,2019-08-08T06:08:40.381Z,sell,1.844e-05,26.0,0.00047944
ONG/BTC,1565244530723,2019-08-08T06:08:50.723Z,buy,1.85e-05,128.0,0.002368
ONG/BTC,1565244549719,2019-08-08T06:09:09.719Z,buy,1.85e-05,11.0,0.0002034999999999
ONG/BTC,1565244549719,2019-08-08T06:09:09.719Z,buy,1.852e-05,43.0,0.00079636
ONG/BTC,1565244551082,2019-08-08T06:09:11.082Z,buy,1.854e-05,246.0,0.00456084
ONG/BTC,1565244551082,2019-08-08T06:09:11.082Z,buy,1.855e-05,69.0,0.00127995
ONG/BTC,1565244583524,2019-08-08T06:09:43.524Z,buy,1.859e-05,2.0,3.718e-05
ONG/BTC,1565244661786,2019-08-08T06:11:01.786Z,sell,1.859e-05,289.0,0.00537251
ONG/BTC,1565244877062,2019-08-08T06:14:37.062Z,buy,1.863e-05,2.0,3.726e-05
ONG/BTC,1565245070834,2019-08-08T06:17:50.834Z,buy,1.86e-05,2.0,3.72e-05
ONG/BTC,1565245448820,2019-08-08T06:24:08.820Z,sell,1.858e-05,68.0,0.00126344
ONG/BTC,1565245519819,2019-08-08T06:25:19.819Z,sell,1.859e-05,1073.0,0.01994707
ONG/BTC,1565245585727,2019-08-08T06:26:25.727Z,buy,1.86e-05,2.0,3.72e-05
ONG/BTC,1565245613057,2019-08-08T06:26:53.057Z,buy,1.86e-05,2.0,3.72e-05
ONG/BTC,1565245613057,2019-08-08T06:26:53.057Z,buy,1.864e-05,23.0,0.00042872
ONG/BTC,1565245702837,2019-08-08T06:28:22.837Z,buy,1.864e-05,1105.0,0.0205972
ONG/BTC,1565245702937,2019-08-08T06:28:22.937Z,buy,1.863e-05,390.0,0.0072657
ONG/BTC,1565245702937,2019-08-08T06:28:22.937Z,buy,1.865e-05,1754.0,0.0327121
ONG/BTC,1565245703623,2019-08-08T06:28:23.623Z,buy,1.865e-05,1291.0,0.02407715
ONG/BTC,1565246203371,2019-08-08T06:36:43.371Z,sell,1.861e-05,51.0,0.00094911
ONG/BTC,1565246204156,2019-08-08T06:36:44.156Z,sell,1.861e-05,68.0,0.00126548
ONG/BTC,1565246207983,2019-08-08T06:36:47.983Z,sell,1.861e-05,49.0,0.0009118899999999
ONG/BTC,1565246393950,2019-08-08T06:39:53.950Z,sell,1.863e-05,121.0,0.00225423
ONG/BTC,1565246393950,2019-08-08T06:39:53.950Z,sell,1.862e-05,31.0,0.00057722
ONG/BTC,1565246467787,2019-08-08T06:41:07.787Z,sell,1.862e-05,636.0,0.01184232
ONG/BTC,1565246467787,2019-08-08T06:41:07.787Z,sell,1.862e-05,636.0,0.01184232
ONG/BTC,1565247294464,2019-08-08T06:54:54.464Z,buy,1.867e-05,150.0,0.0028005
ONG/BTC,1565247294464,2019-08-08T06:54:54.464Z,buy,1.869e-05,200.0,0.003738
ONG/BTC,1565247894283,2019-08-08T07:04:54.283Z,sell,1.863e-05,95.0,0.00176985
ONG/BTC,1565247894303,2019-08-08T07:04:54.303Z,sell,1.863e-05,105.0,0.00195615
ONG/BTC,1565247954083,2019-08-08T07:05:54.083Z,sell,1.862e-05,110.0,0.0020482
ONG/BTC,1565248023242,2019-08-08T07:07:03.242Z,buy,1.863e-05,206.0,0.00383778
ONG/BTC,1565248032625,2019-08-08T07:07:12.625Z,buy,1.868e-05,83.0,0.00155044
ONG/BTC,1565248032625,2019-08-08T07:07:12.625Z,buy,1.869e-05,123.0,0.0022988699999999
ONG/BTC,1565248131542,2019-08-08T07:08:51.542Z,buy,1.869e-05,422.0,0.0078871799999999
ONG/BTC,1565248133099,2019-08-08T07:08:53.099Z,buy,1.869e-05,108.0,0.0020185199999999
ONG/BTC,1565248134577,2019-08-08T07:08:54.577Z,buy,1.869e-05,73.0,0.00136437
ONG/BTC,1565248144602,2019-08-08T07:09:04.602Z,buy,1.869e-05,33.0,0.00061677
ONG/BTC,1565248352204,2019-08-08T07:12:32.204Z,sell,1.862e-05,10.0,0.0001862
ONG/BTC,1565248906782,2019-08-08T07:21:46.782Z,buy,1.869e-05,6.0,0.00011214
ONG/BTC,1565249301709,2019-08-08T07:28:21.709Z,sell,1.862e-05,21.0,0.00039102
ONG/BTC,1565249602590,2019-08-08T07:33:22.590Z,buy,1.866e-05,178.0,0.00332148
ONG/BTC,1565249620717,2019-08-08T07:33:40.717Z,buy,1.867e-05,239.0,0.00446213
ONG/BTC,1565249710524,2019-08-08T07:35:10.524Z,buy,1.868e-05,51.0,0.00095268
ONG/BTC,1565250039735,2019-08-08T07:40:39.735Z,sell,1.865e-05,258.0,0.0048116999999999
ONG/BTC,1565250043355,2019-08-08T07:40:43.355Z,sell,1.864e-05,542.0,0.01010288
ONG/BTC,1565250043355,2019-08-08T07:40:43.355Z,sell,1.864e-05,542.0,0.01010288
ONG/BTC,1565250286935,2019-08-08T07:44:46.935Z,buy,1.868e-05,2.0,3.736e-05
ONG/BTC,1565250286947,2019-08-08T07:44:46.947Z,buy,1.868e-05,15.0,0.0002802
ONG/BTC,1565250286947,2019-08-08T07:44:46.947Z,buy,1.869e-05,301.0,0.00562569
ONG/BTC,1565250287080,2019-08-08T07:44:47.080Z,buy,1.87e-05,484.0,0.0090508
ONG/BTC,1565250287112,2019-08-08T07:44:47.112Z,buy,1.87e-05,290.0,0.005423
ONG/BTC,1565250287114,2019-08-08T07:44:47.114Z,buy,1.87e-05,95.0,0.0017765
ONG/BTC,1565250315648,2019-08-08T07:45:15.648Z,sell,1.865e-05,199.0,0.00371135
ONG/BTC,1565250325334,2019-08-08T07:45:25.334Z,sell,1.865e-05,90.0,0.0016784999999999
ONG/BTC,1565250475951,2019-08-08T07:47:55.951Z,sell,1.862e-05,19.0,0.00035378
ONG/BTC,1565251199674,2019-08-08T07:59:59.674Z,sell,1.862e-05,290.0,0.0053998
ONG/BTC,1565251199674,2019-08-08T07:59:59.674Z,sell,1.861e-05,349.0,0.00649489
ONG/BTC,1565251432211,2019-08-08T08:03:52.211Z,sell,1.861e-05,2855.0,0.05313155
ONG/BTC,1565251461546,2019-08-08T08:04:21.546Z,buy,1.86e-05,415.0,0.007719
ONG/BTC,1565251461795,2019-08-08T08:04:21.795Z,buy,1.859e-05,148.0,0.00275132
ONG/BTC,1565251462177,2019-08-08T08:04:22.177Z,buy,1.859e-05,31.0,0.00057629
ONG/BTC,1565251463149,2019-08-08T08:04:23.149Z,buy,1.859e-05,35.0,0.00065065
ONG/BTC,1565252029721,2019-08-08T08:13:49.721Z,buy,1.851e-05,2.0,3.702e-05
ONG/BTC,1565252040245,2019-08-08T08:14:00.245Z,sell,1.848e-05,214.0,0.00395472
ONG/BTC,1565252045939,2019-08-08T08:14:05.939Z,sell,1.843e-05,37.0,0.00068191
ONG/BTC,1565252295398,2019-08-08T08:18:15.398Z,buy,1.847e-05,289.0,0.00533783
ONG/BTC,1565252302880,2019-08-08T08:18:22.880Z,buy,1.847e-05,959.0,0.01771273
ONG/BTC,1565252647032,2019-08-08T08:24:07.032Z,buy,1.85e-05,325.0,0.0060125
ONG/BTC,1565253167687,2019-08-08T08:32:47.687Z,buy,1.85e-05,2.0,3.7e-05
ONG/BTC,1565253187100,2019-08-08T08:33:07.100Z,buy,1.85e-05,51.0,0.0009435
ONG/BTC,1565253229353,2019-08-08T08:33:49.353Z,sell,1.859e-05,408.0,0.00758472
ONG/BTC,1565253402119,2019-08-08T08:36:42.119Z,buy,1.859e-05,82.0,0.00152438
ONG/BTC,1565253402119,2019-08-08T08:36:42.119Z,buy,1.862e-05,464.0,0.00863968
ONG/BTC,1565253402119,2019-08-08T08:36:42.119Z,buy,1.863e-05,1.0,1.863e-05
ONG/BTC,1565253451252,2019-08-08T08:37:31.252Z,sell,1.856e-05,100.0,0.0018559999999999
ONG/BTC,1565253459769,2019-08-08T08:37:39.769Z,sell,1.857e-05,102.0,0.00189414
ONG/BTC,1565253489403,2019-08-08T08:38:09.403Z,buy,1.87e-05,445.0,0.0083215
ONG/BTC,1565253489418,2019-08-08T08:38:09.418Z,buy,1.87e-05,24.0,0.0004488
ONG/BTC,1565253489418,2019-08-08T08:38:09.418Z,buy,1.871e-05,421.0,0.0078769099999999
ONG/BTC,1565253577677,2019-08-08T08:39:37.677Z,sell,1.858e-05,287.0,0.00533246
ONG/BTC,1565253577677,2019-08-08T08:39:37.677Z,sell,1.858e-05,287.0,0.00533246
ONG/BTC,1565253927933,2019-08-08T08:45:27.933Z,sell,1.853e-05,51.0,0.00094503
ONG/BTC,1565255549199,2019-08-08T09:12:29.199Z,buy,1.859e-05,732.0,0.01360788
ONG/BTC,1565255549199,2019-08-08T09:12:29.199Z,buy,1.86e-05,76.0,0.0014136
ONG/BTC,1565255549203,2019-08-08T09:12:29.203Z,buy,1.86e-05,484.0,0.0090024
ONG/BTC,1565255549206,2019-08-08T09:12:29.206Z,buy,1.86e-05,380.0,0.007068
ONG/BTC,1565255653674,2019-08-08T09:14:13.674Z,sell,1.864e-05,37.0,0.00068968
ONG/BTC,1565255663501,2019-08-08T09:14:23.501Z,sell,1.864e-05,250.0,0.00466
ONG/BTC,1565255700504,2019-08-08T09:15:00.504Z,sell,1.864e-05,2018.0,0.03761552
ONG/BTC,1565256081216,2019-08-08T09:21:21.216Z,buy,1.864e-05,2.0,3.728e-05
ONG/BTC,1565256081216,2019-08-08T09:21:21.216Z,buy,1.864e-05,2.0,3.728e-05
ONG/BTC,1565257467361,2019-08-08T09:44:27.361Z,sell,1.851e-05,840.0,0.0155484
ONG/BTC,1565257729841,2019-08-08T09:48:49.841Z,sell,1.849e-05,1020.0,0.0188598
ONG/BTC,1565257729882,2019-08-08T09:48:49.882Z,sell,1.849e-05,86.0,0.00159014
ONG/BTC,1565257730634,2019-08-08T09:48:50.634Z,buy,1.849e-05,923.0,0.01706627
ONG/BTC,1565257730678,2019-08-08T09:48:50.678Z,buy,1.861e-05,18.0,0.00033498
ONG/BTC,1565257730678,2019-08-08T09:48:50.678Z,buy,1.862e-05,132.0,0.00245784
ONG/BTC,1565257736028,2019-08-08T09:48:56.028Z,sell,1.856e-05,402.0,0.0074611199999999
ONG/BTC,1565257783705,2019-08-08T09:49:43.705Z,sell,1.849e-05,613.0,0.01133437
ONG/BTC,1565257787376,2019-08-08T09:49:47.376Z,sell,1.848e-05,136.0,0.0025132799999999
ONG/BTC,1565257787376,2019-08-08T09:49:47.376Z,sell,1.847e-05,845.0,0.01560715
ONG/BTC,1565258295443,2019-08-08T09:58:15.443Z,buy,1.853e-05,398.0,0.00737494
ONG/BTC,1565258295443,2019-08-08T09:58:15.443Z,buy,1.854e-05,1504.0,0.0278841599999999
ONG/BTC,1565258295443,2019-08-08T09:58:15.443Z,buy,1.856e-05,6.0,0.0001113599999999
ONG/BTC,1565258295443,2019-08-08T09:58:15.443Z,buy,1.859e-05,592.0,0.01100528
ONG/BTC,1565258436126,2019-08-08T10:00:36.126Z,sell,1.854e-05,9.0,0.0001668599999999
ONG/BTC,1565258485248,2019-08-08T10:01:25.248Z,sell,1.862e-05,126.0,0.00234612
ONG/BTC,1565258485350,2019-08-08T10:01:25.350Z,sell,1.862e-05,126.0,0.00234612
ONG/BTC,1565259212534,2019-08-08T10:13:32.534Z,buy,1.864e-05,17.0,0.00031688
ONG/BTC,1565259212534,2019-08-08T10:13:32.534Z,buy,1.87e-05,37.0,0.0006919
ONG/BTC,1565259246985,2019-08-08T10:14:06.985Z,sell,1.862e-05,54.0,0.00100548
ONG/BTC,1565259302127,2019-08-08T10:15:02.127Z,buy,1.868e-05,14.0,0.00026152
ONG/BTC,1565259302127,2019-08-08T10:15:02.127Z,buy,1.87e-05,22.0,0.0004114
ONG/BTC,1565259302696,2019-08-08T10:15:02.696Z,buy,1.87e-05,200.0,0.00374
ONG/BTC,1565259302916,2019-08-08T10:15:02.916Z,buy,1.87e-05,56.0,0.0010472
ONG/BTC,1565259302916,2019-08-08T10:15:02.916Z,buy,1.871e-05,220.0,0.0041161999999999
ONG/BTC,1565259302935,2019-08-08T10:15:02.935Z,buy,1.871e-05,258.0,0.0048271799999999
ONG/BTC,1565259303920,2019-08-08T10:15:03.920Z,buy,1.871e-05,55.0,0.0010290499999999
ONG/BTC,1565259304016,2019-08-08T10:15:04.016Z,buy,1.871e-05,136.0,0.00254456
ONG/BTC,1565259304016,2019-08-08T10:15:04.016Z,buy,1.871e-05,136.0,0.00254456
ONG/BTC,1565259830992,2019-08-08T10:23:50.992Z,sell,1.866e-05,550.0,0.010263
ONG/BTC,1565259831096,2019-08-08T10:23:51.096Z,sell,1.868e-05,62.0,0.00115816
ONG/BTC,1565259831201,2019-08-08T10:23:51.201Z,sell,1.868e-05,283.0,0.00528644
ONG/BTC,1565259831206,2019-08-08T10:23:51.206Z,buy,1.866e-05,408.0,0.00761328
ONG/BTC,1565259834301,2019-08-08T10:23:54.301Z,buy,1.866e-05,23.0,0.00042918
ONG/BTC,1565260304809,2019-08-08T10:31:44.809Z,sell,1.861e-05,345.0,0.00642045
ONG/BTC,1565260304809,2019-08-08T10:31:44.809Z,sell,1.86e-05,837.0,0.0155682
ONG/BTC,1565260309017,2019-08-08T10:31:49.017Z,sell,1.86e-05,289.0,0.0053754
ONG/BTC,1565260313339,2019-08-08T10:31:53.339Z,sell,1.859e-05,524.0,0.00974116
ONG/BTC,1565260361820,2019-08-08T10:32:41.820Z,sell,1.859e-05,61.0,0.00113399
ONG/BTC,1565261009760,2019-08-08T10:43:29.760Z,buy,1.865e-05,80.0,0.0014919999999999
ONG/BTC,1565261183955,2019-08-08T10:46:23.955Z,buy,1.864e-05,15.0,0.0002796
ONG/BTC,1565261183955,2019-08-08T10:46:23.955Z,buy,1.865e-05,58.0,0.0010817
ONG/BTC,1565261463785,2019-08-08T10:51:03.785Z,sell,1.86e-05,138.0,0.0025668
ONG/BTC,1565261517056,2019-08-08T10:51:57.056Z,sell,1.859e-05,627.0,0.01165593
ONG/BTC,1565262099071,2019-08-08T11:01:39.071Z,buy,1.865e-05,2.0,3.73e-05
ONG/BTC,1565262359948,2019-08-08T11:05:59.948Z,buy,1.865e-05,50.0,0.0009325
ONG/BTC,1565262362771,2019-08-08T11:06:02.771Z,sell,1.853e-05,18.0,0.00033354
ONG/BTC,1565262487979,2019-08-08T11:08:07.979Z,buy,1.865e-05,2.0,3.73e-05
ONG/BTC,1565262487979,2019-08-08T11:08:07.979Z,buy,1.865e-05,2.0,3.73e-05
ONG/BTC,1565262971664,2019-08-08T11:16:11.664Z,sell,1.851e-05,28.0,0.00051828
ONG/BTC,1565262972481,2019-08-08T11:16:12.481Z,sell,1.851e-05,31.0,0.00057381
ONG/BTC,1565263708684,2019-08-08T11:28:28.684Z,sell,1.851e-05,270.0,0.0049977
ONG/BTC,1565263735423,2019-08-08T11:28:55.423Z,sell,1.852e-05,402.0,0.0074450399999999
ONG/BTC,1565263766327,2019-08-08T11:29:26.327Z,sell,1.848e-05,20.0,0.0003696
ONG/BTC,1565263831502,2019-08-08T11:30:31.502Z,sell,1.847e-05,1307.0,0.02414029
ONG/BTC,1565263831503,2019-08-08T11:30:31.503Z,sell,1.844e-05,1379.0,0.0254287599999999
ONG/BTC,1565263831509,2019-08-08T11:30:31.509Z,sell,1.844e-05,667.0,0.01229948
ONG/BTC,1565263831509,2019-08-08T11:30:31.509Z,sell,1.843e-05,1015.0,0.01870645
ONG/BTC,1565263831509,2019-08-08T11:30:31.509Z,sell,1.842e-05,994.0,0.01830948
ONG/BTC,1565263831509,2019-08-08T11:30:31.509Z,sell,1.84e-05,1106.0,0.0203504
ONG/BTC,1565263831509,2019-08-08T11:30:31.509Z,sell,1.838e-05,207.0,0.00380466
ONG/BTC,1565263839202,2019-08-08T11:30:39.202Z,sell,1.838e-05,500.0,0.00919
ONG/BTC,1565263842542,2019-08-08T11:30:42.542Z,buy,1.844e-05,50.0,0.000922
ONG/BTC,1565263846737,2019-08-08T11:30:46.737Z,buy,1.84e-05,311.0,0.0057224
ONG/BTC,1565263846796,2019-08-08T11:30:46.796Z,buy,1.84e-05,118.0,0.0021712
ONG/BTC,1565263847016,2019-08-08T11:30:47.016Z,buy,1.84e-05,71.0,0.0013064
ONG/BTC,1565263847016,2019-08-08T11:30:47.016Z,buy,1.841e-05,108.0,0.00198828
ONG/BTC,1565263848679,2019-08-08T11:30:48.679Z,buy,1.84e-05,84.0,0.0015456
ONG/BTC,1565263848771,2019-08-08T11:30:48.771Z,buy,1.84e-05,74.0,0.0013616
ONG/BTC,1565263849069,2019-08-08T11:30:49.069Z,buy,1.84e-05,77.0,0.0014168
ONG/BTC,1565263957985,2019-08-08T11:32:37.985Z,sell,1.835e-05,145.0,0.00266075
ONG/BTC,1565263957985,2019-08-08T11:32:37.985Z,sell,1.834e-05,263.0,0.00482342
ONG/BTC,1565263958089,2019-08-08T11:32:38.089Z,sell,1.836e-05,161.0,0.00295596
ONG/BTC,1565263958089,2019-08-08T11:32:38.089Z,sell,1.834e-05,98.0,0.00179732
ONG/BTC,1565263958748,2019-08-08T11:32:38.748Z,buy,1.841e-05,292.0,0.00537572
ONG/BTC,1565263958748,2019-08-08T11:32:38.748Z,buy,1.842e-05,545.0,0.0100389
ONG/BTC,1565263958919,2019-08-08T11:32:38.919Z,buy,1.842e-05,56.0,0.00103152
ONG/BTC,1565264415893,2019-08-08T11:40:15.893Z,buy,1.844e-05,70.0,0.0012908
ONG/BTC,1565264553522,2019-08-08T11:42:33.522Z,sell,1.84e-05,15.0,0.000276
ONG/BTC,1565264554481,2019-08-08T11:42:34.481Z,sell,1.84e-05,202.0,0.0037168
ONG/BTC,1565264575097,2019-08-08T11:42:55.097Z,buy,1.844e-05,162.0,0.00298728
ONG/BTC,1565264576727,2019-08-08T11:42:56.727Z,buy,1.844e-05,126.0,0.00232344
ONG/BTC,1565264576792,2019-08-08T11:42:56.792Z,sell,1.844e-05,31.0,0.00057164
ONG/BTC,1565264577138,2019-08-08T11:42:57.138Z,sell,1.844e-05,131.0,0.00241564
ONG/BTC,1565264773203,2019-08-08T11:46:13.203Z,buy,1.847e-05,2.0,3.694e-05
ONG/BTC,1565265000365,2019-08-08T11:50:00.365Z,sell,1.84e-05,60.0,0.001104
ONG/BTC,1565265098339,2019-08-08T11:51:38.339Z,buy,1.841e-05,15.0,0.00027615
ONG/BTC,1565265404284,2019-08-08T11:56:44.284Z,buy,1.841e-05,58.0,0.00106778
ONG/BTC,1565265466102,2019-08-08T11:57:46.102Z,sell,1.841e-05,97.0,0.00178577
ONG/BTC,1565265786134,2019-08-08T12:03:06.134Z,buy,1.855e-05,272.0,0.0050456
ONG/BTC,1565265786156,2019-08-08T12:03:06.156Z,buy,1.855e-05,179.0,0.00332045
ONG/BTC,1565265787229,2019-08-08T12:03:07.229Z,buy,1.856e-05,505.0,0.0093727999999999
ONG/BTC,1565265788230,2019-08-08T12:03:08.230Z,buy,1.854e-05,60.0,0.0011124
ONG/BTC,1565265857859,2019-08-08T12:04:17.859Z,sell,1.855e-05,222.0,0.0041181
ONG/BTC,1565265857935,2019-08-08T12:04:17.935Z,sell,1.855e-05,66.0,0.0012243
ONG/BTC,1565265857945,2019-08-08T12:04:17.945Z,sell,1.855e-05,3.0,5.565e-05
ONG/BTC,1565265857945,2019-08-08T12:04:17.945Z,sell,1.855e-05,3.0,5.565e-05
ONG/BTC,1565266779228,2019-08-08T12:19:39.228Z,buy,1.854e-05,2.0,3.708e-05
ONG/BTC,1565266861068,2019-08-08T12:21:01.068Z,sell,1.84e-05,200.0,0.00368
ONG/BTC,1565266861068,2019-08-08T12:21:01.068Z,sell,1.839e-05,165.0,0.00303435
ONG/BTC,1565266937955,2019-08-08T12:22:17.955Z,sell,1.836e-05,238.0,0.00436968
ONG/BTC,1565266938703,2019-08-08T12:22:18.703Z,buy,1.836e-05,1435.0,0.0263466
ONG/BTC,1565268150601,2019-08-08T12:42:30.601Z,buy,1.843e-05,67.0,0.00123481
ONG/BTC,1565268181506,2019-08-08T12:43:01.506Z,sell,1.837e-05,70.0,0.0012859
ONG/BTC,1565268181506,2019-08-08T12:43:01.506Z,sell,1.836e-05,85.0,0.0015606
ONG/BTC,1565268512497,2019-08-08T12:48:32.497Z,sell,1.836e-05,116.0,0.00212976
ONG/BTC,1565268513392,2019-08-08T12:48:33.392Z,buy,1.836e-05,59.0,0.00108324
ONG/BTC,1565268626419,2019-08-08T12:50:26.419Z,buy,1.836e-05,98.0,0.00179928
ONG/BTC,1565268916643,2019-08-08T12:55:16.643Z,sell,1.835e-05,195.0,0.00357825
ONG/BTC,1565268920108,2019-08-08T12:55:20.108Z,sell,1.835e-05,101.0,0.00185335
ONG/BTC,1565268922099,2019-08-08T12:55:22.099Z,sell,1.835e-05,749.0,0.0137441499999999
ONG/BTC,1565268928833,2019-08-08T12:55:28.833Z,sell,1.834e-05,608.0,0.01115072
ONG/BTC,1565268928883,2019-08-08T12:55:28.883Z,sell,1.834e-05,68.0,0.00124712
ONG/BTC,1565268972173,2019-08-08T12:56:12.173Z,sell,1.837e-05,417.0,0.0076602899999999
ONG/BTC,1565268972217,2019-08-08T12:56:12.217Z,buy,1.837e-05,417.0,0.0076602899999999
ONG/BTC,1565268972245,2019-08-08T12:56:12.245Z,buy,1.837e-05,313.0,0.0057498099999999
ONG/BTC,1565269018582,2019-08-08T12:56:58.582Z,sell,1.833e-05,1087.0,0.0199247099999999
ONG/BTC,1565269128218,2019-08-08T12:58:48.218Z,sell,1.839e-05,331.0,0.00608709
ONG/BTC,1565269128690,2019-08-08T12:58:48.690Z,sell,1.839e-05,326.0,0.0059951399999999
ONG/BTC,1565269254909,2019-08-08T13:00:54.909Z,buy,1.843e-05,2.0,3.686e-05
ONG/BTC,1565269314821,2019-08-08T13:01:54.821Z,buy,1.837e-05,169.0,0.00310453
ONG/BTC,1565269355697,2019-08-08T13:02:35.697Z,buy,1.836e-05,54.0,0.00099144
ONG/BTC,1565269357496,2019-08-08T13:02:37.496Z,buy,1.836e-05,73.0,0.00134028
ONG/BTC,1565269373468,2019-08-08T13:02:53.468Z,sell,1.831e-05,26.0,0.00047606
ONG/BTC,1565269373468,2019-08-08T13:02:53.468Z,sell,1.831e-05,26.0,0.00047606
ONG/BTC,1565269683807,2019-08-08T13:08:03.807Z,sell,1.835e-05,29.0,0.00053215
ONG/BTC,1565269689007,2019-08-08T13:08:09.007Z,sell,1.835e-05,30.0,0.0005505
ONG/BTC,1565269689007,2019-08-08T13:08:09.007Z,sell,1.834e-05,12.0,0.00022008
ONG/BTC,1565269921496,2019-08-08T13:12:01.496Z,sell,1.841e-05,255.0,0.00469455
ONG/BTC,1565269978507,2019-08-08T13:12:58.507Z,buy,1.837e-05,293.0,0.00538241
ONG/BTC,1565270086653,2019-08-08T13:14:46.653Z,buy,1.841e-05,2.0,3.682e-05
ONG/BTC,1565270096069,2019-08-08T13:14:56.069Z,buy,1.839e-05,99.0,0.0018206099999999
ONG/BTC,1565270097978,2019-08-08T13:14:57.978Z,buy,1.838e-05,77.0,0.00141526
ONG/BTC,1565270099663,2019-08-08T13:14:59.663Z,buy,1.84e-05,62.0,0.0011408
ONG/BTC,1565270150114,2019-08-08T13:15:50.114Z,buy,1.84e-05,1.0,1.84e-05
ONG/BTC,1565270150114,2019-08-08T13:15:50.114Z,buy,1.842e-05,1.0,1.842e-05
ONG/BTC,1565270978044,2019-08-08T13:29:38.044Z,sell,1.838e-05,293.0,0.00538534
ONG/BTC,1565270987058,2019-08-08T13:29:47.058Z,sell,1.839e-05,337.0,0.0061974299999999
ONG/BTC,1565270988567,2019-08-08T13:29:48.567Z,sell,1.839e-05,634.0,0.01165926
ONG/BTC,1565271091390,2019-08-08T13:31:31.390Z,buy,1.842e-05,51.0,0.00093942
ONG/BTC,1565271334587,2019-08-08T13:35:34.587Z,sell,1.843e-05,336.0,0.00619248
ONG/BTC,1565271395590,2019-08-08T13:36:35.590Z,sell,1.844e-05,89.0,0.00164116
ONG/BTC,1565271509178,2019-08-08T13:38:29.178Z,buy,1.845e-05,2.0,3.69e-05
ONG/BTC,1565271634553,2019-08-08T13:40:34.553Z,buy,1.844e-05,2.0,3.688e-05
ONG/BTC,1565271661488,2019-08-08T13:41:01.488Z,buy,1.844e-05,2.0,3.688e-05
ONG/BTC,1565271798622,2019-08-08T13:43:18.622Z,sell,1.843e-05,220.0,0.0040546
ONG/BTC,1565271858858,2019-08-08T13:44:18.858Z,buy,1.845e-05,163.0,0.00300735
ONG/BTC,1565271858858,2019-08-08T13:44:18.858Z,buy,1.846e-05,130.0,0.0023998
ONG/BTC,1565271858887,2019-08-08T13:44:18.887Z,buy,1.846e-05,163.0,0.00300898
ONG/BTC,1565271858947,2019-08-08T13:44:18.947Z,buy,1.847e-05,195.0,0.00360165
ONG/BTC,1565272689351,2019-08-08T13:58:09.351Z,buy,1.846e-05,110.0,0.0020306
ONG/BTC,1565272693773,2019-08-08T13:58:13.773Z,buy,1.846e-05,2.0,3.692e-05
ONG/BTC,1565272694493,2019-08-08T13:58:14.493Z,buy,1.846e-05,188.0,0.0034704799999999
ONG/BTC,1565272696485,2019-08-08T13:58:16.485Z,buy,1.847e-05,320.0,0.0059104
ONG/BTC,1565272699517,2019-08-08T13:58:19.517Z,buy,1.848e-05,65.0,0.0012012
ONG/BTC,1565272704111,2019-08-08T13:58:24.111Z,buy,1.848e-05,10.0,0.0001848
ONG/BTC,1565272705500,2019-08-08T13:58:25.500Z,buy,1.848e-05,18.0,0.00033264
ONG/BTC,1565272705500,2019-08-08T13:58:25.500Z,buy,1.85e-05,253.0,0.0046805
ONG/BTC,1565272705520,2019-08-08T13:58:25.520Z,buy,1.85e-05,12.0,0.0002219999999999
ONG/BTC,1565272705569,2019-08-08T13:58:25.569Z,buy,1.85e-05,10.0,0.000185
ONG/BTC,1565272706915,2019-08-08T13:58:26.915Z,buy,1.85e-05,10.0,0.000185
ONG/BTC,1565272711502,2019-08-08T13:58:31.502Z,buy,1.85e-05,32.0,0.000592
ONG/BTC,1565272712486,2019-08-08T13:58:32.486Z,buy,1.85e-05,38.0,0.000703
ONG/BTC,1565272817934,2019-08-08T14:00:17.934Z,buy,1.85e-05,63.0,0.0011654999999999
ONG/BTC,1565272824416,2019-08-08T14:00:24.416Z,buy,1.851e-05,53.0,0.00098103
ONG/BTC,1565272849474,2019-08-08T14:00:49.474Z,buy,1.851e-05,12.0,0.00022212
ONG/BTC,1565272888083,2019-08-08T14:01:28.083Z,buy,1.85e-05,540.0,0.0099899999999999
ONG/BTC,1565272903903,2019-08-08T14:01:43.903Z,buy,1.85e-05,808.0,0.014948
ONG/BTC,1565272903922,2019-08-08T14:01:43.922Z,buy,1.85e-05,667.0,0.0123395
ONG/BTC,1565272903952,2019-08-08T14:01:43.952Z,buy,1.85e-05,314.0,0.005809
ONG/BTC,1565272903970,2019-08-08T14:01:43.970Z,buy,1.85e-05,261.0,0.0048284999999999
ONG/BTC,1565272962309,2019-08-08T14:02:42.309Z,sell,1.84e-05,295.0,0.005428
ONG/BTC,1565272962309,2019-08-08T14:02:42.309Z,sell,1.839e-05,245.0,0.00450555
ONG/BTC,1565272964887,2019-08-08T14:02:44.887Z,sell,1.838e-05,247.0,0.00453986
ONG/BTC,1565272964887,2019-08-08T14:02:44.887Z,sell,1.838e-05,247.0,0.00453986
ONG/BTC,1565273177497,2019-08-08T14:06:17.497Z,sell,1.829e-05,614.0,0.01123006
ONG/BTC,1565273177497,2019-08-08T14:06:17.497Z,sell,1.828e-05,1015.0,0.0185542
ONG/BTC,1565273177497,2019-08-08T14:06:17.497Z,sell,1.827e-05,131.0,0.00239337
ONG/BTC,1565273186456,2019-08-08T14:06:26.456Z,sell,1.827e-05,274.0,0.00500598
ONG/BTC,1565273186691,2019-08-08T14:06:26.691Z,buy,1.827e-05,40.0,0.0007308
ONG/BTC,1565273186695,2019-08-08T14:06:26.695Z,buy,1.827e-05,186.0,0.00339822
ONG/BTC,1565273186735,2019-08-08T14:06:26.735Z,buy,1.841e-05,84.0,0.00154644
ONG/BTC,1565273189650,2019-08-08T14:06:29.650Z,buy,1.841e-05,54.0,0.00099414
ONG/BTC,1565273370360,2019-08-08T14:09:30.360Z,buy,1.841e-05,157.0,0.00289037
ONG/BTC,1565273370360,2019-08-08T14:09:30.360Z,buy,1.842e-05,287.0,0.00528654
ONG/BTC,1565273370652,2019-08-08T14:09:30.652Z,buy,1.842e-05,83.0,0.00152886
ONG/BTC,1565273370854,2019-08-08T14:09:30.854Z,buy,1.842e-05,291.0,0.00536022
ONG/BTC,1565273374185,2019-08-08T14:09:34.185Z,buy,1.842e-05,111.0,0.00204462
ONG/BTC,1565273389183,2019-08-08T14:09:49.183Z,sell,1.829e-05,30.0,0.0005487
ONG/BTC,1565273389183,2019-08-08T14:09:49.183Z,sell,1.828e-05,53.0,0.00096884
ONG/BTC,1565274248803,2019-08-08T14:24:08.803Z,sell,1.829e-05,53.0,0.00096937
ONG/BTC,1565274320349,2019-08-08T14:25:20.349Z,buy,1.837e-05,56.0,0.00102872
ONG/BTC,1565274320628,2019-08-08T14:25:20.628Z,sell,1.837e-05,176.0,0.00323312
ONG/BTC,1565274321789,2019-08-08T14:25:21.789Z,buy,1.836e-05,193.0,0.00354348
ONG/BTC,1565274485114,2019-08-08T14:28:05.114Z,buy,1.834e-05,158.0,0.00289772
ONG/BTC,1565274625875,2019-08-08T14:30:25.875Z,sell,1.836e-05,55.0,0.0010098
ONG/BTC,1565274971847,2019-08-08T14:36:11.847Z,buy,1.836e-05,684.0,0.01255824
ONG/BTC,1565275158843,2019-08-08T14:39:18.843Z,sell,1.829e-05,1249.0,0.02284421
ONG/BTC,1565275159782,2019-08-08T14:39:19.782Z,buy,1.829e-05,10.0,0.0001829
ONG/BTC,1565275159794,2019-08-08T14:39:19.794Z,buy,1.829e-05,1.0,1.829e-05
ONG/BTC,1565275165347,2019-08-08T14:39:25.347Z,buy,1.843e-05,7.0,0.00012901
ONG/BTC,1565275168109,2019-08-08T14:39:28.109Z,buy,1.843e-05,10.0,0.0001843
ONG/BTC,1565275307793,2019-08-08T14:41:47.793Z,buy,1.839e-05,20.0,0.0003677999999999
ONG/BTC,1565275482544,2019-08-08T14:44:42.544Z,sell,1.831e-05,377.0,0.0069028699999999
ONG/BTC,1565275482808,2019-08-08T14:44:42.808Z,buy,1.84e-05,260.0,0.004784
ONG/BTC,1565275482808,2019-08-08T14:44:42.808Z,buy,1.841e-05,861.0,0.01585101
ONG/BTC,1565275493281,2019-08-08T14:44:53.281Z,sell,1.842e-05,408.0,0.00751536
ONG/BTC,1565275533434,2019-08-08T14:45:33.434Z,buy,1.845e-05,505.0,0.00931725
ONG/BTC,1565275547024,2019-08-08T14:45:47.024Z,sell,1.848e-05,294.0,0.00543312
ONG/BTC,1565275574099,2019-08-08T14:46:14.099Z,buy,1.853e-05,345.0,0.00639285
ONG/BTC,1565275574328,2019-08-08T14:46:14.328Z,sell,1.851e-05,422.0,0.00781122
ONG/BTC,1565275574509,2019-08-08T14:46:14.509Z,buy,1.853e-05,77.0,0.00142681
ONG/BTC,1565275574621,2019-08-08T14:46:14.621Z,sell,1.853e-05,20.0,0.0003706
ONG/BTC,1565275574659,2019-08-08T14:46:14.659Z,sell,1.851e-05,408.0,0.00755208
ONG/BTC,1565275583120,2019-08-08T14:46:23.120Z,sell,1.854e-05,86.0,0.00159444
ONG/BTC,1565275583125,2019-08-08T14:46:23.125Z,sell,1.854e-05,258.0,0.00478332
ONG/BTC,1565275583185,2019-08-08T14:46:23.185Z,sell,1.854e-05,58.0,0.0010753199999999
ONG/BTC,1565275583185,2019-08-08T14:46:23.185Z,sell,1.85e-05,1.0,1.85e-05
ONG/BTC,1565275597895,2019-08-08T14:46:37.895Z,sell,1.855e-05,407.0,0.00754985
ONG/BTC,1565275932024,2019-08-08T14:52:12.024Z,buy,1.852e-05,132.0,0.0024446399999999
ONG/BTC,1565275932095,2019-08-08T14:52:12.095Z,buy,1.852e-05,2.0,3.704e-05
ONG/BTC,1565275963367,2019-08-08T14:52:43.367Z,sell,1.844e-05,277.0,0.0051078799999999
ONG/BTC,1565276143079,2019-08-08T14:55:43.079Z,buy,1.85e-05,55.0,0.0010175
ONG/BTC,1565276375152,2019-08-08T14:59:35.152Z,buy,1.85e-05,20.0,0.00037
ONG/BTC,1565276375152,2019-08-08T14:59:35.152Z,buy,1.85e-05,20.0,0.00037
ONG/BTC,1565276716222,2019-08-08T15:05:16.222Z,sell,1.835e-05,19.0,0.00034865
ONG/BTC,1565276931636,2019-08-08T15:08:51.636Z,buy,1.844e-05,104.0,0.00191776
ONG/BTC,1565276932002,2019-08-08T15:08:52.002Z,sell,1.844e-05,85.0,0.0015674
ONG/BTC,1565276967650,2019-08-08T15:09:27.650Z,buy,1.843e-05,284.0,0.00523412
ONG/BTC,1565277002647,2019-08-08T15:10:02.647Z,buy,1.846e-05,84.0,0.00155064
ONG/BTC,1565277053570,2019-08-08T15:10:53.570Z,buy,1.846e-05,207.0,0.0038212199999999
ONG/BTC,1565277364292,2019-08-08T15:16:04.292Z,sell,1.844e-05,38.0,0.0007007199999999
ONG/BTC,1565277451208,2019-08-08T15:17:31.208Z,buy,1.847e-05,18.0,0.00033246
ONG/BTC,1565277455715,2019-08-08T15:17:35.715Z,sell,1.849e-05,339.0,0.00626811
ONG/BTC,1565277522625,2019-08-08T15:18:42.625Z,sell,1.851e-05,10.0,0.0001851
ONG/BTC,1565277631880,2019-08-08T15:20:31.880Z,buy,1.86e-05,1100.0,0.02046
ONG/BTC,1565277631880,2019-08-08T15:20:31.880Z,buy,1.861e-05,273.0,0.00508053
ONG/BTC,1565277631880,2019-08-08T15:20:31.880Z,buy,1.862e-05,649.0,0.01208438
ONG/BTC,1565277723002,2019-08-08T15:22:03.002Z,sell,1.853e-05,615.0,0.01139595
ONG/BTC,1565277723085,2019-08-08T15:22:03.085Z,sell,1.853e-05,477.0,0.00883881
ONG/BTC,1565277725082,2019-08-08T15:22:05.082Z,sell,1.852e-05,458.0,0.0084821599999999
ONG/BTC,1565277738699,2019-08-08T15:22:18.699Z,buy,1.852e-05,216.0,0.00400032
ONG/BTC,1565279074091,2019-08-08T15:44:34.091Z,buy,1.855e-05,8.0,0.0001484
ONG/BTC,1565279355497,2019-08-08T15:49:15.497Z,buy,1.852e-05,9.0,0.00016668
ONG/BTC,1565279470904,2019-08-08T15:51:10.904Z,buy,1.853e-05,22.0,0.00040766
ONG/BTC,1565279620092,2019-08-08T15:53:40.092Z,buy,1.84e-05,974.0,0.0179216
ONG/BTC,1565279651349,2019-08-08T15:54:11.349Z,buy,1.848e-05,151.0,0.0027904799999999
ONG/BTC,1565279785244,2019-08-08T15:56:25.244Z,buy,1.854e-05,102.0,0.0018910799999999
ONG/BTC,1565279785244,2019-08-08T15:56:25.244Z,buy,1.855e-05,85.0,0.00157675
ONG/BTC,1565279785244,2019-08-08T15:56:25.244Z,buy,1.856e-05,261.0,0.0048441599999999
ONG/BTC,1565279794574,2019-08-08T15:56:34.574Z,buy,1.852e-05,196.0,0.0036299199999999
ONG/BTC,1565279795760,2019-08-08T15:56:35.760Z,buy,1.852e-05,128.0,0.00237056
ONG/BTC,1565279797786,2019-08-08T15:56:37.786Z,buy,1.852e-05,48.0,0.0008889599999999
ONG/BTC,1565279824266,2019-08-08T15:57:04.266Z,sell,1.846e-05,190.0,0.0035074
ONG/BTC,1565279833288,2019-08-08T15:57:13.288Z,sell,1.846e-05,105.0,0.0019383
ONG/BTC,1565279852239,2019-08-08T15:57:32.239Z,sell,1.846e-05,750.0,0.013845
ONG/BTC,1565279852239,2019-08-08T15:57:32.239Z,sell,1.846e-05,750.0,0.013845
ONG/BTC,1565280195629,2019-08-08T16:03:15.629Z,sell,1.855e-05,102.0,0.0018921
ONG/BTC,1565280195645,2019-08-08T16:03:15.645Z,sell,1.855e-05,193.0,0.00358015
ONG/BTC,1565280448835,2019-08-08T16:07:28.835Z,sell,1.841e-05,74.0,0.00136234
ONG/BTC,1565280695415,2019-08-08T16:11:35.415Z,buy,1.838e-05,25.0,0.0004595
ONG/BTC,1565280715535,2019-08-08T16:11:55.535Z,sell,1.828e-05,33.0,0.00060324
ONG/BTC,1565280755829,2019-08-08T16:12:35.829Z,buy,1.838e-05,309.0,0.00567942
ONG/BTC,1565280827808,2019-08-08T16:13:47.808Z,sell,1.829e-05,380.0,0.0069502
ONG/BTC,1565280827808,2019-08-08T16:13:47.808Z,sell,1.828e-05,633.0,0.01157124
ONG/BTC,1565280827808,2019-08-08T16:13:47.808Z,sell,1.826e-05,457.0,0.00834482
ONG/BTC,1565280827808,2019-08-08T16:13:47.808Z,sell,1.825e-05,1092.0,0.019929
ONG/BTC,1565280827808,2019-08-08T16:13:47.808Z,sell,1.823e-05,11.0,0.00020053
ONG/BTC,1565280827808,2019-08-08T16:13:47.808Z,sell,1.822e-05,75.0,0.0013664999999999
ONG/BTC,1565280827808,2019-08-08T16:13:47.808Z,sell,1.82e-05,200.0,0.0036399999999999
ONG/BTC,1565280827808,2019-08-08T16:13:47.808Z,sell,1.819e-05,446.0,0.00811274
ONG/BTC,1565280827808,2019-08-08T16:13:47.808Z,sell,1.818e-05,4113.0,0.07477434
ONG/BTC,1565280832405,2019-08-08T16:13:52.405Z,sell,1.819e-05,196.0,0.00356524
ONG/BTC,1565280839851,2019-08-08T16:13:59.851Z,buy,1.824e-05,267.0,0.00487008
ONG/BTC,1565280839863,2019-08-08T16:13:59.863Z,buy,1.824e-05,71.0,0.00129504
ONG/BTC,1565280844387,2019-08-08T16:14:04.387Z,sell,1.817e-05,7087.0,0.12877079
ONG/BTC,1565280844387,2019-08-08T16:14:04.387Z,sell,1.815e-05,321.0,0.00582615
ONG/BTC,1565280847075,2019-08-08T16:14:07.075Z,sell,1.817e-05,110.0,0.0019987
ONG/BTC,1565280847374,2019-08-08T16:14:07.374Z,sell,1.817e-05,99.0,0.00179883
ONG/BTC,1565280850858,2019-08-08T16:14:10.858Z,buy,1.825e-05,250.0,0.0045625
ONG/BTC,1565280852866,2019-08-08T16:14:12.866Z,buy,1.824e-05,91.0,0.00165984
ONG/BTC,1565280852892,2019-08-08T16:14:12.892Z,buy,1.824e-05,177.0,0.00322848
ONG/BTC,1565280855856,2019-08-08T16:14:15.856Z,buy,1.824e-05,159.0,0.00290016
ONG/BTC,1565280855878,2019-08-08T16:14:15.878Z,buy,1.824e-05,108.0,0.00196992
ONG/BTC,1565280856594,2019-08-08T16:14:16.594Z,buy,1.824e-05,236.0,0.00430464
ONG/BTC,1565280857316,2019-08-08T16:14:17.316Z,buy,1.825e-05,80.0,0.00146
ONG/BTC,1565280886760,2019-08-08T16:14:46.760Z,buy,1.824e-05,109.0,0.00198816
ONG/BTC,1565280915684,2019-08-08T16:15:15.684Z,buy,1.825e-05,37.0,0.00067525
ONG/BTC,1565280915749,2019-08-08T16:15:15.749Z,buy,1.825e-05,142.0,0.0025915
ONG/BTC,1565280946773,2019-08-08T16:15:46.773Z,buy,1.825e-05,124.0,0.002263
ONG/BTC,1565280970304,2019-08-08T16:16:10.304Z,sell,1.819e-05,298.0,0.00542062
ONG/BTC,1565280970304,2019-08-08T16:16:10.304Z,sell,1.818e-05,217.0,0.0039450599999999
ONG/BTC,1565280981870,2019-08-08T16:16:21.870Z,buy,1.826e-05,227.0,0.00414502
ONG/BTC,1565281028205,2019-08-08T16:17:08.205Z,buy,1.826e-05,71.0,0.00129646
ONG/BTC,1565281028306,2019-08-08T16:17:08.306Z,sell,1.826e-05,152.0,0.00277552
ONG/BTC,1565281071840,2019-08-08T16:17:51.840Z,buy,1.827e-05,300.0,0.005481
ONG/BTC,1565281642336,2019-08-08T16:27:22.336Z,sell,1.826e-05,296.0,0.00540496
ONG/BTC,1565281643333,2019-08-08T16:27:23.333Z,sell,1.825e-05,546.0,0.0099645
ONG/BTC,1565281786369,2019-08-08T16:29:46.369Z,sell,1.816e-05,52.0,0.0009443199999999
ONG/BTC,1565281875932,2019-08-08T16:31:15.932Z,buy,1.827e-05,2.0,3.654e-05
ONG/BTC,1565281960259,2019-08-08T16:32:40.259Z,buy,1.827e-05,2.0,3.654e-05
ONG/BTC,1565282584322,2019-08-08T16:43:04.322Z,buy,1.819e-05,2.0,3.638e-05
ONG/BTC,1565282585827,2019-08-08T16:43:05.827Z,buy,1.819e-05,2.0,3.638e-05
ONG/BTC,1565282592607,2019-08-08T16:43:12.607Z,buy,1.819e-05,2.0,3.638e-05
ONG/BTC,1565282596261,2019-08-08T16:43:16.261Z,buy,1.819e-05,2.0,3.638e-05
ONG/BTC,1565282597356,2019-08-08T16:43:17.356Z,buy,1.819e-05,2.0,3.638e-05
ONG/BTC,1565282597663,2019-08-08T16:43:17.663Z,buy,1.819e-05,65.0,0.00118235
ONG/BTC,1565282598380,2019-08-08T16:43:18.380Z,buy,1.823e-05,19.0,0.00034637
ONG/BTC,1565282598380,2019-08-08T16:43:18.380Z,buy,1.827e-05,280.0,0.0051156
ONG/BTC,1565282598384,2019-08-08T16:43:18.384Z,buy,1.827e-05,12.0,0.00021924
ONG/BTC,1565282756763,2019-08-08T16:45:56.763Z,sell,1.828e-05,297.0,0.00542916
ONG/BTC,1565282756791,2019-08-08T16:45:56.791Z,sell,1.827e-05,1092.0,0.01995084
ONG/BTC,1565282756860,2019-08-08T16:45:56.860Z,sell,1.821e-05,200.0,0.003642
ONG/BTC,1565282756860,2019-08-08T16:45:56.860Z,sell,1.819e-05,840.0,0.0152796
ONG/BTC,1565282756860,2019-08-08T16:45:56.860Z,sell,1.818e-05,52.0,0.0009453599999999
ONG/BTC,1565282757501,2019-08-08T16:45:57.501Z,sell,1.829e-05,1091.0,0.01995439
ONG/BTC,1565282757574,2019-08-08T16:45:57.574Z,sell,1.818e-05,1091.0,0.01983438
ONG/BTC,1565283235564,2019-08-08T16:53:55.564Z,buy,1.831e-05,2.0,3.662e-05
ONG/BTC,1565283254857,2019-08-08T16:54:14.857Z,buy,1.831e-05,106.0,0.00194086
ONG/BTC,1565283348348,2019-08-08T16:55:48.348Z,buy,1.834e-05,2.0,3.668e-05
ONG/BTC,1565283348348,2019-08-08T16:55:48.348Z,buy,1.834e-05,2.0,3.668e-05
ONG/BTC,1565283494542,2019-08-08T16:58:14.542Z,buy,1.826e-05,2.0,3.652e-05
ONG/BTC,1565283505204,2019-08-08T16:58:25.204Z,buy,1.825e-05,100.0,0.001825
ONG/BTC,1565283568359,2019-08-08T16:59:28.359Z,sell,1.822e-05,100.0,0.0018219999999999
ONG/BTC,1565283576194,2019-08-08T16:59:36.194Z,buy,1.827e-05,110.0,0.0020097
ONG/BTC,1565284184514,2019-08-08T17:09:44.514Z,buy,1.823e-05,175.0,0.00319025
ONG/BTC,1565284191308,2019-08-08T17:09:51.308Z,buy,1.825e-05,2.0,3.65e-05
ONG/BTC,1565284415873,2019-08-08T17:13:35.873Z,buy,1.825e-05,23.0,0.00041975
ONG/BTC,1565284530568,2019-08-08T17:15:30.568Z,buy,1.83e-05,100.0,0.00183
ONG/BTC,1565284987439,2019-08-08T17:23:07.439Z,buy,1.83e-05,118.0,0.0021594
ONG/BTC,1565285071002,2019-08-08T17:24:31.002Z,buy,1.836e-05,2.0,3.672e-05
ONG/BTC,1565285148580,2019-08-08T17:25:48.580Z,buy,1.841e-05,857.0,0.01577737
ONG/BTC,1565285149704,2019-08-08T17:25:49.704Z,buy,1.842e-05,505.0,0.0093021
ONG/BTC,1565285200334,2019-08-08T17:26:40.334Z,sell,1.837e-05,110.0,0.0020207
ONG/BTC,1565285226664,2019-08-08T17:27:06.664Z,buy,1.843e-05,133.0,0.00245119
ONG/BTC,1565285254215,2019-08-08T17:27:34.215Z,buy,1.845e-05,261.0,0.00481545
ONG/BTC,1565285254259,2019-08-08T17:27:34.259Z,buy,1.846e-05,70.0,0.0012921999999999
ONG/BTC,1565285267587,2019-08-08T17:27:47.587Z,buy,1.849e-05,300.0,0.005547
ONG/BTC,1565285268456,2019-08-08T17:27:48.456Z,buy,1.85e-05,1065.0,0.0197024999999999
ONG/BTC,1565285275636,2019-08-08T17:27:55.636Z,buy,1.853e-05,9.0,0.00016677
ONG/BTC,1565285275636,2019-08-08T17:27:55.636Z,buy,1.855e-05,45.0,0.00083475
ONG/BTC,1565286009634,2019-08-08T17:40:09.634Z,sell,1.845e-05,1162.0,0.0214389
ONG/BTC,1565286010648,2019-08-08T17:40:10.648Z,sell,1.843e-05,1092.0,0.02012556
ONG/BTC,1565286062694,2019-08-08T17:41:02.694Z,buy,1.844e-05,50.0,0.000922
ONG/BTC,1565286084656,2019-08-08T17:41:24.656Z,buy,1.852e-05,2.0,3.704e-05
ONG/BTC,1565286445251,2019-08-08T17:47:25.251Z,buy,1.848e-05,100.0,0.0018479999999999
ONG/BTC,1565286563675,2019-08-08T17:49:23.675Z,sell,1.844e-05,102.0,0.00188088
ONG/BTC,1565286638929,2019-08-08T17:50:38.929Z,buy,1.847e-05,2.0,3.694e-05
ONG/BTC,1565286661675,2019-08-08T17:51:01.675Z,sell,1.841e-05,493.0,0.00907613
ONG/BTC,1565286666053,2019-08-08T17:51:06.053Z,buy,1.842e-05,67.0,0.0012341399999999
ONG/BTC,1565286682435,2019-08-08T17:51:22.435Z,buy,1.841e-05,227.0,0.00417907
ONG/BTC,1565286784305,2019-08-08T17:53:04.305Z,buy,1.841e-05,2.0,3.682e-05
ONG/BTC,1565286798690,2019-08-08T17:53:18.690Z,sell,1.845e-05,404.0,0.0074538
ONG/BTC,1565286798690,2019-08-08T17:53:18.690Z,sell,1.845e-05,404.0,0.0074538
ONG/BTC,1565287274727,2019-08-08T18:01:14.727Z,sell,1.846e-05,296.0,0.00546416
ONG/BTC,1565287280731,2019-08-08T18:01:20.731Z,sell,1.846e-05,192.0,0.00354432
ONG/BTC,1565287300965,2019-08-08T18:01:40.965Z,buy,1.848e-05,10.0,0.0001848
ONG/BTC,1565287300965,2019-08-08T18:01:40.965Z,buy,1.852e-05,22.0,0.0004074399999999
ONG/BTC,1565287332509,2019-08-08T18:02:12.509Z,buy,1.851e-05,127.0,0.00235077
ONG/BTC,1565287394748,2019-08-08T18:03:14.748Z,sell,1.848e-05,149.0,0.0027535199999999
ONG/BTC,1565287401737,2019-08-08T18:03:21.737Z,sell,1.846e-05,597.0,0.01102062
ONG/BTC,1565287402740,2019-08-08T18:03:22.740Z,sell,1.846e-05,597.0,0.01102062
ONG/BTC,1565287442024,2019-08-08T18:04:02.024Z,sell,1.842e-05,546.0,0.01005732
ONG/BTC,1565287467128,2019-08-08T18:04:27.128Z,buy,1.84e-05,29.0,0.0005336
ONG/BTC,1565287472758,2019-08-08T18:04:32.758Z,buy,1.84e-05,1.0,1.84e-05
ONG/BTC,1565287472758,2019-08-08T18:04:32.758Z,buy,1.847e-05,1.0,1.847e-05
ONG/BTC,1565287472840,2019-08-08T18:04:32.840Z,buy,1.847e-05,605.0,0.01117435
ONG/BTC,1565287932779,2019-08-08T18:12:12.779Z,sell,1.845e-05,297.0,0.00547965
ONG/BTC,1565288093424,2019-08-08T18:14:53.424Z,sell,1.834e-05,314.0,0.00575876
ONG/BTC,1565288100335,2019-08-08T18:15:00.335Z,sell,1.836e-05,312.0,0.00572832
ONG/BTC,1565288100351,2019-08-08T18:15:00.351Z,buy,1.834e-05,848.0,0.01555232
ONG/BTC,1565288119135,2019-08-08T18:15:19.135Z,buy,1.844e-05,297.0,0.00547668
ONG/BTC,1565288119135,2019-08-08T18:15:19.135Z,buy,1.845e-05,986.0,0.0181917
ONG/BTC,1565288150048,2019-08-08T18:15:50.048Z,sell,1.846e-05,28.0,0.0005168799999999
ONG/BTC,1565288168365,2019-08-08T18:16:08.365Z,sell,1.846e-05,28.0,0.0005168799999999
ONG/BTC,1565288375251,2019-08-08T18:19:35.251Z,buy,1.848e-05,79.0,0.00145992
ONG/BTC,1565288375281,2019-08-08T18:19:35.281Z,buy,1.848e-05,15.0,0.0002772
ONG/BTC,1565288728879,2019-08-08T18:25:28.879Z,sell,1.85e-05,240.0,0.0044399999999999
ONG/BTC,1565288884779,2019-08-08T18:28:04.779Z,buy,1.855e-05,202.0,0.0037471
ONG/BTC,1565290134951,2019-08-08T18:48:54.951Z,sell,1.846e-05,203.0,0.00374738
ONG/BTC,1565290138941,2019-08-08T18:48:58.941Z,sell,1.845e-05,179.0,0.00330255
ONG/BTC,1565290324063,2019-08-08T18:52:04.063Z,buy,1.853e-05,2.0,3.706e-05
ONG/BTC,1565290324063,2019-08-08T18:52:04.063Z,buy,1.853e-05,2.0,3.706e-05
ONG/BTC,1565291243052,2019-08-08T19:07:23.052Z,sell,1.846e-05,790.0,0.0145834
ONG/BTC,1565291244056,2019-08-08T19:07:24.056Z,sell,1.847e-05,859.0,0.01586573
ONG/BTC,1565291300653,2019-08-08T19:08:20.653Z,buy,1.845e-05,117.0,0.00215865
ONG/BTC,1565291496068,2019-08-08T19:11:36.068Z,sell,1.844e-05,220.0,0.0040568
ONG/BTC,1565291703050,2019-08-08T19:15:03.050Z,buy,1.847e-05,110.0,0.0020317
ONG/BTC,1565291712011,2019-08-08T19:15:12.011Z,buy,1.848e-05,110.0,0.0020328
ONG/BTC,1565291979471,2019-08-08T19:19:39.471Z,buy,1.845e-05,61.0,0.00112545
ONG/BTC,1565292431147,2019-08-08T19:27:11.147Z,sell,1.841e-05,174.0,0.00320334
ONG/BTC,1565292431147,2019-08-08T19:27:11.147Z,sell,1.84e-05,287.0,0.0052808
ONG/BTC,1565292443405,2019-08-08T19:27:23.405Z,buy,1.845e-05,2.0,3.69e-05
ONG/BTC,1565292479131,2019-08-08T19:27:59.131Z,buy,1.845e-05,2.0,3.69e-05
ONG/BTC,1565292783473,2019-08-08T19:33:03.473Z,buy,1.843e-05,27.0,0.00049761
ONG/BTC,1565292834160,2019-08-08T19:33:54.160Z,buy,1.843e-05,160.0,0.0029488
ONG/BTC,1565292848818,2019-08-08T19:34:08.818Z,buy,1.843e-05,107.0,0.00197201
ONG/BTC,1565292848818,2019-08-08T19:34:08.818Z,buy,1.844e-05,69.0,0.00127236
ONG/BTC,1565292850459,2019-08-08T19:34:10.459Z,buy,1.844e-05,53.0,0.00097732
ONG/BTC,1565292867617,2019-08-08T19:34:27.617Z,buy,1.845e-05,16.0,0.0002952
ONG/BTC,1565293214545,2019-08-08T19:40:14.545Z,buy,1.846e-05,251.0,0.00463346
ONG/BTC,1565293215314,2019-08-08T19:40:15.314Z,buy,1.846e-05,96.0,0.00177216
ONG/BTC,1565293219019,2019-08-08T19:40:19.019Z,buy,1.846e-05,96.0,0.00177216
ONG/BTC,1565293219872,2019-08-08T19:40:19.872Z,buy,1.846e-05,96.0,0.00177216
ONG/BTC,1565293220874,2019-08-08T19:40:20.874Z,buy,1.846e-05,96.0,0.00177216
ONG/BTC,1565293221881,2019-08-08T19:40:21.881Z,buy,1.846e-05,96.0,0.00177216
ONG/BTC,1565293223153,2019-08-08T19:40:23.153Z,buy,1.846e-05,70.0,0.0012921999999999
ONG/BTC,1565293356483,2019-08-08T19:42:36.483Z,buy,1.846e-05,58.0,0.00107068
ONG/BTC,1565293356483,2019-08-08T19:42:36.483Z,buy,1.847e-05,993.0,0.01834071
ONG/BTC,1565293415598,2019-08-08T19:43:35.598Z,buy,1.847e-05,358.0,0.00661226
ONG/BTC,1565293517697,2019-08-08T19:45:17.697Z,buy,1.847e-05,55.0,0.00101585
ONG/BTC,1565293518564,2019-08-08T19:45:18.564Z,buy,1.847e-05,593.0,0.01095271
ONG/BTC,1565293661312,2019-08-08T19:47:41.312Z,buy,1.852e-05,408.0,0.0075561599999999
ONG/BTC,1565293663242,2019-08-08T19:47:43.242Z,sell,1.853e-05,408.0,0.00756024
ONG/BTC,1565293829255,2019-08-08T19:50:29.255Z,sell,1.851e-05,297.0,0.00549747
ONG/BTC,1565293843253,2019-08-08T19:50:43.253Z,sell,1.85e-05,823.0,0.0152255
ONG/BTC,1565293843253,2019-08-08T19:50:43.253Z,sell,1.85e-05,823.0,0.0152255
ONG/BTC,1565293957167,2019-08-08T19:52:37.167Z,buy,1.855e-05,2.0,3.71e-05
ONG/BTC,1565294006144,2019-08-08T19:53:26.144Z,buy,1.855e-05,2.0,3.71e-05
ONG/BTC,1565294051231,2019-08-08T19:54:11.231Z,buy,1.855e-05,2.0,3.71e-05
ONG/BTC,1565294595781,2019-08-08T20:03:15.781Z,sell,1.844e-05,51.0,0.00094044
ONG/BTC,1565294708586,2019-08-08T20:05:08.586Z,buy,1.855e-05,291.0,0.00539805
ONG/BTC,1565294708586,2019-08-08T20:05:08.586Z,buy,1.856e-05,103.0,0.0019116799999999
ONG/BTC,1565295223945,2019-08-08T20:13:43.945Z,buy,1.856e-05,125.0,0.00232
ONG/BTC,1565295840016,2019-08-08T20:24:00.016Z,sell,1.847e-05,25.0,0.00046175
ONG/BTC,1565296099017,2019-08-08T20:28:19.017Z,sell,1.845e-05,13.0,0.00023985
ONG/BTC,1565296503106,2019-08-08T20:35:03.106Z,buy,1.854e-05,6.0,0.00011124
ONG/BTC,1565297287893,2019-08-08T20:48:07.893Z,buy,1.854e-05,9.0,0.0001668599999999
ONG/BTC,1565297287893,2019-08-08T20:48:07.893Z,buy,1.854e-05,9.0,0.0001668599999999
ONG/BTC,1565297657572,2019-08-08T20:54:17.572Z,sell,1.842e-05,6.0,0.0001105199999999
ONG/BTC,1565297870410,2019-08-08T20:57:50.410Z,sell,1.843e-05,151.0,0.00278293
ONG/BTC,1565297886877,2019-08-08T20:58:06.877Z,sell,1.841e-05,114.0,0.00209874
ONG/BTC,1565298052152,2019-08-08T21:00:52.152Z,buy,1.84e-05,6.0,0.0001104
ONG/BTC,1565298052152,2019-08-08T21:00:52.152Z,buy,1.845e-05,102.0,0.0018819
ONG/BTC,1565299212883,2019-08-08T21:20:12.883Z,sell,1.84e-05,18.0,0.0003312
ONG/BTC,1565299417130,2019-08-08T21:23:37.130Z,sell,1.83e-05,121.0,0.0022143
ONG/BTC,1565299417130,2019-08-08T21:23:37.130Z,sell,1.829e-05,371.0,0.00678559
ONG/BTC,1565299417130,2019-08-08T21:23:37.130Z,sell,1.827e-05,200.0,0.003654
ONG/BTC,1565299417130,2019-08-08T21:23:37.130Z,sell,1.825e-05,200.0,0.00365
ONG/BTC,1565299417130,2019-08-08T21:23:37.130Z,sell,1.824e-05,183.0,0.00333792
ONG/BTC,1565299417130,2019-08-08T21:23:37.130Z,sell,1.823e-05,129.0,0.00235167
ONG/BTC,1565299417130,2019-08-08T21:23:37.130Z,sell,1.822e-05,1197.0,0.0218093399999999
ONG/BTC,1565299417130,2019-08-08T21:23:37.130Z,sell,1.821e-05,1551.0,0.02824371
ONG/BTC,1565299417130,2019-08-08T21:23:37.130Z,sell,1.82e-05,24.0,0.0004368
ONG/BTC,1565299446408,2019-08-08T21:24:06.408Z,buy,1.83e-05,214.0,0.0039162
ONG/BTC,1565299463436,2019-08-08T21:24:23.436Z,buy,1.828e-05,131.0,0.00239468
ONG/BTC,1565299463461,2019-08-08T21:24:23.461Z,buy,1.828e-05,79.0,0.00144412
ONG/BTC,1565299469880,2019-08-08T21:24:29.880Z,buy,1.828e-05,214.0,0.00391192
ONG/BTC,1565299482575,2019-08-08T21:24:42.575Z,buy,1.828e-05,40.0,0.0007312
ONG/BTC,1565299482575,2019-08-08T21:24:42.575Z,buy,1.831e-05,137.0,0.00250847
ONG/BTC,1565299534210,2019-08-08T21:25:34.210Z,buy,1.83e-05,558.0,0.0102114
ONG/BTC,1565299554483,2019-08-08T21:25:54.483Z,buy,1.835e-05,2.0,3.67e-05
ONG/BTC,1565299845357,2019-08-08T21:30:45.357Z,buy,1.835e-05,2.0,3.67e-05
ONG/BTC,1565299993007,2019-08-08T21:33:13.007Z,buy,1.835e-05,15.0,0.00027525
ONG/BTC,1565299993294,2019-08-08T21:33:13.294Z,sell,1.835e-05,448.0,0.0082208
ONG/BTC,1565300007852,2019-08-08T21:33:27.852Z,buy,1.836e-05,2.0,3.672e-05
ONG/BTC,1565300144854,2019-08-08T21:35:44.854Z,buy,1.829e-05,2.0,3.658e-05
ONG/BTC,1565300331592,2019-08-08T21:38:51.592Z,sell,1.824e-05,41.0,0.00074784
ONG/BTC,1565300334075,2019-08-08T21:38:54.075Z,sell,1.821e-05,41.0,0.00074661
ONG/BTC,1565300335334,2019-08-08T21:38:55.334Z,sell,1.823e-05,41.0,0.00074743
ONG/BTC,1565300338333,2019-08-08T21:38:58.333Z,sell,1.824e-05,41.0,0.00074784
ONG/BTC,1565300339854,2019-08-08T21:38:59.854Z,sell,1.825e-05,41.0,0.00074825
ONG/BTC,1565300343082,2019-08-08T21:39:03.082Z,buy,1.829e-05,200.0,0.003658
ONG/BTC,1565300343707,2019-08-08T21:39:03.707Z,buy,1.829e-05,2.0,3.658e-05
ONG/BTC,1565300487021,2019-08-08T21:41:27.021Z,buy,1.827e-05,506.0,0.00924462
ONG/BTC,1565300534651,2019-08-08T21:42:14.651Z,buy,1.828e-05,110.0,0.0020108
ONG/BTC,1565300778781,2019-08-08T21:46:18.781Z,buy,1.824e-05,2.0,3.648e-05
ONG/BTC,1565300808762,2019-08-08T21:46:48.762Z,buy,1.824e-05,2.0,3.648e-05
ONG/BTC,1565300811822,2019-08-08T21:46:51.822Z,buy,1.824e-05,2.0,3.648e-05
ONG/BTC,1565300815035,2019-08-08T21:46:55.035Z,buy,1.824e-05,2.0,3.648e-05
ONG/BTC,1565300819032,2019-08-08T21:46:59.032Z,buy,1.824e-05,65.0,0.0011856
ONG/BTC,1565300819032,2019-08-08T21:46:59.032Z,buy,1.828e-05,155.0,0.0028334
ONG/BTC,1565300819032,2019-08-08T21:46:59.032Z,buy,1.824e-05,65.0,0.0011856
ONG/BTC,1565300819032,2019-08-08T21:46:59.032Z,buy,1.828e-05,155.0,0.0028334
ONG/BTC,1565301136792,2019-08-08T21:52:16.792Z,buy,1.839e-05,2.0,3.678e-05
ONG/BTC,1565301270207,2019-08-08T21:54:30.207Z,sell,1.826e-05,39.0,0.00071214
ONG/BTC,1565301337394,2019-08-08T21:55:37.394Z,sell,1.823e-05,13.0,0.00023699
ONG/BTC,1565301932806,2019-08-08T22:05:32.806Z,buy,1.828e-05,93.0,0.00170004
ONG/BTC,1565301935717,2019-08-08T22:05:35.717Z,buy,1.828e-05,477.0,0.00871956
ONG/BTC,1565301938008,2019-08-08T22:05:38.008Z,buy,1.828e-05,54.0,0.00098712
ONG/BTC,1565301939270,2019-08-08T22:05:39.270Z,buy,1.828e-05,276.0,0.00504528
ONG/BTC,1565301939864,2019-08-08T22:05:39.864Z,buy,1.828e-05,266.0,0.00486248
ONG/BTC,1565302190493,2019-08-08T22:09:50.493Z,buy,1.837e-05,235.0,0.00431695
ONG/BTC,1565302190586,2019-08-08T22:09:50.586Z,buy,1.837e-05,100.0,0.0018369999999999
ONG/BTC,1565302193468,2019-08-08T22:09:53.468Z,buy,1.837e-05,59.0,0.0010838299999999
ONG/BTC,1565302463046,2019-08-08T22:14:23.046Z,sell,1.828e-05,6.0,0.00010968
ONG/BTC,1565303445985,2019-08-08T22:30:45.985Z,buy,1.826e-05,71.0,0.00129646
ONG/BTC,1565303563643,2019-08-08T22:32:43.643Z,sell,1.835e-05,280.0,0.0051379999999999
ONG/BTC,1565303563680,2019-08-08T22:32:43.680Z,sell,1.835e-05,69.0,0.00126615
ONG/BTC,1565303563699,2019-08-08T22:32:43.699Z,sell,1.835e-05,59.0,0.0010826499999999
ONG/BTC,1565303563699,2019-08-08T22:32:43.699Z,sell,1.832e-05,295.0,0.0054044
ONG/BTC,1565303563699,2019-08-08T22:32:43.699Z,sell,1.831e-05,54.0,0.0009887399999999
ONG/BTC,1565303564000,2019-08-08T22:32:44.000Z,sell,1.836e-05,345.0,0.0063342
ONG/BTC,1565303616968,2019-08-08T22:33:36.968Z,buy,1.824e-05,345.0,0.0062928
ONG/BTC,1565303631004,2019-08-08T22:33:51.004Z,buy,1.823e-05,408.0,0.00743784
ONG/BTC,1565304346556,2019-08-08T22:45:46.556Z,sell,1.826e-05,102.0,0.00186252
ONG/BTC,1565304346556,2019-08-08T22:45:46.556Z,sell,1.826e-05,102.0,0.00186252
ONG/BTC,1565304534403,2019-08-08T22:48:54.403Z,sell,1.826e-05,180.0,0.0032868
ONG/BTC,1565305306273,2019-08-08T23:01:46.273Z,sell,1.821e-05,54.0,0.00098334
ONG/BTC,1565305453972,2019-08-08T23:04:13.972Z,sell,1.819e-05,105.0,0.00190995
ONG/BTC,1565305459154,2019-08-08T23:04:19.154Z,sell,1.818e-05,168.0,0.0030542399999999
ONG/BTC,1565305473066,2019-08-08T23:04:33.066Z,sell,1.818e-05,380.0,0.0069083999999999
ONG/BTC,1565305473111,2019-08-08T23:04:33.111Z,sell,1.818e-05,275.0,0.0049995
ONG/BTC,1565305573084,2019-08-08T23:06:13.084Z,sell,1.818e-05,164.0,0.0029815199999999
ONG/BTC,1565305645185,2019-08-08T23:07:25.185Z,sell,1.815e-05,192.0,0.0034848
ONG/BTC,1565305962770,2019-08-08T23:12:42.770Z,buy,1.825e-05,2.0,3.65e-05
ONG/BTC,1565306054016,2019-08-08T23:14:14.016Z,sell,1.816e-05,14.0,0.00025424
ONG/BTC,1565306055537,2019-08-08T23:14:15.537Z,sell,1.816e-05,14.0,0.00025424
ONG/BTC,1565306059720,2019-08-08T23:14:19.720Z,sell,1.817e-05,14.0,0.00025438
ONG/BTC,1565306395143,2019-08-08T23:19:55.143Z,sell,1.815e-05,30.0,0.0005445
ONG/BTC,1565306421170,2019-08-08T23:20:21.170Z,sell,1.815e-05,192.0,0.0034848
ONG/BTC,1565306421170,2019-08-08T23:20:21.170Z,sell,1.814e-05,1065.0,0.0193191
ONG/BTC,1565306421170,2019-08-08T23:20:21.170Z,sell,1.813e-05,1096.0,0.01987048
ONG/BTC,1565306421170,2019-08-08T23:20:21.170Z,sell,1.811e-05,200.0,0.003622
ONG/BTC,1565306421170,2019-08-08T23:20:21.170Z,sell,1.81e-05,110.0,0.001991
ONG/BTC,1565306421170,2019-08-08T23:20:21.170Z,sell,1.806e-05,200.0,0.0036119999999999
ONG/BTC,1565306421170,2019-08-08T23:20:21.170Z,sell,1.805e-05,1060.0,0.019133
ONG/BTC,1565306421170,2019-08-08T23:20:21.170Z,sell,1.804e-05,12.0,0.00021648
ONG/BTC,1565306421170,2019-08-08T23:20:21.170Z,sell,1.803e-05,76.0,0.00137028
ONG/BTC,1565306421170,2019-08-08T23:20:21.170Z,sell,1.802e-05,469.0,0.00845138
ONG/BTC,1565306429839,2019-08-08T23:20:29.839Z,buy,1.802e-05,316.0,0.00569432
