symbol,timestamp,datetime,side,price,amount,btc_volume
ONG/BTC,1571335421133,2019-10-17T18:03:41.133Z,buy,1.708e-05,16.0,0.00027328
ONG/BTC,1571335559764,2019-10-17T18:05:59.764Z,buy,1.708e-05,2.0,3.416e-05
ONG/BTC,1571335559764,2019-10-17T18:05:59.764Z,buy,1.71e-05,9.0,0.0001539
ONG/BTC,1571335559764,2019-10-17T18:05:59.764Z,buy,1.711e-05,712.0,0.01218232
ONG/BTC,1571335559764,2019-10-17T18:05:59.764Z,buy,1.712e-05,2855.0,0.0488775999999999
ONG/BTC,1571335565880,2019-10-17T18:06:05.880Z,sell,1.713e-05,30.0,0.0005139
ONG/BTC,1571335567097,2019-10-17T18:06:07.097Z,sell,1.713e-05,2282.0,0.03909066
ONG/BTC,1571335567486,2019-10-17T18:06:07.486Z,sell,1.713e-05,69.0,0.00118197
ONG/BTC,1571335568789,2019-10-17T18:06:08.789Z,sell,1.713e-05,59.0,0.00101067
ONG/BTC,1571335646833,2019-10-17T18:07:26.833Z,buy,1.711e-05,319.0,0.00545809
ONG/BTC,1571335646859,2019-10-17T18:07:26.859Z,sell,1.711e-05,120.0,0.0020532
ONG/BTC,1571335646869,2019-10-17T18:07:26.869Z,sell,1.711e-05,36930.0,0.6318723
ONG/BTC,1571335836293,2019-10-17T18:10:36.293Z,sell,1.701e-05,194.0,0.00329994
ONG/BTC,1571335846237,2019-10-17T18:10:46.237Z,sell,1.7e-05,11.0,0.000187
ONG/BTC,1571335846237,2019-10-17T18:10:46.237Z,sell,1.698e-05,1024.0,0.01738752
ONG/BTC,1571336091292,2019-10-17T18:14:51.292Z,sell,1.697e-05,4168.0,0.07073096
ONG/BTC,1571336091354,2019-10-17T18:14:51.354Z,buy,1.697e-05,2088.0,0.03543336
ONG/BTC,1571337520354,2019-10-17T18:38:40.354Z,sell,1.696e-05,103.0,0.00174688
ONG/BTC,1571337520884,2019-10-17T18:38:40.884Z,buy,1.705e-05,2.0,3.41e-05
ONG/BTC,1571337533891,2019-10-17T18:38:53.891Z,buy,1.703e-05,48.0,0.00081744
ONG/BTC,1571337533891,2019-10-17T18:38:53.891Z,buy,1.704e-05,3.0,5.112e-05
ONG/BTC,1571337538790,2019-10-17T18:38:58.790Z,buy,1.704e-05,23.0,0.00039192
ONG/BTC,1571337538790,2019-10-17T18:38:58.790Z,buy,1.71e-05,298.0,0.0050957999999999
ONG/BTC,1571337608929,2019-10-17T18:40:08.929Z,buy,1.711e-05,308.0,0.00526988
ONG/BTC,1571337608957,2019-10-17T18:40:08.957Z,sell,1.711e-05,1272.0,0.02176392
ONG/BTC,1571337862532,2019-10-17T18:44:22.532Z,sell,1.7e-05,132.0,0.002244
ONG/BTC,1571337862532,2019-10-17T18:44:22.532Z,sell,1.7e-05,132.0,0.002244
ONG/BTC,1571338857511,2019-10-17T19:00:57.511Z,sell,1.705e-05,28.0,0.0004774
ONG/BTC,1571338857511,2019-10-17T19:00:57.511Z,sell,1.702e-05,283.0,0.0048166599999999
ONG/BTC,1571338908292,2019-10-17T19:01:48.292Z,buy,1.71e-05,11.0,0.0001881
ONG/BTC,1571338908292,2019-10-17T19:01:48.292Z,buy,1.711e-05,6.0,0.00010266
ONG/BTC,1571338908292,2019-10-17T19:01:48.292Z,buy,1.713e-05,193.0,0.00330609
ONG/BTC,1571339619151,2019-10-17T19:13:39.151Z,buy,1.706e-05,144.0,0.00245664
ONG/BTC,1571339682959,2019-10-17T19:14:42.959Z,buy,1.705e-05,334.0,0.0056947
ONG/BTC,1571339685625,2019-10-17T19:14:45.625Z,buy,1.705e-05,334.0,0.0056947
ONG/BTC,1571339700973,2019-10-17T19:15:00.973Z,buy,1.705e-05,1275.0,0.02173875
ONG/BTC,1571339824583,2019-10-17T19:17:04.583Z,buy,1.705e-05,122.0,0.0020801
ONG/BTC,1571339824583,2019-10-17T19:17:04.583Z,buy,1.706e-05,314.0,0.00535684
ONG/BTC,1571339930146,2019-10-17T19:18:50.146Z,buy,1.706e-05,64.0,0.00109184
ONG/BTC,1571339956409,2019-10-17T19:19:16.409Z,buy,1.706e-05,58.0,0.00098948
ONG/BTC,1571340644606,2019-10-17T19:30:44.606Z,buy,1.71e-05,100.0,0.00171
ONG/BTC,1571340644606,2019-10-17T19:30:44.606Z,buy,1.71e-05,100.0,0.00171
ONG/BTC,1571341670787,2019-10-17T19:47:50.787Z,buy,1.709e-05,1736.0,0.02966824
ONG/BTC,1571341687904,2019-10-17T19:48:07.904Z,sell,1.709e-05,587.0,0.01003183
ONG/BTC,1571342048545,2019-10-17T19:54:08.545Z,sell,1.709e-05,17.0,0.00029053
ONG/BTC,1571342903512,2019-10-17T20:08:23.512Z,sell,1.707e-05,64.0,0.00109248
ONG/BTC,1571342911324,2019-10-17T20:08:31.324Z,sell,1.706e-05,138.0,0.00235428
ONG/BTC,1571343175748,2019-10-17T20:12:55.748Z,sell,1.7e-05,275.0,0.004675
ONG/BTC,1571343327124,2019-10-17T20:15:27.124Z,buy,1.706e-05,1172.0,0.01999432
ONG/BTC,1571343339419,2019-10-17T20:15:39.419Z,buy,1.706e-05,20.0,0.0003412
ONG/BTC,1571343339419,2019-10-17T20:15:39.419Z,buy,1.707e-05,79.0,0.00134853
ONG/BTC,1571343360496,2019-10-17T20:16:00.496Z,buy,1.707e-05,1199.0,0.02046693
ONG/BTC,1571343361080,2019-10-17T20:16:01.080Z,buy,1.707e-05,99.0,0.00168993
ONG/BTC,1571343391220,2019-10-17T20:16:31.220Z,buy,1.707e-05,177.0,0.00302139
ONG/BTC,1571343391220,2019-10-17T20:16:31.220Z,buy,1.709e-05,62.0,0.00105958
ONG/BTC,1571343391220,2019-10-17T20:16:31.220Z,buy,1.71e-05,961.0,0.0164331
ONG/BTC,1571343391622,2019-10-17T20:16:31.622Z,buy,1.71e-05,99.0,0.0016928999999999
ONG/BTC,1571343738121,2019-10-17T20:22:18.121Z,buy,1.707e-05,99.0,0.00168993
ONG/BTC,1571343821591,2019-10-17T20:23:41.591Z,sell,1.71e-05,130.0,0.0022229999999999
ONG/BTC,1571343822792,2019-10-17T20:23:42.792Z,sell,1.711e-05,125.0,0.00213875
ONG/BTC,1571343854234,2019-10-17T20:24:14.234Z,buy,1.714e-05,82.0,0.00140548
ONG/BTC,1571343871122,2019-10-17T20:24:31.122Z,buy,1.714e-05,86.0,0.0014740399999999
ONG/BTC,1571343906392,2019-10-17T20:25:06.392Z,sell,1.705e-05,31.0,0.00052855
ONG/BTC,1571343906999,2019-10-17T20:25:06.999Z,buy,1.714e-05,637.0,0.01091818
ONG/BTC,1571343929885,2019-10-17T20:25:29.885Z,buy,1.714e-05,126.0,0.00215964
ONG/BTC,1571344017376,2019-10-17T20:26:57.376Z,buy,1.714e-05,20.0,0.0003428
ONG/BTC,1571344238927,2019-10-17T20:30:38.927Z,buy,1.713e-05,59.0,0.00101067
ONG/BTC,1571344238927,2019-10-17T20:30:38.927Z,buy,1.713e-05,59.0,0.00101067
ONG/BTC,1571344295367,2019-10-17T20:31:35.367Z,sell,1.705e-05,72.0,0.0012276
ONG/BTC,1571344347432,2019-10-17T20:32:27.432Z,sell,1.704e-05,253.0,0.00431112
ONG/BTC,1571344348511,2019-10-17T20:32:28.511Z,sell,1.704e-05,130.0,0.0022152
ONG/BTC,1571344348511,2019-10-17T20:32:28.511Z,sell,1.701e-05,296.0,0.00503496
ONG/BTC,1571344348511,2019-10-17T20:32:28.511Z,sell,1.7e-05,65.0,0.001105
ONG/BTC,1571344348511,2019-10-17T20:32:28.511Z,sell,1.698e-05,16.0,0.00027168
ONG/BTC,1571344366224,2019-10-17T20:32:46.224Z,buy,1.705e-05,52.0,0.0008866
ONG/BTC,1571344366224,2019-10-17T20:32:46.224Z,buy,1.71e-05,11.0,0.0001881
ONG/BTC,1571344771304,2019-10-17T20:39:31.304Z,buy,1.71e-05,2.0,3.42e-05
ONG/BTC,1571345084955,2019-10-17T20:44:44.955Z,buy,1.708e-05,298.0,0.00508984
ONG/BTC,1571345242087,2019-10-17T20:47:22.087Z,buy,1.708e-05,117.0,0.00199836
ONG/BTC,1571345950041,2019-10-17T20:59:10.041Z,buy,1.708e-05,280.0,0.0047824
ONG/BTC,1571345979023,2019-10-17T20:59:39.023Z,sell,1.706e-05,59.0,0.00100654
ONG/BTC,1571345979023,2019-10-17T20:59:39.023Z,sell,1.703e-05,284.0,0.00483652
ONG/BTC,1571345979023,2019-10-17T20:59:39.023Z,sell,1.702e-05,296.0,0.0050379199999999
ONG/BTC,1571345979023,2019-10-17T20:59:39.023Z,sell,1.701e-05,832.0,0.01415232
ONG/BTC,1571345979023,2019-10-17T20:59:39.023Z,sell,1.7e-05,2886.0,0.049062
ONG/BTC,1571345979045,2019-10-17T20:59:39.045Z,buy,1.7e-05,832.0,0.014144
ONG/BTC,1571345979056,2019-10-17T20:59:39.056Z,buy,1.7e-05,184.0,0.003128
ONG/BTC,1571345979065,2019-10-17T20:59:39.065Z,buy,1.7e-05,88.0,0.001496
ONG/BTC,1571345979121,2019-10-17T20:59:39.121Z,buy,1.699e-05,142.0,0.00241258
ONG/BTC,1571345979230,2019-10-17T20:59:39.230Z,buy,1.7e-05,464.0,0.007888
ONG/BTC,1571345979442,2019-10-17T20:59:39.442Z,buy,1.7e-05,292.0,0.004964
ONG/BTC,1571345981768,2019-10-17T20:59:41.768Z,buy,1.7e-05,714.0,0.012138
ONG/BTC,1571345982126,2019-10-17T20:59:42.126Z,buy,1.7e-05,300.0,0.0051
ONG/BTC,1571346008881,2019-10-17T21:00:08.881Z,buy,1.7e-05,58.0,0.000986
ONG/BTC,1571346013960,2019-10-17T21:00:13.960Z,buy,1.7e-05,1921.0,0.032657
ONG/BTC,1571346382169,2019-10-17T21:06:22.169Z,sell,1.696e-05,184.0,0.00312064
ONG/BTC,1571346382169,2019-10-17T21:06:22.169Z,sell,1.696e-05,59.0,0.00100064
ONG/BTC,1571346455844,2019-10-17T21:07:35.844Z,buy,1.699e-05,143.0,0.00242957
ONG/BTC,1571346456087,2019-10-17T21:07:36.087Z,buy,1.705e-05,176.0,0.0030008
ONG/BTC,1571346456676,2019-10-17T21:07:36.676Z,buy,1.707e-05,588.0,0.01003716
ONG/BTC,1571346456676,2019-10-17T21:07:36.676Z,buy,1.71e-05,69.0,0.0011799
ONG/BTC,1571346456676,2019-10-17T21:07:36.676Z,buy,1.719e-05,266.0,0.00457254
ONG/BTC,1571346456676,2019-10-17T21:07:36.676Z,buy,1.72e-05,682.0,0.0117304
ONG/BTC,1571346456676,2019-10-17T21:07:36.676Z,buy,1.724e-05,972.0,0.01675728
ONG/BTC,1571346457446,2019-10-17T21:07:37.446Z,sell,1.706e-05,271.0,0.00462326
ONG/BTC,1571346457447,2019-10-17T21:07:37.447Z,sell,1.706e-05,256.0,0.00436736
ONG/BTC,1571346457447,2019-10-17T21:07:37.447Z,sell,1.7e-05,34.0,0.000578
ONG/BTC,1571346457470,2019-10-17T21:07:37.470Z,sell,1.7e-05,20.0,0.00034
ONG/BTC,1571346460533,2019-10-17T21:07:40.533Z,sell,1.71e-05,11.0,0.0001881
ONG/BTC,1571346460533,2019-10-17T21:07:40.533Z,sell,1.708e-05,19.0,0.0003245199999999
ONG/BTC,1571346491539,2019-10-17T21:08:11.539Z,buy,1.715e-05,266.0,0.0045619
ONG/BTC,1571346491539,2019-10-17T21:08:11.539Z,buy,1.716e-05,1234.0,0.0211754399999999
ONG/BTC,1571346667420,2019-10-17T21:11:07.420Z,buy,1.712e-05,231.0,0.00395472
ONG/BTC,1571347001996,2019-10-17T21:16:41.996Z,buy,1.706e-05,2.0,3.412e-05
ONG/BTC,1571347671570,2019-10-17T21:27:51.570Z,sell,1.7e-05,26.0,0.000442
ONG/BTC,1571347671570,2019-10-17T21:27:51.570Z,sell,1.7e-05,26.0,0.000442
ONG/BTC,1571348896140,2019-10-17T21:48:16.140Z,sell,1.702e-05,265.0,0.0045103
ONG/BTC,1571348896320,2019-10-17T21:48:16.320Z,sell,1.702e-05,89.0,0.00151478
ONG/BTC,1571348896320,2019-10-17T21:48:16.320Z,sell,1.701e-05,1244.0,0.02116044
ONG/BTC,1571348896320,2019-10-17T21:48:16.320Z,sell,1.7e-05,1896.0,0.032232
ONG/BTC,1571348898066,2019-10-17T21:48:18.066Z,sell,1.699e-05,354.0,0.00601446
ONG/BTC,1571348898066,2019-10-17T21:48:18.066Z,sell,1.698e-05,141.0,0.00239418
ONG/BTC,1571348904945,2019-10-17T21:48:24.945Z,sell,1.698e-05,445.0,0.0075561
ONG/BTC,1571348904945,2019-10-17T21:48:24.945Z,sell,1.694e-05,956.0,0.01619464
ONG/BTC,1571348904945,2019-10-17T21:48:24.945Z,sell,1.691e-05,98.0,0.0016571799999999
ONG/BTC,1571348907862,2019-10-17T21:48:27.862Z,sell,1.693e-05,80.0,0.0013544
ONG/BTC,1571348911762,2019-10-17T21:48:31.762Z,buy,1.696e-05,22.0,0.00037312
ONG/BTC,1571348911762,2019-10-17T21:48:31.762Z,buy,1.697e-05,10.0,0.0001696999999999
ONG/BTC,1571348911775,2019-10-17T21:48:31.775Z,buy,1.697e-05,15.0,0.00025455
ONG/BTC,1571348911802,2019-10-17T21:48:31.802Z,buy,1.703e-05,2.0,3.406e-05
ONG/BTC,1571348946315,2019-10-17T21:49:06.315Z,buy,1.708e-05,17.0,0.00029036
ONG/BTC,1571351061036,2019-10-17T22:24:21.036Z,buy,1.706e-05,354.0,0.0060392399999999
ONG/BTC,1571351061105,2019-10-17T22:24:21.105Z,buy,1.707e-05,263.0,0.00448941
ONG/BTC,1571351061340,2019-10-17T22:24:21.340Z,sell,1.696e-05,39.0,0.00066144
ONG/BTC,1571351062073,2019-10-17T22:24:22.073Z,buy,1.707e-05,91.0,0.00155337
ONG/BTC,1571351062073,2019-10-17T22:24:22.073Z,buy,1.708e-05,1009.0,0.0172337199999999
ONG/BTC,1571351062073,2019-10-17T22:24:22.073Z,buy,1.709e-05,1111.0,0.01898699
ONG/BTC,1571351121937,2019-10-17T22:25:21.937Z,sell,1.699e-05,59.0,0.00100241
ONG/BTC,1571351123219,2019-10-17T22:25:23.219Z,sell,1.698e-05,120.0,0.0020376
ONG/BTC,1571351148090,2019-10-17T22:25:48.090Z,sell,1.698e-05,61.0,0.00103578
ONG/BTC,1571351161054,2019-10-17T22:26:01.054Z,sell,1.698e-05,54.0,0.00091692
ONG/BTC,1571351161054,2019-10-17T22:26:01.054Z,sell,1.698e-05,54.0,0.00091692
ONG/BTC,1571351890890,2019-10-17T22:38:10.890Z,buy,1.707e-05,552.0,0.00942264
ONG/BTC,1571351891083,2019-10-17T22:38:11.083Z,buy,1.709e-05,234.0,0.00399906
ONG/BTC,1571352090749,2019-10-17T22:41:30.749Z,buy,1.709e-05,99.0,0.00169191
ONG/BTC,1571352090749,2019-10-17T22:41:30.749Z,buy,1.71e-05,11.0,0.0001881
ONG/BTC,1571352090749,2019-10-17T22:41:30.749Z,buy,1.711e-05,1383.0,0.02366313
ONG/BTC,1571352091077,2019-10-17T22:41:31.077Z,buy,1.711e-05,1136.0,0.01943696
ONG/BTC,1571352846976,2019-10-17T22:54:06.976Z,buy,1.711e-05,27.0,0.00046197
ONG/BTC,1571352846976,2019-10-17T22:54:06.976Z,buy,1.714e-05,110.0,0.0018853999999999
ONG/BTC,1571352848925,2019-10-17T22:54:08.925Z,sell,1.705e-05,335.0,0.00571175
ONG/BTC,1571352863307,2019-10-17T22:54:23.307Z,sell,1.705e-05,262.0,0.0044671
ONG/BTC,1571353857551,2019-10-17T23:10:57.551Z,buy,1.708e-05,28.0,0.00047824
ONG/BTC,1571353857551,2019-10-17T23:10:57.551Z,buy,1.71e-05,178.0,0.0030437999999999
ONG/BTC,1571354046080,2019-10-17T23:14:06.080Z,buy,1.711e-05,145.0,0.00248095
ONG/BTC,1571354103083,2019-10-17T23:15:03.083Z,buy,1.71e-05,24.0,0.0004104
ONG/BTC,1571354103083,2019-10-17T23:15:03.083Z,buy,1.711e-05,500.0,0.008555
ONG/BTC,1571354103620,2019-10-17T23:15:03.620Z,sell,1.71e-05,693.0,0.0118503
ONG/BTC,1571354103620,2019-10-17T23:15:03.620Z,sell,1.71e-05,693.0,0.0118503
ONG/BTC,1571355213714,2019-10-17T23:33:33.714Z,buy,1.701e-05,423.0,0.00719523
ONG/BTC,1571355213722,2019-10-17T23:33:33.722Z,buy,1.701e-05,212.0,0.00360612
ONG/BTC,1571355213722,2019-10-17T23:33:33.722Z,buy,1.701e-05,353.0,0.00600453
ONG/BTC,1571355213731,2019-10-17T23:33:33.731Z,buy,1.701e-05,600.0,0.010206
ONG/BTC,1571355213751,2019-10-17T23:33:33.751Z,buy,1.701e-05,201.0,0.00341901
ONG/BTC,1571355213766,2019-10-17T23:33:33.766Z,buy,1.701e-05,88.0,0.00149688
ONG/BTC,1571355213831,2019-10-17T23:33:33.831Z,buy,1.701e-05,766.0,0.01302966
ONG/BTC,1571355213900,2019-10-17T23:33:33.900Z,buy,1.701e-05,179.0,0.00304479
ONG/BTC,1571355213941,2019-10-17T23:33:33.941Z,buy,1.701e-05,179.0,0.00304479
ONG/BTC,1571355213989,2019-10-17T23:33:33.989Z,buy,1.701e-05,88.0,0.00149688
ONG/BTC,1571355214084,2019-10-17T23:33:34.084Z,buy,1.701e-05,205.0,0.00348705
ONG/BTC,1571355214723,2019-10-17T23:33:34.723Z,sell,1.7e-05,11.0,0.000187
ONG/BTC,1571355241305,2019-10-17T23:34:01.305Z,sell,1.701e-05,186.0,0.00316386
ONG/BTC,1571355241681,2019-10-17T23:34:01.681Z,buy,1.7e-05,6.0,0.000102
ONG/BTC,1571355258522,2019-10-17T23:34:18.522Z,sell,1.7e-05,898.0,0.015266
ONG/BTC,1571355272582,2019-10-17T23:34:32.582Z,sell,1.699e-05,588.0,0.00999012
ONG/BTC,1571355272582,2019-10-17T23:34:32.582Z,sell,1.698e-05,229.0,0.00388842
ONG/BTC,1571355276336,2019-10-17T23:34:36.336Z,buy,1.698e-05,95.0,0.0016131
ONG/BTC,1571355278221,2019-10-17T23:34:38.221Z,buy,1.698e-05,325.0,0.0055185
ONG/BTC,1571355285784,2019-10-17T23:34:45.784Z,buy,1.698e-05,222.0,0.00376956
ONG/BTC,1571355287698,2019-10-17T23:34:47.698Z,buy,1.698e-05,130.0,0.0022074
ONG/BTC,1571355301075,2019-10-17T23:35:01.075Z,buy,1.697e-05,22.0,0.0003733399999999
ONG/BTC,1571355301075,2019-10-17T23:35:01.075Z,buy,1.698e-05,11.0,0.00018678
ONG/BTC,1571355301075,2019-10-17T23:35:01.075Z,buy,1.703e-05,46.0,0.00078338
ONG/BTC,1571355408654,2019-10-17T23:36:48.654Z,sell,1.695e-05,59.0,0.00100005
ONG/BTC,1571356246284,2019-10-17T23:50:46.284Z,sell,1.695e-05,553.0,0.0093733499999999
ONG/BTC,1571356246298,2019-10-17T23:50:46.298Z,sell,1.695e-05,803.0,0.0136108499999999
ONG/BTC,1571356346102,2019-10-17T23:52:26.102Z,buy,1.704e-05,205.0,0.0034931999999999
ONG/BTC,1571356713585,2019-10-17T23:58:33.585Z,buy,1.703e-05,56.0,0.00095368
ONG/BTC,1571356713585,2019-10-17T23:58:33.585Z,buy,1.704e-05,130.0,0.0022152
ONG/BTC,1571356735185,2019-10-17T23:58:55.185Z,buy,1.704e-05,245.0,0.0041748
ONG/BTC,1571356955915,2019-10-18T00:02:35.915Z,sell,1.695e-05,29.0,0.00049155
ONG/BTC,1571357040855,2019-10-18T00:04:00.855Z,sell,1.695e-05,63.0,0.00106785
ONG/BTC,1571357040870,2019-10-18T00:04:00.870Z,sell,1.695e-05,145.0,0.00245775
ONG/BTC,1571357040870,2019-10-18T00:04:00.870Z,sell,1.694e-05,63.0,0.00106722
ONG/BTC,1571357066447,2019-10-18T00:04:26.447Z,sell,1.695e-05,234.0,0.0039663
ONG/BTC,1571357109489,2019-10-18T00:05:09.489Z,sell,1.695e-05,647.0,0.01096665
ONG/BTC,1571357128622,2019-10-18T00:05:28.622Z,sell,1.691e-05,497.0,0.00840427
ONG/BTC,1571357129073,2019-10-18T00:05:29.073Z,sell,1.691e-05,2604.0,0.04403364
ONG/BTC,1571357129729,2019-10-18T00:05:29.729Z,sell,1.691e-05,7.0,0.00011837
ONG/BTC,1571357136174,2019-10-18T00:05:36.174Z,sell,1.691e-05,473.0,0.0079984299999999
ONG/BTC,1571357138887,2019-10-18T00:05:38.887Z,sell,1.69e-05,1918.0,0.0324142
ONG/BTC,1571357302375,2019-10-18T00:08:22.375Z,sell,1.69e-05,305.0,0.0051545
ONG/BTC,1571357302375,2019-10-18T00:08:22.375Z,sell,1.689e-05,496.0,0.00837744
ONG/BTC,1571357303092,2019-10-18T00:08:23.092Z,sell,1.69e-05,444.0,0.0075036
ONG/BTC,1571357305246,2019-10-18T00:08:25.246Z,sell,1.69e-05,147.0,0.0024843
ONG/BTC,1571357305246,2019-10-18T00:08:25.246Z,sell,1.689e-05,879.0,0.01484631
ONG/BTC,1571357312171,2019-10-18T00:08:32.171Z,buy,1.698e-05,201.0,0.00341298
ONG/BTC,1571357313998,2019-10-18T00:08:33.998Z,buy,1.698e-05,273.0,0.00463554
ONG/BTC,1571357314209,2019-10-18T00:08:34.209Z,buy,1.698e-05,117.0,0.00198666
ONG/BTC,1571357314209,2019-10-18T00:08:34.209Z,buy,1.7e-05,11.0,0.000187
ONG/BTC,1571357314319,2019-10-18T00:08:34.319Z,sell,1.7e-05,112.0,0.0019039999999999
ONG/BTC,1571357640410,2019-10-18T00:14:00.410Z,sell,1.69e-05,158.0,0.0026702
ONG/BTC,1571357640410,2019-10-18T00:14:00.410Z,sell,1.689e-05,2733.0,0.04616037
ONG/BTC,1571357645350,2019-10-18T00:14:05.350Z,sell,1.688e-05,277.0,0.00467576
ONG/BTC,1571357655051,2019-10-18T00:14:15.051Z,buy,1.699e-05,9.0,0.00015291
ONG/BTC,1571357661991,2019-10-18T00:14:21.991Z,buy,1.699e-05,200.0,0.003398
ONG/BTC,1571357662164,2019-10-18T00:14:22.164Z,buy,1.699e-05,141.0,0.00239559
ONG/BTC,1571357662164,2019-10-18T00:14:22.164Z,buy,1.7e-05,406.0,0.006902
ONG/BTC,1571357665239,2019-10-18T00:14:25.239Z,buy,1.699e-05,104.0,0.00176696
ONG/BTC,1571357665239,2019-10-18T00:14:25.239Z,buy,1.699e-05,104.0,0.00176696
ONG/BTC,1571357827618,2019-10-18T00:17:07.618Z,sell,1.691e-05,65.0,0.00109915
ONG/BTC,1571357827622,2019-10-18T00:17:07.622Z,sell,1.691e-05,161.0,0.00272251
ONG/BTC,1571357827625,2019-10-18T00:17:07.625Z,sell,1.691e-05,1.0,1.691e-05
ONG/BTC,1571357827625,2019-10-18T00:17:07.625Z,sell,1.69e-05,11.0,0.0001859
ONG/BTC,1571357827625,2019-10-18T00:17:07.625Z,sell,1.689e-05,12.0,0.00020268
ONG/BTC,1571357827625,2019-10-18T00:17:07.625Z,sell,1.688e-05,160.0,0.0027008
ONG/BTC,1571358128502,2019-10-18T00:22:08.502Z,buy,1.699e-05,142.0,0.00241258
ONG/BTC,1571358129095,2019-10-18T00:22:09.095Z,buy,1.699e-05,7.0,0.00011893
ONG/BTC,1571358170748,2019-10-18T00:22:50.748Z,buy,1.699e-05,50.0,0.0008495
ONG/BTC,1571358173219,2019-10-18T00:22:53.219Z,buy,1.699e-05,28.0,0.00047572
ONG/BTC,1571358173219,2019-10-18T00:22:53.219Z,buy,1.7e-05,11.0,0.000187
ONG/BTC,1571358180769,2019-10-18T00:23:00.769Z,buy,1.699e-05,88.0,0.00149512
ONG/BTC,1571358223152,2019-10-18T00:23:43.152Z,buy,1.699e-05,6.0,0.00010194
ONG/BTC,1571358276869,2019-10-18T00:24:36.869Z,buy,1.699e-05,87.0,0.00147813
ONG/BTC,1571358283836,2019-10-18T00:24:43.836Z,sell,1.69e-05,11.0,0.0001859
ONG/BTC,1571358286145,2019-10-18T00:24:46.145Z,buy,1.69e-05,9.0,0.0001521
ONG/BTC,1571358286145,2019-10-18T00:24:46.145Z,buy,1.697e-05,315.0,0.0053455499999999
ONG/BTC,1571358288253,2019-10-18T00:24:48.253Z,buy,1.699e-05,34.0,0.00057766
ONG/BTC,1571359003180,2019-10-18T00:36:43.180Z,buy,1.695e-05,71.0,0.00120345
ONG/BTC,1571359004618,2019-10-18T00:36:44.618Z,buy,1.695e-05,35.0,0.0005932499999999
ONG/BTC,1571359006028,2019-10-18T00:36:46.028Z,buy,1.695e-05,42.0,0.0007118999999999
ONG/BTC,1571359028808,2019-10-18T00:37:08.808Z,buy,1.695e-05,542.0,0.0091869
ONG/BTC,1571359382646,2019-10-18T00:43:02.646Z,sell,1.69e-05,334.0,0.0056446
ONG/BTC,1571359382738,2019-10-18T00:43:02.738Z,buy,1.69e-05,2985.0,0.0504465
ONG/BTC,1571359475055,2019-10-18T00:44:35.055Z,buy,1.7e-05,300.0,0.0051
ONG/BTC,1571359620656,2019-10-18T00:47:00.656Z,sell,1.69e-05,69.0,0.0011661
ONG/BTC,1571360165528,2019-10-18T00:56:05.528Z,sell,1.69e-05,24.0,0.0004056
ONG/BTC,1571360442801,2019-10-18T01:00:42.801Z,sell,1.69e-05,78.0,0.0013182
ONG/BTC,1571360690353,2019-10-18T01:04:50.353Z,sell,1.69e-05,164.0,0.0027716
ONG/BTC,1571360690379,2019-10-18T01:04:50.379Z,buy,1.69e-05,492.0,0.0083148
ONG/BTC,1571360747812,2019-10-18T01:05:47.812Z,buy,1.697e-05,145.0,0.00246065
ONG/BTC,1571360748297,2019-10-18T01:05:48.297Z,buy,1.697e-05,99.0,0.0016800299999999
ONG/BTC,1571360795352,2019-10-18T01:06:35.352Z,buy,1.699e-05,30.0,0.0005097
ONG/BTC,1571361085501,2019-10-18T01:11:25.501Z,buy,1.698e-05,174.0,0.00295452
ONG/BTC,1571361085501,2019-10-18T01:11:25.501Z,buy,1.698e-05,174.0,0.00295452
ONG/BTC,1571361467623,2019-10-18T01:17:47.623Z,buy,1.696e-05,58.0,0.00098368
ONG/BTC,1571361468413,2019-10-18T01:17:48.413Z,buy,1.696e-05,36.0,0.00061056
ONG/BTC,1571361527971,2019-10-18T01:18:47.971Z,sell,1.689e-05,158.0,0.00266862
ONG/BTC,1571361527971,2019-10-18T01:18:47.971Z,sell,1.687e-05,2179.0,0.03675973
ONG/BTC,1571362522260,2019-10-18T01:35:22.260Z,sell,1.689e-05,75.0,0.0012667499999999
ONG/BTC,1571362845085,2019-10-18T01:40:45.085Z,buy,1.699e-05,335.0,0.00569165
ONG/BTC,1571362845085,2019-10-18T01:40:45.085Z,buy,1.7e-05,11.0,0.000187
ONG/BTC,1571362845085,2019-10-18T01:40:45.085Z,buy,1.701e-05,189.0,0.00321489
ONG/BTC,1571362845085,2019-10-18T01:40:45.085Z,buy,1.702e-05,599.0,0.01019498
ONG/BTC,1571362845602,2019-10-18T01:40:45.602Z,buy,1.699e-05,335.0,0.00569165
ONG/BTC,1571362845602,2019-10-18T01:40:45.602Z,buy,1.702e-05,799.0,0.01359898
ONG/BTC,1571362846377,2019-10-18T01:40:46.377Z,buy,1.702e-05,1064.0,0.01810928
ONG/BTC,1571362847619,2019-10-18T01:40:47.619Z,buy,1.702e-05,796.0,0.01354792
ONG/BTC,1571362851580,2019-10-18T01:40:51.580Z,sell,1.692e-05,9.0,0.00015228
ONG/BTC,1571362862286,2019-10-18T01:41:02.286Z,sell,1.692e-05,248.0,0.00419616
ONG/BTC,1571362862291,2019-10-18T01:41:02.291Z,sell,1.692e-05,248.0,0.00419616
ONG/BTC,1571362862378,2019-10-18T01:41:02.378Z,sell,1.692e-05,96.0,0.00162432
ONG/BTC,1571362862428,2019-10-18T01:41:02.428Z,sell,1.692e-05,248.0,0.00419616
ONG/BTC,1571362892510,2019-10-18T01:41:32.510Z,sell,1.69e-05,370.0,0.006253
ONG/BTC,1571362893754,2019-10-18T01:41:33.754Z,sell,1.69e-05,69.0,0.0011661
ONG/BTC,1571362893754,2019-10-18T01:41:33.754Z,sell,1.689e-05,320.0,0.0054047999999999
ONG/BTC,1571362894651,2019-10-18T01:41:34.651Z,sell,1.689e-05,395.0,0.00667155
ONG/BTC,1571362904304,2019-10-18T01:41:44.304Z,sell,1.689e-05,25.0,0.00042225
ONG/BTC,1571362918790,2019-10-18T01:41:58.790Z,buy,1.69e-05,671.0,0.0113399
ONG/BTC,1571362920250,2019-10-18T01:42:00.250Z,sell,1.69e-05,209.0,0.0035321
ONG/BTC,1571362920290,2019-10-18T01:42:00.290Z,buy,1.69e-05,534.0,0.0090246
ONG/BTC,1571362982299,2019-10-18T01:43:02.299Z,sell,1.689e-05,167.0,0.0028206299999999
ONG/BTC,1571362982330,2019-10-18T01:43:02.330Z,sell,1.689e-05,46.0,0.0007769399999999
ONG/BTC,1571363032694,2019-10-18T01:43:52.694Z,sell,1.689e-05,328.0,0.0055399199999999
ONG/BTC,1571363201078,2019-10-18T01:46:41.078Z,sell,1.689e-05,149.0,0.00251661
ONG/BTC,1571363201078,2019-10-18T01:46:41.078Z,sell,1.687e-05,29.0,0.00048923
ONG/BTC,1571363443172,2019-10-18T01:50:43.172Z,sell,1.687e-05,403.0,0.00679861
ONG/BTC,1571363444131,2019-10-18T01:50:44.131Z,sell,1.687e-05,81.0,0.00136647
ONG/BTC,1571363655626,2019-10-18T01:54:15.626Z,sell,1.686e-05,1058.0,0.01783788
ONG/BTC,1571363707611,2019-10-18T01:55:07.611Z,buy,1.692e-05,91.0,0.00153972
ONG/BTC,1571363769176,2019-10-18T01:56:09.176Z,buy,1.692e-05,151.0,0.00255492
ONG/BTC,1571363859788,2019-10-18T01:57:39.788Z,buy,1.692e-05,127.0,0.00214884
ONG/BTC,1571363862161,2019-10-18T01:57:42.161Z,buy,1.692e-05,89.0,0.00150588
ONG/BTC,1571363864802,2019-10-18T01:57:44.802Z,buy,1.692e-05,33.0,0.00055836
ONG/BTC,1571363973715,2019-10-18T01:59:33.715Z,buy,1.692e-05,82.0,0.00138744
ONG/BTC,1571363991590,2019-10-18T01:59:51.590Z,buy,1.692e-05,40.0,0.0006768
ONG/BTC,1571364034625,2019-10-18T02:00:34.625Z,buy,1.692e-05,510.0,0.0086292
ONG/BTC,1571364034654,2019-10-18T02:00:34.654Z,sell,1.692e-05,517.0,0.00874764
ONG/BTC,1571364035091,2019-10-18T02:00:35.091Z,sell,1.692e-05,1479.0,0.02502468
ONG/BTC,1571364035114,2019-10-18T02:00:35.114Z,sell,1.692e-05,967.0,0.01636164
ONG/BTC,1571364035709,2019-10-18T02:00:35.709Z,sell,1.692e-05,3561.0,0.06025212
ONG/BTC,1571364035964,2019-10-18T02:00:35.964Z,buy,1.691e-05,2716.0,0.04592756
ONG/BTC,1571364036009,2019-10-18T02:00:36.009Z,buy,1.691e-05,845.0,0.01428895
ONG/BTC,1571364037020,2019-10-18T02:00:37.020Z,sell,1.692e-05,1850.0,0.031302
ONG/BTC,1571364037213,2019-10-18T02:00:37.213Z,buy,1.692e-05,899.0,0.01521108
ONG/BTC,1571364037904,2019-10-18T02:00:37.904Z,sell,1.692e-05,1850.0,0.031302
ONG/BTC,1571364038663,2019-10-18T02:00:38.663Z,sell,1.692e-05,954.0,0.01614168
ONG/BTC,1571364232125,2019-10-18T02:03:52.125Z,sell,1.683e-05,393.0,0.00661419
ONG/BTC,1571364232415,2019-10-18T02:03:52.415Z,sell,1.683e-05,181.0,0.00304623
ONG/BTC,1571364232415,2019-10-18T02:03:52.415Z,sell,1.682e-05,345.0,0.0058029
ONG/BTC,1571364262080,2019-10-18T02:04:22.080Z,sell,1.682e-05,217.0,0.00364994
ONG/BTC,1571364359053,2019-10-18T02:05:59.053Z,sell,1.682e-05,164.0,0.00275848
ONG/BTC,1571364663869,2019-10-18T02:11:03.869Z,buy,1.687e-05,55.0,0.0009278499999999
ONG/BTC,1571364663869,2019-10-18T02:11:03.869Z,buy,1.687e-05,55.0,0.0009278499999999
ONG/BTC,1571364806923,2019-10-18T02:13:26.923Z,sell,1.682e-05,7.0,0.00011774
ONG/BTC,1571365122445,2019-10-18T02:18:42.445Z,buy,1.687e-05,24.0,0.00040488
ONG/BTC,1571365122445,2019-10-18T02:18:42.445Z,buy,1.692e-05,68.0,0.00115056
ONG/BTC,1571365889372,2019-10-18T02:31:29.372Z,buy,1.692e-05,1181.0,0.01998252
ONG/BTC,1571365889843,2019-10-18T02:31:29.843Z,buy,1.692e-05,535.0,0.0090522
ONG/BTC,1571365889843,2019-10-18T02:31:29.843Z,buy,1.694e-05,350.0,0.005929
ONG/BTC,1571365890371,2019-10-18T02:31:30.371Z,buy,1.694e-05,350.0,0.005929
ONG/BTC,1571365891007,2019-10-18T02:31:31.007Z,buy,1.696e-05,592.0,0.01004032
ONG/BTC,1571366653875,2019-10-18T02:44:13.875Z,sell,1.683e-05,279.0,0.00469557
ONG/BTC,1571366653881,2019-10-18T02:44:13.881Z,sell,1.683e-05,71.0,0.00119493
ONG/BTC,1571366653881,2019-10-18T02:44:13.881Z,sell,1.682e-05,407.0,0.00684574
ONG/BTC,1571366653881,2019-10-18T02:44:13.881Z,sell,1.681e-05,989.0,0.01662509
ONG/BTC,1571366665864,2019-10-18T02:44:25.864Z,sell,1.682e-05,350.0,0.005887
ONG/BTC,1571366665864,2019-10-18T02:44:25.864Z,sell,1.681e-05,238.0,0.00400078
ONG/BTC,1571366676797,2019-10-18T02:44:36.797Z,buy,1.689e-05,82.0,0.0013849799999999
ONG/BTC,1571366678849,2019-10-18T02:44:38.849Z,buy,1.689e-05,83.0,0.00140187
ONG/BTC,1571366696446,2019-10-18T02:44:56.446Z,buy,1.689e-05,125.0,0.00211125
ONG/BTC,1571366698902,2019-10-18T02:44:58.902Z,buy,1.69e-05,83.0,0.0014027
ONG/BTC,1571366701721,2019-10-18T02:45:01.721Z,sell,1.68e-05,612.0,0.0102815999999999
ONG/BTC,1571366703612,2019-10-18T02:45:03.612Z,buy,1.689e-05,214.0,0.00361446
ONG/BTC,1571366705616,2019-10-18T02:45:05.616Z,buy,1.689e-05,87.0,0.0014694299999999
ONG/BTC,1571366716963,2019-10-18T02:45:16.963Z,buy,1.689e-05,38.0,0.00064182
ONG/BTC,1571367023056,2019-10-18T02:50:23.056Z,buy,1.689e-05,233.0,0.00393537
ONG/BTC,1571367140497,2019-10-18T02:52:20.497Z,buy,1.687e-05,327.0,0.00551649
ONG/BTC,1571367140497,2019-10-18T02:52:20.497Z,buy,1.689e-05,1.0,1.689e-05
ONG/BTC,1571367149963,2019-10-18T02:52:29.963Z,buy,1.687e-05,423.0,0.00713601
ONG/BTC,1571367160756,2019-10-18T02:52:40.756Z,buy,1.687e-05,126.0,0.00212562
ONG/BTC,1571367170452,2019-10-18T02:52:50.452Z,buy,1.687e-05,38.0,0.0006410599999999
ONG/BTC,1571367249182,2019-10-18T02:54:09.182Z,buy,1.687e-05,6.0,0.00010122
ONG/BTC,1571367855485,2019-10-18T03:04:15.485Z,buy,1.687e-05,478.0,0.0080638599999999
ONG/BTC,1571367855485,2019-10-18T03:04:15.485Z,buy,1.689e-05,607.0,0.01025223
ONG/BTC,1571367855485,2019-10-18T03:04:15.485Z,buy,1.69e-05,112.0,0.0018928
ONG/BTC,1571367907803,2019-10-18T03:05:07.803Z,sell,1.687e-05,350.0,0.0059045
ONG/BTC,1571367907803,2019-10-18T03:05:07.803Z,sell,1.686e-05,494.0,0.00832884
ONG/BTC,1571367907803,2019-10-18T03:05:07.803Z,sell,1.687e-05,350.0,0.0059045
ONG/BTC,1571367907803,2019-10-18T03:05:07.803Z,sell,1.686e-05,494.0,0.00832884
ONG/BTC,1571369654058,2019-10-18T03:34:14.058Z,sell,1.688e-05,59.0,0.00099592
ONG/BTC,1571370183680,2019-10-18T03:43:03.680Z,buy,1.688e-05,82.0,0.00138416
ONG/BTC,1571370363744,2019-10-18T03:46:03.744Z,buy,1.688e-05,66.0,0.00111408
ONG/BTC,1571370465719,2019-10-18T03:47:45.719Z,buy,1.688e-05,49.0,0.00082712
ONG/BTC,1571370994986,2019-10-18T03:56:34.986Z,buy,1.688e-05,61.0,0.00102968
ONG/BTC,1571371367224,2019-10-18T04:02:47.224Z,sell,1.681e-05,88.0,0.00147928
ONG/BTC,1571371368878,2019-10-18T04:02:48.878Z,sell,1.681e-05,74.0,0.00124394
ONG/BTC,1571371369012,2019-10-18T04:02:49.012Z,buy,1.687e-05,2.0,3.374e-05
ONG/BTC,1571371370374,2019-10-18T04:02:50.374Z,sell,1.682e-05,62.0,0.00104284
ONG/BTC,1571371370440,2019-10-18T04:02:50.440Z,sell,1.68e-05,11.0,0.0001848
ONG/BTC,1571371370440,2019-10-18T04:02:50.440Z,sell,1.679e-05,155.0,0.00260245
ONG/BTC,1571371373169,2019-10-18T04:02:53.169Z,buy,1.682e-05,76.0,0.00127832
ONG/BTC,1571371374034,2019-10-18T04:02:54.034Z,buy,1.682e-05,24.0,0.00040368
ONG/BTC,1571371374034,2019-10-18T04:02:54.034Z,buy,1.683e-05,9.0,0.00015147
ONG/BTC,1571371374034,2019-10-18T04:02:54.034Z,buy,1.688e-05,266.0,0.00449008
ONG/BTC,1571371374034,2019-10-18T04:02:54.034Z,buy,1.682e-05,24.0,0.00040368
ONG/BTC,1571371374034,2019-10-18T04:02:54.034Z,buy,1.683e-05,9.0,0.00015147
ONG/BTC,1571371374034,2019-10-18T04:02:54.034Z,buy,1.688e-05,266.0,0.00449008
ONG/BTC,1571372784055,2019-10-18T04:26:24.055Z,buy,1.69e-05,604.0,0.0102076
ONG/BTC,1571372784055,2019-10-18T04:26:24.055Z,buy,1.691e-05,541.0,0.00914831
ONG/BTC,1571372784933,2019-10-18T04:26:24.933Z,buy,1.691e-05,480.0,0.0081168
ONG/BTC,1571372877171,2019-10-18T04:27:57.171Z,sell,1.686e-05,195.0,0.0032877
ONG/BTC,1571372877171,2019-10-18T04:27:57.171Z,sell,1.685e-05,187.0,0.00315095
ONG/BTC,1571372877948,2019-10-18T04:27:57.948Z,sell,1.685e-05,256.0,0.0043136
ONG/BTC,1571373109396,2019-10-18T04:31:49.396Z,buy,1.688e-05,66.0,0.00111408
ONG/BTC,1571373386020,2019-10-18T04:36:26.020Z,buy,1.687e-05,132.0,0.00222684
ONG/BTC,1571373396449,2019-10-18T04:36:36.449Z,buy,1.687e-05,58.0,0.00097846
ONG/BTC,1571373920128,2019-10-18T04:45:20.128Z,sell,1.687e-05,1483.0,0.02501821
ONG/BTC,1571373920162,2019-10-18T04:45:20.162Z,sell,1.687e-05,2047.0,0.03453289
ONG/BTC,1571373974146,2019-10-18T04:46:14.146Z,sell,1.688e-05,1304.0,0.02201152
ONG/BTC,1571373974146,2019-10-18T04:46:14.146Z,sell,1.688e-05,1304.0,0.02201152
ONG/BTC,1571375434076,2019-10-18T05:10:34.076Z,sell,1.692e-05,37.0,0.00062604
ONG/BTC,1571375435620,2019-10-18T05:10:35.620Z,sell,1.692e-05,34.0,0.00057528
ONG/BTC,1571375457470,2019-10-18T05:10:57.470Z,sell,1.692e-05,35.0,0.0005922
ONG/BTC,1571375478356,2019-10-18T05:11:18.356Z,sell,1.689e-05,82.0,0.0013849799999999
ONG/BTC,1571375479529,2019-10-18T05:11:19.529Z,sell,1.688e-05,69.0,0.00116472
ONG/BTC,1571376325277,2019-10-18T05:25:25.277Z,sell,1.69e-05,59.0,0.0009971
ONG/BTC,1571376325277,2019-10-18T05:25:25.277Z,sell,1.689e-05,186.0,0.00314154
ONG/BTC,1571376369736,2019-10-18T05:26:09.736Z,buy,1.691e-05,88.0,0.00148808
ONG/BTC,1571376391323,2019-10-18T05:26:31.323Z,sell,1.691e-05,186.0,0.00314526
ONG/BTC,1571376459089,2019-10-18T05:27:39.089Z,buy,1.691e-05,945.0,0.01597995
ONG/BTC,1571376499900,2019-10-18T05:28:19.900Z,buy,1.691e-05,15.0,0.00025365
ONG/BTC,1571376709189,2019-10-18T05:31:49.189Z,buy,1.691e-05,6.0,0.00010146
ONG/BTC,1571376709189,2019-10-18T05:31:49.189Z,buy,1.692e-05,6.0,0.00010152
ONG/BTC,1571376709189,2019-10-18T05:31:49.189Z,buy,1.696e-05,572.0,0.00970112
ONG/BTC,1571376713387,2019-10-18T05:31:53.387Z,buy,1.696e-05,329.0,0.00557984
ONG/BTC,1571376739794,2019-10-18T05:32:19.794Z,buy,1.697e-05,1856.0,0.0314963199999999
ONG/BTC,1571376753090,2019-10-18T05:32:33.090Z,buy,1.699e-05,441.0,0.00749259
ONG/BTC,1571376794588,2019-10-18T05:33:14.588Z,buy,1.699e-05,149.0,0.00253151
ONG/BTC,1571376794588,2019-10-18T05:33:14.588Z,buy,1.7e-05,451.0,0.007667
ONG/BTC,1571376829095,2019-10-18T05:33:49.095Z,buy,1.7e-05,149.0,0.002533
ONG/BTC,1571376829095,2019-10-18T05:33:49.095Z,buy,1.702e-05,524.0,0.00891848
ONG/BTC,1571376839840,2019-10-18T05:33:59.840Z,buy,1.702e-05,206.0,0.0035061199999999
ONG/BTC,1571376848868,2019-10-18T05:34:08.868Z,buy,1.702e-05,2137.0,0.03637174
ONG/BTC,1571376913788,2019-10-18T05:35:13.788Z,buy,1.702e-05,1104.0,0.01879008
ONG/BTC,1571377063572,2019-10-18T05:37:43.572Z,sell,1.695e-05,34.0,0.0005763
ONG/BTC,1571377173537,2019-10-18T05:39:33.537Z,sell,1.695e-05,54.0,0.0009153
ONG/BTC,1571377173537,2019-10-18T05:39:33.537Z,sell,1.692e-05,296.0,0.00500832
ONG/BTC,1571377222813,2019-10-18T05:40:22.813Z,sell,1.696e-05,168.0,0.00284928
ONG/BTC,1571377223434,2019-10-18T05:40:23.434Z,buy,1.699e-05,239.0,0.00406061
ONG/BTC,1571377225419,2019-10-18T05:40:25.419Z,sell,1.698e-05,88.0,0.00149424
ONG/BTC,1571377226717,2019-10-18T05:40:26.717Z,sell,1.698e-05,74.0,0.00125652
ONG/BTC,1571377227918,2019-10-18T05:40:27.918Z,sell,1.698e-05,63.0,0.00106974
ONG/BTC,1571377242256,2019-10-18T05:40:42.256Z,sell,1.697e-05,41.0,0.00069577
ONG/BTC,1571377266717,2019-10-18T05:41:06.717Z,buy,1.699e-05,730.0,0.0124027
ONG/BTC,1571377266721,2019-10-18T05:41:06.721Z,buy,1.699e-05,56.0,0.00095144
ONG/BTC,1571377266748,2019-10-18T05:41:06.748Z,sell,1.699e-05,174.0,0.00295626
ONG/BTC,1571377268230,2019-10-18T05:41:08.230Z,sell,1.699e-05,257.0,0.00436643
ONG/BTC,1571377292090,2019-10-18T05:41:32.090Z,sell,1.696e-05,7.0,0.00011872
ONG/BTC,1571377292090,2019-10-18T05:41:32.090Z,sell,1.694e-05,18.0,0.00030492
ONG/BTC,1571377316197,2019-10-18T05:41:56.197Z,sell,1.693e-05,112.0,0.0018961599999999
ONG/BTC,1571377316197,2019-10-18T05:41:56.197Z,sell,1.693e-05,112.0,0.0018961599999999
ONG/BTC,1571377584352,2019-10-18T05:46:24.352Z,buy,1.7e-05,21.0,0.000357
ONG/BTC,1571377584988,2019-10-18T05:46:24.988Z,buy,1.7e-05,21.0,0.000357
ONG/BTC,1571377603080,2019-10-18T05:46:43.080Z,sell,1.698e-05,9.0,0.00015282
ONG/BTC,1571377603080,2019-10-18T05:46:43.080Z,sell,1.697e-05,9.0,0.0001527299999999
ONG/BTC,1571377627679,2019-10-18T05:47:07.679Z,sell,1.695e-05,9.0,0.00015255
ONG/BTC,1571377627679,2019-10-18T05:47:07.679Z,sell,1.692e-05,324.0,0.00548208
ONG/BTC,1571377664551,2019-10-18T05:47:44.551Z,sell,1.691e-05,202.0,0.00341582
ONG/BTC,1571377664551,2019-10-18T05:47:44.551Z,sell,1.69e-05,11.0,0.0001859
ONG/BTC,1571377664551,2019-10-18T05:47:44.551Z,sell,1.689e-05,873.0,0.01474497
ONG/BTC,1571377664551,2019-10-18T05:47:44.551Z,sell,1.688e-05,1835.0,0.0309748
ONG/BTC,1571377669693,2019-10-18T05:47:49.693Z,sell,1.689e-05,202.0,0.0034117799999999
ONG/BTC,1571377669693,2019-10-18T05:47:49.693Z,sell,1.688e-05,87.0,0.00146856
ONG/BTC,1571377682536,2019-10-18T05:48:02.536Z,buy,1.695e-05,91.0,0.00154245
ONG/BTC,1571377749598,2019-10-18T05:49:09.598Z,sell,1.692e-05,156.0,0.00263952
ONG/BTC,1571377998845,2019-10-18T05:53:18.845Z,buy,1.696e-05,14.0,0.00023744
ONG/BTC,1571378542870,2019-10-18T06:02:22.870Z,buy,1.696e-05,522.0,0.00885312
ONG/BTC,1571378664758,2019-10-18T06:04:24.758Z,buy,1.696e-05,40.0,0.0006784
ONG/BTC,1571378665087,2019-10-18T06:04:25.087Z,buy,1.697e-05,117.0,0.00198549
ONG/BTC,1571378675519,2019-10-18T06:04:35.519Z,buy,1.697e-05,28.0,0.0004751599999999
ONG/BTC,1571378698441,2019-10-18T06:04:58.441Z,buy,1.697e-05,839.0,0.0142378299999999
ONG/BTC,1571379104209,2019-10-18T06:11:44.209Z,sell,1.688e-05,2262.0,0.03818256
ONG/BTC,1571379104209,2019-10-18T06:11:44.209Z,sell,1.686e-05,1279.0,0.02156394
ONG/BTC,1571379168713,2019-10-18T06:12:48.713Z,sell,1.687e-05,6.0,0.00010122
ONG/BTC,1571379168713,2019-10-18T06:12:48.713Z,sell,1.685e-05,39.0,0.00065715
ONG/BTC,1571380044965,2019-10-18T06:27:24.965Z,buy,1.693e-05,2.0,3.386e-05
ONG/BTC,1571380244463,2019-10-18T06:30:44.463Z,sell,1.682e-05,40.0,0.0006728
ONG/BTC,1571380264981,2019-10-18T06:31:04.981Z,sell,1.682e-05,40.0,0.0006728
ONG/BTC,1571380264981,2019-10-18T06:31:04.981Z,sell,1.682e-05,40.0,0.0006728
ONG/BTC,1571380977362,2019-10-18T06:42:57.362Z,sell,1.682e-05,343.0,0.00576926
ONG/BTC,1571380978095,2019-10-18T06:42:58.095Z,sell,1.682e-05,86.0,0.00144652
ONG/BTC,1571380978518,2019-10-18T06:42:58.518Z,sell,1.682e-05,13.0,0.00021866
ONG/BTC,1571380978527,2019-10-18T06:42:58.527Z,sell,1.682e-05,127.0,0.00213614
ONG/BTC,1571381000045,2019-10-18T06:43:20.045Z,sell,1.682e-05,25.0,0.0004205
ONG/BTC,1571381005777,2019-10-18T06:43:25.777Z,sell,1.682e-05,25.0,0.0004205
ONG/BTC,1571381009666,2019-10-18T06:43:29.666Z,sell,1.682e-05,25.0,0.0004205
ONG/BTC,1571381056242,2019-10-18T06:44:16.242Z,sell,1.682e-05,240.0,0.0040368
ONG/BTC,1571381065776,2019-10-18T06:44:25.776Z,sell,1.682e-05,83.0,0.00139606
ONG/BTC,1571381072435,2019-10-18T06:44:32.435Z,sell,1.682e-05,54.0,0.00090828
ONG/BTC,1571381075457,2019-10-18T06:44:35.457Z,sell,1.682e-05,221.0,0.00371722
ONG/BTC,1571381091513,2019-10-18T06:44:51.513Z,sell,1.682e-05,65.0,0.0010933
ONG/BTC,1571381095431,2019-10-18T06:44:55.431Z,sell,1.682e-05,62.0,0.00104284
ONG/BTC,1571381152549,2019-10-18T06:45:52.549Z,sell,1.683e-05,63.0,0.00106029
ONG/BTC,1571381152549,2019-10-18T06:45:52.549Z,sell,1.682e-05,141.0,0.00237162
ONG/BTC,1571381171380,2019-10-18T06:46:11.380Z,sell,1.682e-05,20.0,0.0003364
ONG/BTC,1571381174392,2019-10-18T06:46:14.392Z,sell,1.682e-05,45.0,0.0007569
ONG/BTC,1571381183857,2019-10-18T06:46:23.857Z,sell,1.682e-05,20.0,0.0003364
ONG/BTC,1571381186842,2019-10-18T06:46:26.842Z,sell,1.682e-05,45.0,0.0007569
ONG/BTC,1571381196333,2019-10-18T06:46:36.333Z,sell,1.682e-05,44.0,0.00074008
ONG/BTC,1571381196333,2019-10-18T06:46:36.333Z,sell,1.68e-05,1.0,1.68e-05
ONG/BTC,1571381199341,2019-10-18T06:46:39.341Z,sell,1.68e-05,10.0,0.000168
ONG/BTC,1571381199341,2019-10-18T06:46:39.341Z,sell,1.677e-05,10.0,0.0001677
ONG/BTC,1571381199611,2019-10-18T06:46:39.611Z,sell,1.677e-05,2877.0,0.04824729
ONG/BTC,1571381199611,2019-10-18T06:46:39.611Z,sell,1.676e-05,500.0,0.0083799999999999
ONG/BTC,1571381199611,2019-10-18T06:46:39.611Z,sell,1.674e-05,771.0,0.01290654
ONG/BTC,1571381205415,2019-10-18T06:46:45.415Z,sell,1.677e-05,173.0,0.00290121
ONG/BTC,1571381247745,2019-10-18T06:47:27.745Z,sell,1.677e-05,362.0,0.00607074
ONG/BTC,1571381340643,2019-10-18T06:49:00.643Z,sell,1.677e-05,83.0,0.00139191
ONG/BTC,1571381341826,2019-10-18T06:49:01.826Z,sell,1.677e-05,156.0,0.00261612
ONG/BTC,1571381406925,2019-10-18T06:50:06.925Z,sell,1.678e-05,126.0,0.0021142799999999
ONG/BTC,1571381418538,2019-10-18T06:50:18.538Z,sell,1.678e-05,61.0,0.0010235799999999
ONG/BTC,1571381418538,2019-10-18T06:50:18.538Z,sell,1.677e-05,422.0,0.00707694
ONG/BTC,1571381418538,2019-10-18T06:50:18.538Z,sell,1.676e-05,754.0,0.0126370399999999
ONG/BTC,1571381422533,2019-10-18T06:50:22.533Z,sell,1.677e-05,61.0,0.00102297
ONG/BTC,1571381428475,2019-10-18T06:50:28.475Z,buy,1.683e-05,61.0,0.00102663
ONG/BTC,1571381473462,2019-10-18T06:51:13.462Z,buy,1.684e-05,20.0,0.0003368
ONG/BTC,1571381499523,2019-10-18T06:51:39.523Z,buy,1.684e-05,577.0,0.00971668
ONG/BTC,1571382225090,2019-10-18T07:03:45.090Z,buy,1.684e-05,119.0,0.00200396
ONG/BTC,1571382385412,2019-10-18T07:06:25.412Z,buy,1.684e-05,2.0,3.368e-05
ONG/BTC,1571382492560,2019-10-18T07:08:12.560Z,buy,1.684e-05,56.0,0.00094304
ONG/BTC,1571382492560,2019-10-18T07:08:12.560Z,buy,1.687e-05,247.0,0.0041668899999999
ONG/BTC,1571382748065,2019-10-18T07:12:28.065Z,buy,1.687e-05,6.0,0.00010122
ONG/BTC,1571382748065,2019-10-18T07:12:28.065Z,buy,1.688e-05,354.0,0.00597552
ONG/BTC,1571382989364,2019-10-18T07:16:29.364Z,buy,1.688e-05,6.0,0.00010128
ONG/BTC,1571382989364,2019-10-18T07:16:29.364Z,buy,1.689e-05,343.0,0.00579327
ONG/BTC,1571382989364,2019-10-18T07:16:29.364Z,buy,1.688e-05,6.0,0.00010128
ONG/BTC,1571382989364,2019-10-18T07:16:29.364Z,buy,1.689e-05,343.0,0.00579327
ONG/BTC,1571384461398,2019-10-18T07:41:01.398Z,sell,1.68e-05,78.0,0.0013104
ONG/BTC,1571384461398,2019-10-18T07:41:01.398Z,sell,1.679e-05,671.0,0.01126609
ONG/BTC,1571384461398,2019-10-18T07:41:01.398Z,sell,1.678e-05,350.0,0.005873
ONG/BTC,1571384461398,2019-10-18T07:41:01.398Z,sell,1.677e-05,477.0,0.00799929
ONG/BTC,1571384546343,2019-10-18T07:42:26.343Z,sell,1.678e-05,13.0,0.0002181399999999
ONG/BTC,1571384771814,2019-10-18T07:46:11.814Z,buy,1.684e-05,657.0,0.01106388
ONG/BTC,1571384870629,2019-10-18T07:47:50.629Z,buy,1.684e-05,153.0,0.00257652
ONG/BTC,1571384870949,2019-10-18T07:47:50.949Z,sell,1.684e-05,632.0,0.01064288
ONG/BTC,1571384872354,2019-10-18T07:47:52.354Z,sell,1.685e-05,70.0,0.0011795
ONG/BTC,1571385096686,2019-10-18T07:51:36.686Z,buy,1.688e-05,350.0,0.005908
ONG/BTC,1571385096802,2019-10-18T07:51:36.802Z,sell,1.688e-05,545.0,0.0091996
ONG/BTC,1571385096861,2019-10-18T07:51:36.861Z,sell,1.677e-05,175.0,0.00293475
ONG/BTC,1571385105738,2019-10-18T07:51:45.738Z,buy,1.689e-05,200.0,0.003378
ONG/BTC,1571385105747,2019-10-18T07:51:45.747Z,buy,1.689e-05,125.0,0.00211125
ONG/BTC,1571385519953,2019-10-18T07:58:39.953Z,sell,1.687e-05,30.0,0.0005061
ONG/BTC,1571385605397,2019-10-18T08:00:05.397Z,buy,1.689e-05,747.0,0.0126168299999999
ONG/BTC,1571385620062,2019-10-18T08:00:20.062Z,buy,1.69e-05,2.0,3.38e-05
ONG/BTC,1571385993798,2019-10-18T08:06:33.798Z,buy,1.69e-05,9.0,0.0001521
ONG/BTC,1571385998510,2019-10-18T08:06:38.510Z,buy,1.691e-05,685.0,0.01158335
ONG/BTC,1571386005874,2019-10-18T08:06:45.874Z,buy,1.691e-05,164.0,0.0027732399999999
ONG/BTC,1571386047673,2019-10-18T08:07:27.673Z,sell,1.69e-05,395.0,0.0066755
ONG/BTC,1571386115459,2019-10-18T08:08:35.459Z,buy,1.691e-05,406.0,0.0068654599999999
ONG/BTC,1571386181101,2019-10-18T08:09:41.101Z,buy,1.691e-05,354.0,0.00598614
ONG/BTC,1571386386832,2019-10-18T08:13:06.832Z,sell,1.688e-05,9.0,0.00015192
ONG/BTC,1571386386832,2019-10-18T08:13:06.832Z,sell,1.687e-05,374.0,0.00630938
ONG/BTC,1571386386832,2019-10-18T08:13:06.832Z,sell,1.686e-05,21.0,0.00035406
ONG/BTC,1571386386832,2019-10-18T08:13:06.832Z,sell,1.684e-05,2875.0,0.048415
ONG/BTC,1571386386865,2019-10-18T08:13:06.865Z,buy,1.684e-05,89.0,0.00149876
ONG/BTC,1571386386888,2019-10-18T08:13:06.888Z,sell,1.681e-05,201.0,0.00337881
ONG/BTC,1571386387012,2019-10-18T08:13:07.012Z,buy,1.683e-05,443.0,0.00745569
ONG/BTC,1571386387028,2019-10-18T08:13:07.028Z,sell,1.68e-05,11.0,0.0001848
ONG/BTC,1571386395884,2019-10-18T08:13:15.884Z,buy,1.681e-05,2557.0,0.04298317
ONG/BTC,1571386405557,2019-10-18T08:13:25.557Z,sell,1.679e-05,262.0,0.00439898
ONG/BTC,1571386405557,2019-10-18T08:13:25.557Z,sell,1.677e-05,1003.0,0.01682031
ONG/BTC,1571386405557,2019-10-18T08:13:25.557Z,sell,1.676e-05,512.0,0.00858112
ONG/BTC,1571386405557,2019-10-18T08:13:25.557Z,sell,1.675e-05,4300.0,0.072025
ONG/BTC,1571386405582,2019-10-18T08:13:25.582Z,sell,1.674e-05,427.0,0.00714798
ONG/BTC,1571386405585,2019-10-18T08:13:25.585Z,buy,1.675e-05,140.0,0.002345
ONG/BTC,1571386405587,2019-10-18T08:13:25.587Z,buy,1.675e-05,89.0,0.00149075
ONG/BTC,1571386405592,2019-10-18T08:13:25.592Z,buy,1.675e-05,86.0,0.0014405
ONG/BTC,1571386405626,2019-10-18T08:13:25.626Z,sell,1.673e-05,644.0,0.01077412
ONG/BTC,1571386405669,2019-10-18T08:13:25.669Z,buy,1.675e-05,40.0,0.00067
ONG/BTC,1571386405728,2019-10-18T08:13:25.728Z,buy,1.675e-05,11260.0,0.188605
ONG/BTC,1571386405916,2019-10-18T08:13:25.916Z,buy,1.675e-05,599.0,0.01003325
ONG/BTC,1571386406029,2019-10-18T08:13:26.029Z,buy,1.675e-05,183.0,0.00306525
ONG/BTC,1571386406072,2019-10-18T08:13:26.072Z,buy,1.675e-05,41.0,0.00068675
ONG/BTC,1571386406097,2019-10-18T08:13:26.097Z,buy,1.675e-05,1484.0,0.024857
ONG/BTC,1571386406279,2019-10-18T08:13:26.279Z,buy,1.674e-05,54.0,0.00090396
ONG/BTC,1571386406310,2019-10-18T08:13:26.310Z,buy,1.674e-05,100.0,0.001674
ONG/BTC,1571386406356,2019-10-18T08:13:26.356Z,buy,1.674e-05,32.0,0.00053568
ONG/BTC,1571386406420,2019-10-18T08:13:26.420Z,buy,1.674e-05,221.0,0.00369954
ONG/BTC,1571386406572,2019-10-18T08:13:26.572Z,buy,1.674e-05,597.0,0.0099937799999999
ONG/BTC,1571386406572,2019-10-18T08:13:26.572Z,buy,1.675e-05,10663.0,0.17860525
ONG/BTC,1571386406668,2019-10-18T08:13:26.668Z,buy,1.675e-05,1662.0,0.0278385
ONG/BTC,1571386406917,2019-10-18T08:13:26.917Z,buy,1.675e-05,1630.0,0.0273025
ONG/BTC,1571386407082,2019-10-18T08:13:27.082Z,buy,1.675e-05,183.0,0.00306525
ONG/BTC,1571386407248,2019-10-18T08:13:27.248Z,buy,1.675e-05,300.0,0.005025
ONG/BTC,1571386408737,2019-10-18T08:13:28.737Z,buy,1.675e-05,300.0,0.005025
ONG/BTC,1571386410810,2019-10-18T08:13:30.810Z,buy,1.675e-05,149.0,0.00249575
ONG/BTC,1571386414035,2019-10-18T08:13:34.035Z,buy,1.675e-05,306.0,0.0051255
ONG/BTC,1571386414313,2019-10-18T08:13:34.313Z,buy,1.675e-05,121.0,0.00202675
ONG/BTC,1571386414318,2019-10-18T08:13:34.318Z,buy,1.675e-05,89.0,0.00149075
ONG/BTC,1571386416036,2019-10-18T08:13:36.036Z,buy,1.675e-05,65.0,0.00108875
ONG/BTC,1571386417300,2019-10-18T08:13:37.300Z,buy,1.675e-05,116.0,0.001943
ONG/BTC,1571386431454,2019-10-18T08:13:51.454Z,sell,1.673e-05,39.0,0.00065247
ONG/BTC,1571386433967,2019-10-18T08:13:53.967Z,buy,1.675e-05,334.0,0.0055945
ONG/BTC,1571386437002,2019-10-18T08:13:57.002Z,buy,1.675e-05,301.0,0.00504175
ONG/BTC,1571386437428,2019-10-18T08:13:57.428Z,buy,1.675e-05,67.0,0.00112225
ONG/BTC,1571386452084,2019-10-18T08:14:12.084Z,buy,1.675e-05,169.0,0.00283075
ONG/BTC,1571386459601,2019-10-18T08:14:19.601Z,buy,1.675e-05,617.0,0.01033475
ONG/BTC,1571386473047,2019-10-18T08:14:33.047Z,buy,1.674e-05,69.0,0.0011550599999999
ONG/BTC,1571386474975,2019-10-18T08:14:34.975Z,buy,1.674e-05,69.0,0.0011550599999999
ONG/BTC,1571386476132,2019-10-18T08:14:36.132Z,buy,1.674e-05,48.0,0.00080352
ONG/BTC,1571386507157,2019-10-18T08:15:07.157Z,buy,1.674e-05,45.0,0.0007532999999999
ONG/BTC,1571386507473,2019-10-18T08:15:07.473Z,buy,1.674e-05,6.0,0.00010044
ONG/BTC,1571386524130,2019-10-18T08:15:24.130Z,sell,1.67e-05,11.0,0.0001837
ONG/BTC,1571386524130,2019-10-18T08:15:24.130Z,sell,1.668e-05,144.0,0.00240192
ONG/BTC,1571386531621,2019-10-18T08:15:31.621Z,sell,1.669e-05,92.0,0.00153548
ONG/BTC,1571386531621,2019-10-18T08:15:31.621Z,sell,1.668e-05,583.0,0.0097244399999999
ONG/BTC,1571386556285,2019-10-18T08:15:56.285Z,sell,1.668e-05,205.0,0.0034194
ONG/BTC,1571386556685,2019-10-18T08:15:56.685Z,sell,1.668e-05,54.0,0.0009007199999999
ONG/BTC,1571386556685,2019-10-18T08:15:56.685Z,sell,1.665e-05,413.0,0.00687645
ONG/BTC,1571386569060,2019-10-18T08:16:09.060Z,sell,1.666e-05,68.0,0.00113288
ONG/BTC,1571386570919,2019-10-18T08:16:10.919Z,sell,1.667e-05,56.0,0.00093352
ONG/BTC,1571386580905,2019-10-18T08:16:20.905Z,buy,1.674e-05,705.0,0.0118017
ONG/BTC,1571386580905,2019-10-18T08:16:20.905Z,buy,1.677e-05,206.0,0.00345462
ONG/BTC,1571386580905,2019-10-18T08:16:20.905Z,buy,1.678e-05,209.0,0.0035070199999999
ONG/BTC,1571386583507,2019-10-18T08:16:23.507Z,buy,1.679e-05,24.0,0.00040296
ONG/BTC,1571386583507,2019-10-18T08:16:23.507Z,buy,1.68e-05,11.0,0.0001848
ONG/BTC,1571386583507,2019-10-18T08:16:23.507Z,buy,1.681e-05,24.0,0.00040344
ONG/BTC,1571386584151,2019-10-18T08:16:24.151Z,sell,1.67e-05,60.0,0.0010019999999999
ONG/BTC,1571386587707,2019-10-18T08:16:27.707Z,sell,1.671e-05,38.0,0.00063498
ONG/BTC,1571386587707,2019-10-18T08:16:27.707Z,sell,1.671e-05,38.0,0.00063498
ONG/BTC,1571386590312,2019-10-18T08:16:30.312Z,sell,1.671e-05,42.0,0.00070182
ONG/BTC,1571386590312,2019-10-18T08:16:30.312Z,sell,1.67e-05,11.0,0.0001837
ONG/BTC,1571386590312,2019-10-18T08:16:30.312Z,sell,1.666e-05,15.0,0.0002499
ONG/BTC,1571386591371,2019-10-18T08:16:31.371Z,sell,1.672e-05,43.0,0.0007189599999999
ONG/BTC,1571386837162,2019-10-18T08:20:37.162Z,buy,1.669e-05,25.0,0.00041725
ONG/BTC,1571386837162,2019-10-18T08:20:37.162Z,buy,1.67e-05,55.0,0.0009184999999999
ONG/BTC,1571386858965,2019-10-18T08:20:58.965Z,buy,1.67e-05,72.0,0.0012024
ONG/BTC,1571386928070,2019-10-18T08:22:08.070Z,buy,1.67e-05,37.0,0.0006179
ONG/BTC,1571386928070,2019-10-18T08:22:08.070Z,buy,1.674e-05,163.0,0.0027286199999999
ONG/BTC,1571387797009,2019-10-18T08:36:37.009Z,buy,1.674e-05,399.0,0.0066792599999999
ONG/BTC,1571387797021,2019-10-18T08:36:37.021Z,buy,1.674e-05,27.0,0.00045198
ONG/BTC,1571387797030,2019-10-18T08:36:37.030Z,buy,1.676e-05,45.0,0.0007541999999999
ONG/BTC,1571387797030,2019-10-18T08:36:37.030Z,buy,1.677e-05,35.0,0.00058695
ONG/BTC,1571387797030,2019-10-18T08:36:37.030Z,buy,1.678e-05,263.0,0.0044131399999999
ONG/BTC,1571387797140,2019-10-18T08:36:37.140Z,sell,1.675e-05,325.0,0.00544375
ONG/BTC,1571387797484,2019-10-18T08:36:37.484Z,sell,1.675e-05,76.0,0.001273
ONG/BTC,1571387833807,2019-10-18T08:37:13.807Z,sell,1.668e-05,47.0,0.00078396
ONG/BTC,1571387988818,2019-10-18T08:39:48.818Z,sell,1.668e-05,6.0,0.00010008
ONG/BTC,1571388484559,2019-10-18T08:48:04.559Z,sell,1.668e-05,6.0,0.00010008
ONG/BTC,1571388484559,2019-10-18T08:48:04.559Z,sell,1.666e-05,203.0,0.00338198
ONG/BTC,1571388484559,2019-10-18T08:48:04.559Z,sell,1.664e-05,541.0,0.00900224
ONG/BTC,1571388484559,2019-10-18T08:48:04.559Z,sell,1.663e-05,1.0,1.663e-05
ONG/BTC,1571388484559,2019-10-18T08:48:04.559Z,sell,1.662e-05,598.0,0.00993876
ONG/BTC,1571388484559,2019-10-18T08:48:04.559Z,sell,1.66e-05,315.0,0.005229
ONG/BTC,1571388484949,2019-10-18T08:48:04.949Z,sell,1.666e-05,202.0,0.0033653199999999
ONG/BTC,1571388484949,2019-10-18T08:48:04.949Z,sell,1.666e-05,1.0,1.666e-05
ONG/BTC,1571388485039,2019-10-18T08:48:05.039Z,buy,1.662e-05,203.0,0.00337386
ONG/BTC,1571388485088,2019-10-18T08:48:05.088Z,sell,1.66e-05,214.0,0.0035524
ONG/BTC,1571388485283,2019-10-18T08:48:05.283Z,sell,1.66e-05,232.0,0.0038512
ONG/BTC,1571388485601,2019-10-18T08:48:05.601Z,buy,1.664e-05,61.0,0.00101504
ONG/BTC,1571388486483,2019-10-18T08:48:06.483Z,buy,1.664e-05,42.0,0.00069888
ONG/BTC,1571388486543,2019-10-18T08:48:06.543Z,buy,1.662e-05,343.0,0.00570066
ONG/BTC,1571388486984,2019-10-18T08:48:06.984Z,buy,1.664e-05,40.0,0.0006656
ONG/BTC,1571388487330,2019-10-18T08:48:07.330Z,sell,1.66e-05,87.0,0.0014442
ONG/BTC,1571388487385,2019-10-18T08:48:07.385Z,sell,1.66e-05,82.0,0.0013612
ONG/BTC,1571388489153,2019-10-18T08:48:09.153Z,buy,1.664e-05,42.0,0.00069888
ONG/BTC,1571388491090,2019-10-18T08:48:11.090Z,buy,1.664e-05,18.0,0.00029952
ONG/BTC,1571388491090,2019-10-18T08:48:11.090Z,buy,1.67e-05,192.0,0.0032064
ONG/BTC,1571388524102,2019-10-18T08:48:44.102Z,sell,1.662e-05,69.0,0.00114678
ONG/BTC,1571388524102,2019-10-18T08:48:44.102Z,sell,1.66e-05,51.0,0.0008466
ONG/BTC,1571388535201,2019-10-18T08:48:55.201Z,sell,1.661e-05,660.0,0.0109626
ONG/BTC,1571388535201,2019-10-18T08:48:55.201Z,sell,1.66e-05,226.0,0.0037516
ONG/BTC,1571388535201,2019-10-18T08:48:55.201Z,sell,1.659e-05,164.0,0.0027207599999999
ONG/BTC,1571388535201,2019-10-18T08:48:55.201Z,sell,1.658e-05,136.0,0.00225488
ONG/BTC,1571388535201,2019-10-18T08:48:55.201Z,sell,1.657e-05,4283.0,0.07096931
ONG/BTC,1571388535201,2019-10-18T08:48:55.201Z,sell,1.656e-05,7.0,0.00011592
ONG/BTC,1571388535201,2019-10-18T08:48:55.201Z,sell,1.654e-05,1220.0,0.0201788
ONG/BTC,1571388535201,2019-10-18T08:48:55.201Z,sell,1.65e-05,676.0,0.011154
ONG/BTC,1571388535201,2019-10-18T08:48:55.201Z,sell,1.649e-05,75.0,0.00123675
ONG/BTC,1571388535201,2019-10-18T08:48:55.201Z,sell,1.647e-05,1050.0,0.0172935
ONG/BTC,1571388535201,2019-10-18T08:48:55.201Z,sell,1.645e-05,1109.0,0.01824305
ONG/BTC,1571388535201,2019-10-18T08:48:55.201Z,sell,1.645e-05,104.0,0.0017108
ONG/BTC,1571388535201,2019-10-18T08:48:55.201Z,sell,1.642e-05,42.0,0.0006896399999999
ONG/BTC,1571388535201,2019-10-18T08:48:55.201Z,sell,1.641e-05,176.0,0.00288816
ONG/BTC,1571388535221,2019-10-18T08:48:55.221Z,buy,1.649e-05,484.0,0.00798116
ONG/BTC,1571388535223,2019-10-18T08:48:55.223Z,buy,1.649e-05,485.0,0.00799765
ONG/BTC,1571388535223,2019-10-18T08:48:55.223Z,buy,1.649e-05,485.0,0.00799765
ONG/BTC,1571388535224,2019-10-18T08:48:55.224Z,buy,1.649e-05,485.0,0.00799765
ONG/BTC,1571388535224,2019-10-18T08:48:55.224Z,buy,1.649e-05,428.0,0.00705772
ONG/BTC,1571388535225,2019-10-18T08:48:55.225Z,buy,1.649e-05,485.0,0.00799765
ONG/BTC,1571388535226,2019-10-18T08:48:55.226Z,buy,1.649e-05,189.0,0.00311661
ONG/BTC,1571388535227,2019-10-18T08:48:55.227Z,buy,1.649e-05,485.0,0.00799765
ONG/BTC,1571388535227,2019-10-18T08:48:55.227Z,buy,1.649e-05,485.0,0.00799765
ONG/BTC,1571388535227,2019-10-18T08:48:55.227Z,buy,1.649e-05,485.0,0.00799765
ONG/BTC,1571388535230,2019-10-18T08:48:55.230Z,buy,1.649e-05,485.0,0.00799765
ONG/BTC,1571388535230,2019-10-18T08:48:55.230Z,buy,1.649e-05,444.0,0.0073215599999999
ONG/BTC,1571388535233,2019-10-18T08:48:55.233Z,buy,1.649e-05,485.0,0.00799765
ONG/BTC,1571388535234,2019-10-18T08:48:55.234Z,buy,1.649e-05,428.0,0.00705772
ONG/BTC,1571388535235,2019-10-18T08:48:55.235Z,buy,1.649e-05,428.0,0.00705772
ONG/BTC,1571388535240,2019-10-18T08:48:55.240Z,buy,1.649e-05,531.0,0.00875619
ONG/BTC,1571388535245,2019-10-18T08:48:55.245Z,buy,1.649e-05,628.0,0.01035572
ONG/BTC,1571388535281,2019-10-18T08:48:55.281Z,sell,1.646e-05,1617.0,0.02661582
ONG/BTC,1571388535294,2019-10-18T08:48:55.294Z,sell,1.646e-05,481.0,0.00791726
ONG/BTC,1571388535343,2019-10-18T08:48:55.343Z,buy,1.649e-05,609.0,0.01004241
ONG/BTC,1571388535354,2019-10-18T08:48:55.354Z,buy,1.649e-05,7277.0,0.11999773
ONG/BTC,1571388535354,2019-10-18T08:48:55.354Z,buy,1.65e-05,485.0,0.0080025
ONG/BTC,1571388535354,2019-10-18T08:48:55.354Z,buy,1.669e-05,677.0,0.01129913
ONG/BTC,1571388535354,2019-10-18T08:48:55.354Z,buy,1.67e-05,11.0,0.0001837
ONG/BTC,1571388535354,2019-10-18T08:48:55.354Z,buy,1.673e-05,2810.0,0.0470113
ONG/BTC,1571388536041,2019-10-18T08:48:56.041Z,sell,1.657e-05,14.0,0.0002319799999999
ONG/BTC,1571388536068,2019-10-18T08:48:56.068Z,sell,1.657e-05,291.0,0.00482187
ONG/BTC,1571388538007,2019-10-18T08:48:58.007Z,buy,1.661e-05,25.0,0.00041525
ONG/BTC,1571388538007,2019-10-18T08:48:58.007Z,buy,1.666e-05,3355.0,0.0558943
ONG/BTC,1571388542007,2019-10-18T08:49:02.007Z,sell,1.655e-05,608.0,0.0100623999999999
ONG/BTC,1571388544371,2019-10-18T08:49:04.371Z,buy,1.665e-05,303.0,0.00504495
ONG/BTC,1571388544600,2019-10-18T08:49:04.600Z,sell,1.656e-05,303.0,0.00501768
ONG/BTC,1571388544600,2019-10-18T08:49:04.600Z,sell,1.655e-05,256.0,0.0042368
ONG/BTC,1571388547084,2019-10-18T08:49:07.084Z,buy,1.666e-05,1471.0,0.02450686
ONG/BTC,1571388547602,2019-10-18T08:49:07.602Z,buy,1.666e-05,442.0,0.00736372
ONG/BTC,1571388547602,2019-10-18T08:49:07.602Z,buy,1.667e-05,198.0,0.00330066
ONG/BTC,1571388547602,2019-10-18T08:49:07.602Z,buy,1.668e-05,2893.0,0.04825524
ONG/BTC,1571388550724,2019-10-18T08:49:10.724Z,sell,1.657e-05,120.0,0.0019884
ONG/BTC,1571388566221,2019-10-18T08:49:26.221Z,buy,1.668e-05,300.0,0.005004
ONG/BTC,1571388568254,2019-10-18T08:49:28.254Z,buy,1.668e-05,14.0,0.00023352
ONG/BTC,1571388571831,2019-10-18T08:49:31.831Z,sell,1.666e-05,200.0,0.003332
ONG/BTC,1571388571843,2019-10-18T08:49:31.843Z,sell,1.666e-05,193.0,0.00321538
ONG/BTC,1571388571858,2019-10-18T08:49:31.858Z,sell,1.666e-05,97.0,0.00161602
ONG/BTC,1571388571888,2019-10-18T08:49:31.888Z,sell,1.666e-05,78.0,0.00129948
ONG/BTC,1571388571901,2019-10-18T08:49:31.901Z,sell,1.666e-05,22.0,0.00036652
ONG/BTC,1571388582410,2019-10-18T08:49:42.410Z,buy,1.668e-05,33.0,0.00055044
ONG/BTC,1571388621922,2019-10-18T08:50:21.922Z,sell,1.662e-05,74.0,0.00122988
ONG/BTC,1571388623227,2019-10-18T08:50:23.227Z,sell,1.662e-05,148.0,0.00245976
ONG/BTC,1571388624420,2019-10-18T08:50:24.420Z,sell,1.661e-05,97.0,0.0016111699999999
ONG/BTC,1571388628911,2019-10-18T08:50:28.911Z,sell,1.66e-05,7.0,0.0001162
ONG/BTC,1571388641327,2019-10-18T08:50:41.327Z,sell,1.66e-05,184.0,0.0030544
ONG/BTC,1571388642403,2019-10-18T08:50:42.403Z,sell,1.659e-05,7.0,0.0001161299999999
ONG/BTC,1571388655918,2019-10-18T08:50:55.918Z,buy,1.662e-05,2.0,3.324e-05
ONG/BTC,1571388663090,2019-10-18T08:51:03.090Z,buy,1.662e-05,23.0,0.00038226
ONG/BTC,1571388663090,2019-10-18T08:51:03.090Z,buy,1.663e-05,20.0,0.0003325999999999
ONG/BTC,1571388668837,2019-10-18T08:51:08.837Z,buy,1.664e-05,963.0,0.01602432
ONG/BTC,1571388676089,2019-10-18T08:51:16.089Z,buy,1.663e-05,150.0,0.0024944999999999
ONG/BTC,1571388697248,2019-10-18T08:51:37.248Z,buy,1.663e-05,2.0,3.326e-05
ONG/BTC,1571388752678,2019-10-18T08:52:32.678Z,buy,1.662e-05,25.0,0.0004155
ONG/BTC,1571388752678,2019-10-18T08:52:32.678Z,buy,1.663e-05,275.0,0.0045732499999999
ONG/BTC,1571388755016,2019-10-18T08:52:35.016Z,buy,1.663e-05,264.0,0.00439032
ONG/BTC,1571388755028,2019-10-18T08:52:35.028Z,buy,1.664e-05,158.0,0.00262912
ONG/BTC,1571388755055,2019-10-18T08:52:35.055Z,buy,1.664e-05,363.0,0.00604032
ONG/BTC,1571388755078,2019-10-18T08:52:35.078Z,buy,1.664e-05,217.0,0.00361088
ONG/BTC,1571388755224,2019-10-18T08:52:35.224Z,buy,1.664e-05,90.0,0.0014976
ONG/BTC,1571388755249,2019-10-18T08:52:35.249Z,buy,1.664e-05,91.0,0.00151424
ONG/BTC,1571388755333,2019-10-18T08:52:35.333Z,buy,1.664e-05,100.0,0.001664
ONG/BTC,1571388755426,2019-10-18T08:52:35.426Z,buy,1.664e-05,186.0,0.00309504
ONG/BTC,1571388762085,2019-10-18T08:52:42.085Z,buy,1.664e-05,1493.0,0.02484352
ONG/BTC,1571388765514,2019-10-18T08:52:45.514Z,buy,1.664e-05,459.0,0.00763776
ONG/BTC,1571388765849,2019-10-18T08:52:45.849Z,buy,1.664e-05,459.0,0.00763776
ONG/BTC,1571388766088,2019-10-18T08:52:46.088Z,buy,1.664e-05,328.0,0.00545792
ONG/BTC,1571388776357,2019-10-18T08:52:56.357Z,buy,1.665e-05,2.0,3.33e-05
ONG/BTC,1571388788321,2019-10-18T08:53:08.321Z,buy,1.665e-05,495.0,0.00824175
ONG/BTC,1571388788920,2019-10-18T08:53:08.920Z,buy,1.665e-05,495.0,0.00824175
ONG/BTC,1571388841804,2019-10-18T08:54:01.804Z,buy,1.663e-05,186.0,0.0030931799999999
ONG/BTC,1571388841811,2019-10-18T08:54:01.811Z,buy,1.663e-05,237.0,0.00394131
ONG/BTC,1571388841865,2019-10-18T08:54:01.865Z,buy,1.664e-05,356.0,0.00592384
ONG/BTC,1571388842577,2019-10-18T08:54:02.577Z,buy,1.664e-05,100.0,0.001664
ONG/BTC,1571388843299,2019-10-18T08:54:03.299Z,buy,1.664e-05,100.0,0.001664
ONG/BTC,1571388844261,2019-10-18T08:54:04.261Z,buy,1.664e-05,100.0,0.001664
ONG/BTC,1571388844455,2019-10-18T08:54:04.455Z,buy,1.664e-05,100.0,0.001664
ONG/BTC,1571388845318,2019-10-18T08:54:05.318Z,buy,1.664e-05,122.0,0.00203008
ONG/BTC,1571388845590,2019-10-18T08:54:05.590Z,buy,1.664e-05,13.0,0.00021632
ONG/BTC,1571388845628,2019-10-18T08:54:05.628Z,buy,1.664e-05,133.0,0.00221312
ONG/BTC,1571388847350,2019-10-18T08:54:07.350Z,buy,1.664e-05,158.0,0.00262912
ONG/BTC,1571388847583,2019-10-18T08:54:07.583Z,buy,1.664e-05,168.0,0.00279552
ONG/BTC,1571388848635,2019-10-18T08:54:08.635Z,buy,1.664e-05,104.0,0.00173056
ONG/BTC,1571388851564,2019-10-18T08:54:11.564Z,buy,1.664e-05,20.0,0.0003328
ONG/BTC,1571388853416,2019-10-18T08:54:13.416Z,buy,1.664e-05,21.0,0.00034944
ONG/BTC,1571388856411,2019-10-18T08:54:16.411Z,buy,1.664e-05,17.0,0.00028288
ONG/BTC,1571388861268,2019-10-18T08:54:21.268Z,buy,1.664e-05,20.0,0.0003328
ONG/BTC,1571388861268,2019-10-18T08:54:21.268Z,buy,1.665e-05,17.0,0.00028305
ONG/BTC,1571388863248,2019-10-18T08:54:23.248Z,buy,1.665e-05,93.0,0.00154845
ONG/BTC,1571388864345,2019-10-18T08:54:24.345Z,buy,1.665e-05,100.0,0.001665
ONG/BTC,1571388865257,2019-10-18T08:54:25.257Z,buy,1.665e-05,18.0,0.0002997
ONG/BTC,1571388868354,2019-10-18T08:54:28.354Z,buy,1.665e-05,101.0,0.00168165
ONG/BTC,1571388874053,2019-10-18T08:54:34.053Z,buy,1.665e-05,48.0,0.0007992
ONG/BTC,1571388874221,2019-10-18T08:54:34.221Z,buy,1.665e-05,23.0,0.00038295
ONG/BTC,1571388874398,2019-10-18T08:54:34.398Z,buy,1.665e-05,19.0,0.00031635
ONG/BTC,1571389066906,2019-10-18T08:57:46.906Z,buy,1.665e-05,13.0,0.00021645
ONG/BTC,1571389066906,2019-10-18T08:57:46.906Z,buy,1.667e-05,629.0,0.01048543
ONG/BTC,1571389066930,2019-10-18T08:57:46.930Z,buy,1.667e-05,198.0,0.00330066
ONG/BTC,1571389108658,2019-10-18T08:58:28.658Z,buy,1.668e-05,99.0,0.00165132
ONG/BTC,1571389319078,2019-10-18T09:01:59.078Z,buy,1.668e-05,1674.0,0.02792232
ONG/BTC,1571389339887,2019-10-18T09:02:19.887Z,buy,1.67e-05,984.0,0.0164328
ONG/BTC,1571389366622,2019-10-18T09:02:46.622Z,sell,1.661e-05,145.0,0.00240845
ONG/BTC,1571389372275,2019-10-18T09:02:52.275Z,sell,1.665e-05,302.0,0.0050283
ONG/BTC,1571389372410,2019-10-18T09:02:52.410Z,buy,1.664e-05,302.0,0.00502528
ONG/BTC,1571389372410,2019-10-18T09:02:52.410Z,buy,1.665e-05,106.0,0.0017649
ONG/BTC,1571389372588,2019-10-18T09:02:52.588Z,sell,1.663e-05,408.0,0.0067850399999999
ONG/BTC,1571389372635,2019-10-18T09:02:52.635Z,sell,1.661e-05,64.0,0.00106304
ONG/BTC,1571389372635,2019-10-18T09:02:52.635Z,sell,1.66e-05,344.0,0.0057104
ONG/BTC,1571389372738,2019-10-18T09:02:52.738Z,sell,1.663e-05,210.0,0.0034923
ONG/BTC,1571389372751,2019-10-18T09:02:52.751Z,sell,1.663e-05,198.0,0.0032927399999999
ONG/BTC,1571389372894,2019-10-18T09:02:52.894Z,buy,1.663e-05,78.0,0.0012971399999999
ONG/BTC,1571389373061,2019-10-18T09:02:53.061Z,buy,1.663e-05,69.0,0.0011474699999999
ONG/BTC,1571389373220,2019-10-18T09:02:53.220Z,buy,1.663e-05,30.0,0.0004988999999999
ONG/BTC,1571389412395,2019-10-18T09:03:32.395Z,buy,1.666e-05,200.0,0.003332
ONG/BTC,1571389412545,2019-10-18T09:03:32.545Z,buy,1.666e-05,30.0,0.0004998
ONG/BTC,1571389412742,2019-10-18T09:03:32.742Z,buy,1.666e-05,146.0,0.00243236
ONG/BTC,1571389565705,2019-10-18T09:06:05.705Z,buy,1.665e-05,172.0,0.0028638
ONG/BTC,1571389565768,2019-10-18T09:06:05.768Z,buy,1.665e-05,157.0,0.00261405
ONG/BTC,1571389565838,2019-10-18T09:06:05.838Z,buy,1.665e-05,15.0,0.00024975
ONG/BTC,1571389565897,2019-10-18T09:06:05.897Z,buy,1.665e-05,138.0,0.0022977
ONG/BTC,1571389566898,2019-10-18T09:06:06.898Z,sell,1.665e-05,158.0,0.0026307
ONG/BTC,1571389572666,2019-10-18T09:06:12.666Z,buy,1.666e-05,76.0,0.00126616
ONG/BTC,1571389590915,2019-10-18T09:06:30.915Z,sell,1.665e-05,98.0,0.0016317
ONG/BTC,1571389590971,2019-10-18T09:06:30.971Z,sell,1.664e-05,82.0,0.00136448
ONG/BTC,1571389590971,2019-10-18T09:06:30.971Z,sell,1.663e-05,16.0,0.00026608
ONG/BTC,1571389603731,2019-10-18T09:06:43.731Z,sell,1.663e-05,151.0,0.00251113
ONG/BTC,1571389603903,2019-10-18T09:06:43.903Z,sell,1.663e-05,222.0,0.0036918599999999
ONG/BTC,1571389603948,2019-10-18T09:06:43.948Z,sell,1.662e-05,22.0,0.00036564
ONG/BTC,1571389614337,2019-10-18T09:06:54.337Z,sell,1.663e-05,339.0,0.00563757
ONG/BTC,1571389625601,2019-10-18T09:07:05.601Z,sell,1.662e-05,356.0,0.00591672
ONG/BTC,1571389625601,2019-10-18T09:07:05.601Z,sell,1.66e-05,287.0,0.0047642
ONG/BTC,1571389625601,2019-10-18T09:07:05.601Z,sell,1.658e-05,1015.0,0.0168287
ONG/BTC,1571389625601,2019-10-18T09:07:05.601Z,sell,1.657e-05,210.0,0.0034796999999999
ONG/BTC,1571389625601,2019-10-18T09:07:05.601Z,sell,1.656e-05,787.0,0.01303272
ONG/BTC,1571389645939,2019-10-18T09:07:25.939Z,buy,1.661e-05,33.0,0.00054813
ONG/BTC,1571390054979,2019-10-18T09:14:14.979Z,sell,1.658e-05,33.0,0.00054714
ONG/BTC,1571390088088,2019-10-18T09:14:48.088Z,buy,1.659e-05,752.0,0.01247568
ONG/BTC,1571390094717,2019-10-18T09:14:54.717Z,buy,1.659e-05,263.0,0.0043631699999999
ONG/BTC,1571390094717,2019-10-18T09:14:54.717Z,buy,1.66e-05,350.0,0.00581
ONG/BTC,1571390094717,2019-10-18T09:14:54.717Z,buy,1.661e-05,2496.0,0.04145856
ONG/BTC,1571390094717,2019-10-18T09:14:54.717Z,buy,1.662e-05,2076.0,0.03450312
ONG/BTC,1571390094717,2019-10-18T09:14:54.717Z,buy,1.663e-05,1356.0,0.02255028
ONG/BTC,1571390094717,2019-10-18T09:14:54.717Z,buy,1.664e-05,1941.0,0.03229824
ONG/BTC,1571390133874,2019-10-18T09:15:33.874Z,buy,1.66e-05,350.0,0.00581
ONG/BTC,1571390143770,2019-10-18T09:15:43.770Z,sell,1.664e-05,333.0,0.00554112
ONG/BTC,1571390143782,2019-10-18T09:15:43.782Z,sell,1.664e-05,253.0,0.00420992
ONG/BTC,1571390143783,2019-10-18T09:15:43.783Z,sell,1.664e-05,35.0,0.0005824
ONG/BTC,1571390143932,2019-10-18T09:15:43.932Z,sell,1.662e-05,184.0,0.00305808
ONG/BTC,1571390143932,2019-10-18T09:15:43.932Z,sell,1.662e-05,184.0,0.00305808
ONG/BTC,1571390213605,2019-10-18T09:16:53.605Z,buy,1.665e-05,9.0,0.00014985
ONG/BTC,1571390234140,2019-10-18T09:17:14.140Z,sell,1.664e-05,29.0,0.00048256
ONG/BTC,1571390242345,2019-10-18T09:17:22.345Z,buy,1.665e-05,19.0,0.00031635
ONG/BTC,1571390293074,2019-10-18T09:18:13.074Z,sell,1.665e-05,106.0,0.0017649
ONG/BTC,1571390293075,2019-10-18T09:18:13.075Z,sell,1.665e-05,45.0,0.00074925
ONG/BTC,1571390293833,2019-10-18T09:18:13.833Z,sell,1.664e-05,11.0,0.00018304
ONG/BTC,1571390328485,2019-10-18T09:18:48.485Z,buy,1.666e-05,2.0,3.332e-05
ONG/BTC,1571390395322,2019-10-18T09:19:55.322Z,buy,1.666e-05,2.0,3.332e-05
ONG/BTC,1571390456447,2019-10-18T09:20:56.447Z,buy,1.666e-05,2.0,3.332e-05
ONG/BTC,1571390513007,2019-10-18T09:21:53.007Z,buy,1.666e-05,654.0,0.01089564
ONG/BTC,1571390649271,2019-10-18T09:24:09.271Z,buy,1.67e-05,2.0,3.34e-05
ONG/BTC,1571390711448,2019-10-18T09:25:11.448Z,buy,1.67e-05,2.0,3.34e-05
ONG/BTC,1571390727969,2019-10-18T09:25:27.969Z,sell,1.662e-05,35.0,0.0005817
ONG/BTC,1571390727969,2019-10-18T09:25:27.969Z,sell,1.661e-05,35.0,0.0005813499999999
ONG/BTC,1571390974826,2019-10-18T09:29:34.826Z,buy,1.667e-05,29.0,0.00048343
ONG/BTC,1571391000400,2019-10-18T09:30:00.400Z,sell,1.667e-05,335.0,0.00558445
ONG/BTC,1571391004351,2019-10-18T09:30:04.351Z,sell,1.667e-05,40.0,0.0006668
ONG/BTC,1571391013903,2019-10-18T09:30:13.903Z,sell,1.666e-05,24.0,0.00039984
ONG/BTC,1571391013903,2019-10-18T09:30:13.903Z,sell,1.665e-05,201.0,0.00334665
ONG/BTC,1571391013903,2019-10-18T09:30:13.903Z,sell,1.664e-05,24.0,0.0003993599999999
ONG/BTC,1571391013923,2019-10-18T09:30:13.923Z,sell,1.661e-05,387.0,0.0064280699999999
ONG/BTC,1571391013934,2019-10-18T09:30:13.934Z,sell,1.661e-05,360.0,0.0059796
ONG/BTC,1571391015827,2019-10-18T09:30:15.827Z,sell,1.665e-05,24.0,0.0003996
ONG/BTC,1571391036288,2019-10-18T09:30:36.288Z,sell,1.665e-05,90.0,0.0014985
ONG/BTC,1571391037074,2019-10-18T09:30:37.074Z,sell,1.665e-05,58.0,0.0009657
ONG/BTC,1571391045277,2019-10-18T09:30:45.277Z,sell,1.664e-05,76.0,0.00126464
ONG/BTC,1571391216366,2019-10-18T09:33:36.366Z,buy,1.666e-05,175.0,0.0029155
ONG/BTC,1571391245538,2019-10-18T09:34:05.538Z,sell,1.663e-05,13.0,0.0002161899999999
ONG/BTC,1571391417691,2019-10-18T09:36:57.691Z,buy,1.666e-05,2.0,3.332e-05
ONG/BTC,1571391435307,2019-10-18T09:37:15.307Z,buy,1.666e-05,2.0,3.332e-05
ONG/BTC,1571391437433,2019-10-18T09:37:17.433Z,buy,1.666e-05,46.0,0.00076636
ONG/BTC,1571391437433,2019-10-18T09:37:17.433Z,buy,1.669e-05,572.0,0.00954668
ONG/BTC,1571391437455,2019-10-18T09:37:17.455Z,buy,1.669e-05,105.0,0.00175245
ONG/BTC,1571391437466,2019-10-18T09:37:17.466Z,buy,1.669e-05,70.0,0.0011683
ONG/BTC,1571391437521,2019-10-18T09:37:17.521Z,buy,1.67e-05,171.0,0.0028557
ONG/BTC,1571391439850,2019-10-18T09:37:19.850Z,buy,1.671e-05,59.0,0.00098589
ONG/BTC,1571391440748,2019-10-18T09:37:20.748Z,buy,1.671e-05,439.0,0.00733569
ONG/BTC,1571391440756,2019-10-18T09:37:20.756Z,buy,1.671e-05,401.0,0.00670071
ONG/BTC,1571391478423,2019-10-18T09:37:58.423Z,buy,1.671e-05,168.0,0.00280728
ONG/BTC,1571391486102,2019-10-18T09:38:06.102Z,buy,1.671e-05,172.0,0.00287412
ONG/BTC,1571391486177,2019-10-18T09:38:06.177Z,buy,1.671e-05,172.0,0.00287412
ONG/BTC,1571391486263,2019-10-18T09:38:06.263Z,buy,1.671e-05,9.0,0.00015039
ONG/BTC,1571391486353,2019-10-18T09:38:06.353Z,buy,1.671e-05,168.0,0.00280728
ONG/BTC,1571391488062,2019-10-18T09:38:08.062Z,sell,1.669e-05,170.0,0.0028373
ONG/BTC,1571391495862,2019-10-18T09:38:15.862Z,buy,1.671e-05,58.0,0.00096918
ONG/BTC,1571391496032,2019-10-18T09:38:16.032Z,buy,1.671e-05,27.0,0.00045117
ONG/BTC,1571391502977,2019-10-18T09:38:22.977Z,sell,1.669e-05,72.0,0.00120168
ONG/BTC,1571391502977,2019-10-18T09:38:22.977Z,sell,1.668e-05,39.0,0.00065052
ONG/BTC,1571391535732,2019-10-18T09:38:55.732Z,sell,1.667e-05,14.0,0.00023338
ONG/BTC,1571391535907,2019-10-18T09:38:55.907Z,sell,1.667e-05,218.0,0.00363406
ONG/BTC,1571391536037,2019-10-18T09:38:56.037Z,sell,1.663e-05,61.0,0.00101443
ONG/BTC,1571391536096,2019-10-18T09:38:56.096Z,sell,1.667e-05,218.0,0.00363406
ONG/BTC,1571391536149,2019-10-18T09:38:56.149Z,sell,1.667e-05,164.0,0.00273388
ONG/BTC,1571391536179,2019-10-18T09:38:56.179Z,sell,1.663e-05,372.0,0.0061863599999999
ONG/BTC,1571391536232,2019-10-18T09:38:56.232Z,buy,1.666e-05,31.0,0.0005164599999999
ONG/BTC,1571391536407,2019-10-18T09:38:56.407Z,buy,1.666e-05,114.0,0.00189924
ONG/BTC,1571391536438,2019-10-18T09:38:56.438Z,sell,1.668e-05,57.0,0.0009507599999999
ONG/BTC,1571391536575,2019-10-18T09:38:56.575Z,buy,1.67e-05,9.0,0.0001503
ONG/BTC,1571391537277,2019-10-18T09:38:57.277Z,sell,1.668e-05,9.0,0.00015012
ONG/BTC,1571391538036,2019-10-18T09:38:58.036Z,sell,1.668e-05,18.0,0.00030024
ONG/BTC,1571391542005,2019-10-18T09:39:02.005Z,buy,1.67e-05,208.0,0.0034736
ONG/BTC,1571391542008,2019-10-18T09:39:02.008Z,buy,1.67e-05,1.0,1.67e-05
ONG/BTC,1571391542008,2019-10-18T09:39:02.008Z,buy,1.671e-05,207.0,0.00345897
ONG/BTC,1571391542009,2019-10-18T09:39:02.009Z,buy,1.671e-05,170.0,0.0028407
ONG/BTC,1571391542009,2019-10-18T09:39:02.009Z,buy,1.672e-05,39.0,0.00065208
ONG/BTC,1571391542012,2019-10-18T09:39:02.012Z,buy,1.672e-05,33.0,0.00055176
ONG/BTC,1571391542012,2019-10-18T09:39:02.012Z,buy,1.674e-05,209.0,0.00349866
ONG/BTC,1571391542021,2019-10-18T09:39:02.021Z,buy,1.674e-05,125.0,0.0020924999999999
ONG/BTC,1571391542039,2019-10-18T09:39:02.039Z,sell,1.666e-05,49.0,0.00081634
ONG/BTC,1571391542174,2019-10-18T09:39:02.174Z,sell,1.673e-05,309.0,0.00516957
ONG/BTC,1571391574223,2019-10-18T09:39:34.223Z,sell,1.664e-05,155.0,0.0025792
ONG/BTC,1571391767742,2019-10-18T09:42:47.742Z,sell,1.667e-05,10.0,0.0001667
ONG/BTC,1571391972750,2019-10-18T09:46:12.750Z,buy,1.671e-05,31.0,0.00051801
ONG/BTC,1571391972750,2019-10-18T09:46:12.750Z,buy,1.672e-05,209.0,0.00349448
ONG/BTC,1571391972750,2019-10-18T09:46:12.750Z,buy,1.674e-05,221.0,0.00369954
ONG/BTC,1571391972750,2019-10-18T09:46:12.750Z,buy,1.675e-05,109.0,0.00182575
ONG/BTC,1571391981496,2019-10-18T09:46:21.496Z,buy,1.675e-05,2.0,3.35e-05
ONG/BTC,1571392641140,2019-10-18T09:57:21.140Z,buy,1.674e-05,27.0,0.00045198
ONG/BTC,1571392641140,2019-10-18T09:57:21.140Z,buy,1.675e-05,73.0,0.00122275
ONG/BTC,1571392967641,2019-10-18T10:02:47.641Z,buy,1.675e-05,2.0,3.35e-05
ONG/BTC,1571393032584,2019-10-18T10:03:52.584Z,buy,1.674e-05,26.0,0.00043524
ONG/BTC,1571393032693,2019-10-18T10:03:52.693Z,sell,1.674e-05,938.0,0.01570212
ONG/BTC,1571393074214,2019-10-18T10:04:34.214Z,buy,1.675e-05,2.0,3.35e-05
ONG/BTC,1571393183936,2019-10-18T10:06:23.936Z,sell,1.664e-05,332.0,0.00552448
ONG/BTC,1571393183936,2019-10-18T10:06:23.936Z,sell,1.663e-05,79.0,0.00131377
ONG/BTC,1571393425463,2019-10-18T10:10:25.463Z,sell,1.664e-05,106.0,0.00176384
ONG/BTC,1571393509270,2019-10-18T10:11:49.270Z,buy,1.674e-05,2.0,3.348e-05
ONG/BTC,1571393521571,2019-10-18T10:12:01.571Z,buy,1.674e-05,2.0,3.348e-05
ONG/BTC,1571393738965,2019-10-18T10:15:38.965Z,buy,1.673e-05,76.0,0.00127148
ONG/BTC,1571393738965,2019-10-18T10:15:38.965Z,buy,1.673e-05,76.0,0.00127148
ONG/BTC,1571394497210,2019-10-18T10:28:17.210Z,sell,1.661e-05,307.0,0.0050992699999999
ONG/BTC,1571394497243,2019-10-18T10:28:17.243Z,buy,1.661e-05,203.0,0.0033718299999999
ONG/BTC,1571394497249,2019-10-18T10:28:17.249Z,buy,1.661e-05,32.0,0.00053152
ONG/BTC,1571394497262,2019-10-18T10:28:17.262Z,buy,1.661e-05,225.0,0.0037372499999999
ONG/BTC,1571394804222,2019-10-18T10:33:24.222Z,buy,1.673e-05,2.0,3.346e-05
ONG/BTC,1571394978154,2019-10-18T10:36:18.154Z,sell,1.664e-05,62.0,0.00103168
ONG/BTC,1571395025499,2019-10-18T10:37:05.499Z,sell,1.665e-05,69.0,0.00114885
ONG/BTC,1571395025499,2019-10-18T10:37:05.499Z,sell,1.664e-05,1760.0,0.0292864
ONG/BTC,1571395332097,2019-10-18T10:42:12.097Z,buy,1.672e-05,268.0,0.00448096
ONG/BTC,1571395339893,2019-10-18T10:42:19.893Z,buy,1.672e-05,81.0,0.00135432
ONG/BTC,1571395339893,2019-10-18T10:42:19.893Z,buy,1.673e-05,30.0,0.0005019
ONG/BTC,1571395339893,2019-10-18T10:42:19.893Z,buy,1.675e-05,3480.0,0.05829
ONG/BTC,1571395339893,2019-10-18T10:42:19.893Z,buy,1.676e-05,1042.0,0.0174639199999999
ONG/BTC,1571395341438,2019-10-18T10:42:21.438Z,buy,1.672e-05,349.0,0.00583528
ONG/BTC,1571395342275,2019-10-18T10:42:22.275Z,buy,1.676e-05,431.0,0.0072235599999999
ONG/BTC,1571395723343,2019-10-18T10:48:43.343Z,buy,1.679e-05,379.0,0.00636341
ONG/BTC,1571396353063,2019-10-18T10:59:13.063Z,buy,1.68e-05,147.0,0.0024695999999999
ONG/BTC,1571396353063,2019-10-18T10:59:13.063Z,buy,1.681e-05,91.0,0.00152971
ONG/BTC,1571396433538,2019-10-18T11:00:33.538Z,buy,1.682e-05,2.0,3.364e-05
ONG/BTC,1571396438102,2019-10-18T11:00:38.102Z,buy,1.676e-05,26.0,0.00043576
ONG/BTC,1571396438102,2019-10-18T11:00:38.102Z,buy,1.677e-05,25.0,0.00041925
ONG/BTC,1571396511023,2019-10-18T11:01:51.023Z,sell,1.671e-05,80.0,0.0013368
ONG/BTC,1571396511023,2019-10-18T11:01:51.023Z,sell,1.671e-05,80.0,0.0013368
ONG/BTC,1571397880680,2019-10-18T11:24:40.680Z,sell,1.672e-05,310.0,0.0051832
ONG/BTC,1571397880685,2019-10-18T11:24:40.685Z,sell,1.671e-05,310.0,0.0051801
ONG/BTC,1571397880686,2019-10-18T11:24:40.686Z,sell,1.671e-05,154.0,0.00257334
ONG/BTC,1571398352553,2019-10-18T11:32:32.553Z,buy,1.684e-05,14.0,0.00023576
ONG/BTC,1571398827093,2019-10-18T11:40:27.093Z,buy,1.677e-05,2.0,3.354e-05
ONG/BTC,1571398954199,2019-10-18T11:42:34.199Z,sell,1.67e-05,11.0,0.0001837
ONG/BTC,1571398956108,2019-10-18T11:42:36.108Z,sell,1.668e-05,30.0,0.0005004
ONG/BTC,1571399077315,2019-10-18T11:44:37.315Z,sell,1.667e-05,82.0,0.00136694
ONG/BTC,1571399356322,2019-10-18T11:49:16.322Z,sell,1.669e-05,2066.0,0.03448154
ONG/BTC,1571399356322,2019-10-18T11:49:16.322Z,sell,1.667e-05,77.0,0.00128359
ONG/BTC,1571399356327,2019-10-18T11:49:16.327Z,sell,1.665e-05,294.0,0.0048951
ONG/BTC,1571399356327,2019-10-18T11:49:16.327Z,sell,1.664e-05,160.0,0.0026624
ONG/BTC,1571399356331,2019-10-18T11:49:16.331Z,sell,1.664e-05,139.0,0.00231296
ONG/BTC,1571399356331,2019-10-18T11:49:16.331Z,sell,1.662e-05,1514.0,0.02516268
ONG/BTC,1571399356891,2019-10-18T11:49:16.891Z,sell,1.662e-05,265.0,0.0044043
ONG/BTC,1571399368549,2019-10-18T11:49:28.549Z,buy,1.665e-05,51.0,0.00084915
ONG/BTC,1571399368549,2019-10-18T11:49:28.549Z,buy,1.666e-05,972.0,0.01619352
ONG/BTC,1571399376542,2019-10-18T11:49:36.542Z,sell,1.66e-05,112.0,0.0018592
ONG/BTC,1571399505704,2019-10-18T11:51:45.704Z,sell,1.66e-05,98.0,0.0016268
ONG/BTC,1571399863825,2019-10-18T11:57:43.825Z,sell,1.659e-05,52.0,0.0008626799999999
ONG/BTC,1571399863825,2019-10-18T11:57:43.825Z,sell,1.659e-05,52.0,0.0008626799999999
ONG/BTC,1571400145938,2019-10-18T12:02:25.938Z,buy,1.669e-05,75.0,0.00125175
ONG/BTC,1571400145938,2019-10-18T12:02:25.938Z,buy,1.67e-05,11.0,0.0001837
ONG/BTC,1571400145938,2019-10-18T12:02:25.938Z,buy,1.672e-05,106.0,0.00177232
ONG/BTC,1571400147331,2019-10-18T12:02:27.331Z,buy,1.67e-05,2.0,3.34e-05
ONG/BTC,1571400515986,2019-10-18T12:08:35.986Z,buy,1.672e-05,24.0,0.0004012799999999
ONG/BTC,1571400515986,2019-10-18T12:08:35.986Z,buy,1.674e-05,349.0,0.0058422599999999
ONG/BTC,1571400515986,2019-10-18T12:08:35.986Z,buy,1.675e-05,2849.0,0.04772075
ONG/BTC,1571400518176,2019-10-18T12:08:38.176Z,buy,1.674e-05,349.0,0.0058422599999999
ONG/BTC,1571401404165,2019-10-18T12:23:24.165Z,sell,1.666e-05,7.0,0.00011662
ONG/BTC,1571401468269,2019-10-18T12:24:28.269Z,buy,1.668e-05,48.0,0.00080064
ONG/BTC,1571401468269,2019-10-18T12:24:28.269Z,buy,1.669e-05,25.0,0.00041725
ONG/BTC,1571401636939,2019-10-18T12:27:16.939Z,buy,1.674e-05,6.0,0.00010044
ONG/BTC,1571401831234,2019-10-18T12:30:31.234Z,buy,1.68e-05,298.0,0.0050063999999999
ONG/BTC,1571402044896,2019-10-18T12:34:04.896Z,buy,1.68e-05,226.0,0.0037967999999999
ONG/BTC,1571402072089,2019-10-18T12:34:32.089Z,buy,1.68e-05,217.0,0.0036455999999999
ONG/BTC,1571402542138,2019-10-18T12:42:22.138Z,sell,1.674e-05,46.0,0.0007700399999999
ONG/BTC,1571402630805,2019-10-18T12:43:50.805Z,buy,1.68e-05,2.0,3.36e-05
ONG/BTC,1571402744503,2019-10-18T12:45:44.503Z,buy,1.68e-05,4.0,6.72e-05
ONG/BTC,1571402744503,2019-10-18T12:45:44.503Z,buy,1.685e-05,294.0,0.0049539
ONG/BTC,1571402764699,2019-10-18T12:46:04.699Z,buy,1.685e-05,1960.0,0.033026
ONG/BTC,1571402888956,2019-10-18T12:48:08.956Z,buy,1.685e-05,897.0,0.01511445
ONG/BTC,1571402888956,2019-10-18T12:48:08.956Z,buy,1.685e-05,897.0,0.01511445
ONG/BTC,1571405343975,2019-10-18T13:29:03.975Z,buy,1.683e-05,2.0,3.366e-05
ONG/BTC,1571405474734,2019-10-18T13:31:14.734Z,sell,1.683e-05,6.0,0.00010098
ONG/BTC,1571405523500,2019-10-18T13:32:03.500Z,buy,1.685e-05,2.0,3.37e-05
ONG/BTC,1571405674869,2019-10-18T13:34:34.869Z,sell,1.677e-05,33.0,0.00055341
ONG/BTC,1571405677091,2019-10-18T13:34:37.091Z,buy,1.682e-05,75.0,0.0012615
ONG/BTC,1571405677091,2019-10-18T13:34:37.091Z,buy,1.683e-05,73.0,0.0012285899999999
ONG/BTC,1571405680094,2019-10-18T13:34:40.094Z,buy,1.685e-05,613.0,0.01032905
ONG/BTC,1571405680094,2019-10-18T13:34:40.094Z,buy,1.686e-05,55.0,0.0009273
ONG/BTC,1571405680094,2019-10-18T13:34:40.094Z,buy,1.687e-05,106.0,0.0017882199999999
ONG/BTC,1571405680094,2019-10-18T13:34:40.094Z,buy,1.689e-05,2059.0,0.03477651
ONG/BTC,1571405680094,2019-10-18T13:34:40.094Z,buy,1.69e-05,801.0,0.0135369
ONG/BTC,1571405680303,2019-10-18T13:34:40.303Z,buy,1.69e-05,161.0,0.0027209
ONG/BTC,1571405680506,2019-10-18T13:34:40.506Z,sell,1.69e-05,110.0,0.001859
ONG/BTC,1571405680703,2019-10-18T13:34:40.703Z,sell,1.69e-05,100.0,0.00169
ONG/BTC,1571405680835,2019-10-18T13:34:40.835Z,sell,1.69e-05,72.0,0.0012168
ONG/BTC,1571405680957,2019-10-18T13:34:40.957Z,buy,1.68e-05,110.0,0.0018479999999999
ONG/BTC,1571405680961,2019-10-18T13:34:40.961Z,buy,1.68e-05,34.0,0.0005711999999999
ONG/BTC,1571405685309,2019-10-18T13:34:45.309Z,sell,1.681e-05,23.0,0.00038663
ONG/BTC,1571406104064,2019-10-18T13:41:44.064Z,sell,1.684e-05,103.0,0.00173452
ONG/BTC,1571406326955,2019-10-18T13:45:26.955Z,buy,1.69e-05,83.0,0.0014027
ONG/BTC,1571406373391,2019-10-18T13:46:13.391Z,buy,1.69e-05,110.0,0.001859
ONG/BTC,1571406373421,2019-10-18T13:46:13.421Z,sell,1.693e-05,185.0,0.00313205
ONG/BTC,1571406407924,2019-10-18T13:46:47.924Z,sell,1.686e-05,29.0,0.00048894
ONG/BTC,1571406407924,2019-10-18T13:46:47.924Z,sell,1.684e-05,128.0,0.00215552
ONG/BTC,1571406434203,2019-10-18T13:47:14.203Z,sell,1.68e-05,11.0,0.0001848
ONG/BTC,1571406434203,2019-10-18T13:47:14.203Z,sell,1.679e-05,59.0,0.00099061
ONG/BTC,1571406440724,2019-10-18T13:47:20.724Z,buy,1.679e-05,192.0,0.00322368
ONG/BTC,1571406463492,2019-10-18T13:47:43.492Z,sell,1.676e-05,256.0,0.00429056
ONG/BTC,1571406463492,2019-10-18T13:47:43.492Z,sell,1.675e-05,313.0,0.00524275
ONG/BTC,1571406463492,2019-10-18T13:47:43.492Z,sell,1.676e-05,256.0,0.00429056
ONG/BTC,1571406463492,2019-10-18T13:47:43.492Z,sell,1.675e-05,313.0,0.00524275
ONG/BTC,1571406800520,2019-10-18T13:53:20.520Z,sell,1.678e-05,257.0,0.00431246
ONG/BTC,1571406800520,2019-10-18T13:53:20.520Z,sell,1.677e-05,1123.0,0.01883271
ONG/BTC,1571407282093,2019-10-18T14:01:22.093Z,buy,1.682e-05,23.0,0.00038686
ONG/BTC,1571407282093,2019-10-18T14:01:22.093Z,buy,1.683e-05,6.0,0.00010098
ONG/BTC,1571407913406,2019-10-18T14:11:53.406Z,buy,1.683e-05,6.0,0.00010098
ONG/BTC,1571407924696,2019-10-18T14:12:04.696Z,buy,1.683e-05,6.0,0.00010098
ONG/BTC,1571407935616,2019-10-18T14:12:15.616Z,buy,1.683e-05,6.0,0.00010098
ONG/BTC,1571407946417,2019-10-18T14:12:26.417Z,buy,1.683e-05,6.0,0.00010098
ONG/BTC,1571408139057,2019-10-18T14:15:39.057Z,buy,1.683e-05,6.0,0.00010098
ONG/BTC,1571408152248,2019-10-18T14:15:52.248Z,buy,1.683e-05,6.0,0.00010098
ONG/BTC,1571408163023,2019-10-18T14:16:03.023Z,buy,1.683e-05,6.0,0.00010098
ONG/BTC,1571408173728,2019-10-18T14:16:13.728Z,buy,1.683e-05,6.0,0.00010098
ONG/BTC,1571408194835,2019-10-18T14:16:34.835Z,buy,1.683e-05,5.0,8.415e-05
ONG/BTC,1571408194835,2019-10-18T14:16:34.835Z,buy,1.689e-05,345.0,0.0058270499999999
ONG/BTC,1571408212784,2019-10-18T14:16:52.784Z,buy,1.688e-05,350.0,0.005908
ONG/BTC,1571408248504,2019-10-18T14:17:28.504Z,buy,1.69e-05,545.0,0.0092105
ONG/BTC,1571408581436,2019-10-18T14:23:01.436Z,sell,1.684e-05,9.0,0.00015156
ONG/BTC,1571408581436,2019-10-18T14:23:01.436Z,sell,1.681e-05,21.0,0.00035301
ONG/BTC,1571408660523,2019-10-18T14:24:20.523Z,buy,1.689e-05,24.0,0.00040536
ONG/BTC,1571408660523,2019-10-18T14:24:20.523Z,buy,1.69e-05,6.0,0.0001014
ONG/BTC,1571408660523,2019-10-18T14:24:20.523Z,buy,1.692e-05,313.0,0.00529596
ONG/BTC,1571408660523,2019-10-18T14:24:20.523Z,buy,1.693e-05,189.0,0.00319977
ONG/BTC,1571409090336,2019-10-18T14:31:30.336Z,sell,1.682e-05,278.0,0.00467596
ONG/BTC,1571409090336,2019-10-18T14:31:30.336Z,sell,1.681e-05,337.0,0.00566497
ONG/BTC,1571409090336,2019-10-18T14:31:30.336Z,sell,1.68e-05,185.0,0.0031079999999999
ONG/BTC,1571409340743,2019-10-18T14:35:40.743Z,buy,1.687e-05,25.0,0.00042175
ONG/BTC,1571409340743,2019-10-18T14:35:40.743Z,buy,1.688e-05,338.0,0.00570544
ONG/BTC,1571409345607,2019-10-18T14:35:45.607Z,buy,1.688e-05,25.0,0.000422
ONG/BTC,1571409345607,2019-10-18T14:35:45.607Z,buy,1.69e-05,185.0,0.0031265
ONG/BTC,1571409345607,2019-10-18T14:35:45.607Z,buy,1.693e-05,934.0,0.01581262
ONG/BTC,1571409345607,2019-10-18T14:35:45.607Z,buy,1.697e-05,1010.0,0.0171396999999999
ONG/BTC,1571409345607,2019-10-18T14:35:45.607Z,buy,1.7e-05,41.0,0.000697
ONG/BTC,1571409345611,2019-10-18T14:35:45.611Z,buy,1.7e-05,268.0,0.004556
ONG/BTC,1571409345619,2019-10-18T14:35:45.619Z,buy,1.702e-05,1179.0,0.02006658
ONG/BTC,1571409363114,2019-10-18T14:36:03.114Z,sell,1.69e-05,167.0,0.0028223
ONG/BTC,1571409364231,2019-10-18T14:36:04.231Z,sell,1.69e-05,8.0,0.0001352
ONG/BTC,1571409371006,2019-10-18T14:36:11.006Z,sell,1.68e-05,901.0,0.0151367999999999
ONG/BTC,1571409371006,2019-10-18T14:36:11.006Z,sell,1.679e-05,283.0,0.00475157
ONG/BTC,1571409372866,2019-10-18T14:36:12.866Z,sell,1.68e-05,114.0,0.0019151999999999
ONG/BTC,1571409375494,2019-10-18T14:36:15.494Z,sell,1.68e-05,63.0,0.0010584
ONG/BTC,1571409376676,2019-10-18T14:36:16.676Z,buy,1.689e-05,268.0,0.00452652
ONG/BTC,1571409376676,2019-10-18T14:36:16.676Z,buy,1.69e-05,11.0,0.0001859
ONG/BTC,1571409376676,2019-10-18T14:36:16.676Z,buy,1.699e-05,14.0,0.00023786
ONG/BTC,1571409384400,2019-10-18T14:36:24.400Z,sell,1.688e-05,184.0,0.00310592
ONG/BTC,1571409384652,2019-10-18T14:36:24.652Z,sell,1.687e-05,479.0,0.00808073
ONG/BTC,1571409559322,2019-10-18T14:39:19.322Z,sell,1.68e-05,11.0,0.0001848
ONG/BTC,1571409559322,2019-10-18T14:39:19.322Z,sell,1.677e-05,2878.0,0.04826406
ONG/BTC,1571409559322,2019-10-18T14:39:19.322Z,sell,1.674e-05,1164.0,0.01948536
ONG/BTC,1571409559354,2019-10-18T14:39:19.354Z,buy,1.674e-05,68.0,0.00113832
ONG/BTC,1571409559355,2019-10-18T14:39:19.355Z,buy,1.674e-05,78.0,0.00130572
ONG/BTC,1571409559355,2019-10-18T14:39:19.355Z,buy,1.674e-05,367.0,0.00614358
ONG/BTC,1571409559355,2019-10-18T14:39:19.355Z,buy,1.674e-05,209.0,0.00349866
ONG/BTC,1571409559365,2019-10-18T14:39:19.365Z,buy,1.674e-05,203.0,0.00339822
ONG/BTC,1571409559380,2019-10-18T14:39:19.380Z,sell,1.672e-05,89.0,0.00148808
ONG/BTC,1571409559429,2019-10-18T14:39:19.429Z,buy,1.674e-05,90.0,0.0015065999999999
ONG/BTC,1571409559559,2019-10-18T14:39:19.559Z,buy,1.674e-05,33.0,0.00055242
ONG/BTC,1571409559606,2019-10-18T14:39:19.606Z,buy,1.674e-05,59.0,0.00098766
ONG/BTC,1571409559619,2019-10-18T14:39:19.619Z,buy,1.674e-05,348.0,0.00582552
ONG/BTC,1571409559656,2019-10-18T14:39:19.656Z,buy,1.674e-05,4392.0,0.0735220799999999
ONG/BTC,1571409560442,2019-10-18T14:39:20.442Z,sell,1.68e-05,27.0,0.0004535999999999
ONG/BTC,1571409589574,2019-10-18T14:39:49.574Z,buy,1.675e-05,27.0,0.00045225
ONG/BTC,1571409589574,2019-10-18T14:39:49.574Z,buy,1.676e-05,25.0,0.000419
ONG/BTC,1571409589574,2019-10-18T14:39:49.574Z,buy,1.681e-05,2002.0,0.03365362
ONG/BTC,1571409591327,2019-10-18T14:39:51.327Z,buy,1.682e-05,9.0,0.00015138
ONG/BTC,1571409595042,2019-10-18T14:39:55.042Z,buy,1.682e-05,80.0,0.0013456
ONG/BTC,1571409595073,2019-10-18T14:39:55.073Z,sell,1.684e-05,37.0,0.00062308
ONG/BTC,1571409595076,2019-10-18T14:39:55.076Z,sell,1.684e-05,18.0,0.00030312
ONG/BTC,1571409648203,2019-10-18T14:40:48.203Z,buy,1.69e-05,2.0,3.38e-05
ONG/BTC,1571409648203,2019-10-18T14:40:48.203Z,buy,1.69e-05,2.0,3.38e-05
ONG/BTC,1571410289643,2019-10-18T14:51:29.643Z,buy,1.69e-05,9.0,0.0001521
ONG/BTC,1571410289643,2019-10-18T14:51:29.643Z,buy,1.691e-05,1162.0,0.0196494199999999
ONG/BTC,1571411015733,2019-10-18T15:03:35.733Z,buy,1.688e-05,746.0,0.01259248
ONG/BTC,1571411176580,2019-10-18T15:06:16.580Z,buy,1.689e-05,21.0,0.00035469
ONG/BTC,1571411176580,2019-10-18T15:06:16.580Z,buy,1.69e-05,291.0,0.0049179
ONG/BTC,1571411176580,2019-10-18T15:06:16.580Z,buy,1.691e-05,950.0,0.0160645
ONG/BTC,1571411176580,2019-10-18T15:06:16.580Z,buy,1.694e-05,1046.0,0.01771924
ONG/BTC,1571411176580,2019-10-18T15:06:16.580Z,buy,1.695e-05,207.0,0.00350865
ONG/BTC,1571411176580,2019-10-18T15:06:16.580Z,buy,1.695e-05,21.0,0.0003559499999999
ONG/BTC,1571411176580,2019-10-18T15:06:16.580Z,buy,1.696e-05,1094.0,0.01855424
ONG/BTC,1571411176608,2019-10-18T15:06:16.608Z,sell,1.697e-05,181.0,0.0030715699999999
ONG/BTC,1571411176618,2019-10-18T15:06:16.618Z,sell,1.697e-05,482.0,0.0081795399999999
ONG/BTC,1571411176618,2019-10-18T15:06:16.618Z,sell,1.697e-05,261.0,0.00442917
ONG/BTC,1571411176626,2019-10-18T15:06:16.626Z,sell,1.697e-05,547.0,0.0092825899999999
ONG/BTC,1571411176970,2019-10-18T15:06:16.970Z,sell,1.682e-05,1368.0,0.02300976
ONG/BTC,1571411640770,2019-10-18T15:14:00.770Z,sell,1.682e-05,360.0,0.0060552
ONG/BTC,1571411936159,2019-10-18T15:18:56.159Z,buy,1.688e-05,266.0,0.00449008
ONG/BTC,1571411938020,2019-10-18T15:18:58.020Z,buy,1.688e-05,94.0,0.00158672
ONG/BTC,1571411938020,2019-10-18T15:18:58.020Z,buy,1.689e-05,473.0,0.00798897
ONG/BTC,1571411938102,2019-10-18T15:18:58.102Z,buy,1.689e-05,412.0,0.00695868
ONG/BTC,1571411951090,2019-10-18T15:19:11.090Z,buy,1.689e-05,118.0,0.00199302
ONG/BTC,1571411955997,2019-10-18T15:19:15.997Z,buy,1.689e-05,37.0,0.00062493
ONG/BTC,1571411955997,2019-10-18T15:19:15.997Z,buy,1.689e-05,37.0,0.00062493
ONG/BTC,1571413632599,2019-10-18T15:47:12.599Z,buy,1.688e-05,795.0,0.0134196
ONG/BTC,1571413799513,2019-10-18T15:49:59.513Z,buy,1.689e-05,328.0,0.0055399199999999
ONG/BTC,1571413799513,2019-10-18T15:49:59.513Z,buy,1.689e-05,328.0,0.0055399199999999
ONG/BTC,1571415938474,2019-10-18T16:25:38.474Z,buy,1.69e-05,17.0,0.0002873
ONG/BTC,1571415938474,2019-10-18T16:25:38.474Z,buy,1.69e-05,17.0,0.0002873
ONG/BTC,1571417525716,2019-10-18T16:52:05.716Z,buy,1.687e-05,7.0,0.00011809
ONG/BTC,1571417546241,2019-10-18T16:52:26.241Z,sell,1.68e-05,26.0,0.0004367999999999
ONG/BTC,1571417546339,2019-10-18T16:52:26.339Z,buy,1.68e-05,594.0,0.0099791999999999
ONG/BTC,1571417644558,2019-10-18T16:54:04.558Z,buy,1.686e-05,35.0,0.0005901
ONG/BTC,1571418348914,2019-10-18T17:05:48.914Z,sell,1.68e-05,6.0,0.0001007999999999
ONG/BTC,1571418348914,2019-10-18T17:05:48.914Z,sell,1.677e-05,86.0,0.00144222
ONG/BTC,1571418753573,2019-10-18T17:12:33.573Z,buy,1.677e-05,1292.0,0.02166684
ONG/BTC,1571418753573,2019-10-18T17:12:33.573Z,buy,1.677e-05,1292.0,0.02166684
ONG/BTC,1571420349596,2019-10-18T17:39:09.596Z,sell,1.676e-05,141.0,0.00236316
ONG/BTC,1571420445725,2019-10-18T17:40:45.725Z,buy,1.686e-05,36.0,0.00060696
ONG/BTC,1571420445725,2019-10-18T17:40:45.725Z,buy,1.687e-05,563.0,0.0094978099999999
ONG/BTC,1571420446548,2019-10-18T17:40:46.548Z,buy,1.687e-05,2.0,3.374e-05
ONG/BTC,1571420537931,2019-10-18T17:42:17.931Z,sell,1.685e-05,9.0,0.00015165
ONG/BTC,1571420537931,2019-10-18T17:42:17.931Z,sell,1.684e-05,173.0,0.00291332
ONG/BTC,1571420657365,2019-10-18T17:44:17.365Z,sell,1.684e-05,164.0,0.00276176
ONG/BTC,1571420657408,2019-10-18T17:44:17.408Z,sell,1.684e-05,67.0,0.00112828
ONG/BTC,1571420657518,2019-10-18T17:44:17.518Z,buy,1.683e-05,97.0,0.00163251
ONG/BTC,1571420846153,2019-10-18T17:47:26.153Z,sell,1.68e-05,6092.0,0.1023456
ONG/BTC,1571420846153,2019-10-18T17:47:26.153Z,sell,1.679e-05,654.0,0.01098066
ONG/BTC,1571420846222,2019-10-18T17:47:26.222Z,sell,1.677e-05,1417.0,0.02376309
ONG/BTC,1571421356053,2019-10-18T17:55:56.053Z,buy,1.677e-05,1545.0,0.02590965
ONG/BTC,1571421389906,2019-10-18T17:56:29.906Z,buy,1.686e-05,67.0,0.00112962
ONG/BTC,1571421389906,2019-10-18T17:56:29.906Z,buy,1.686e-05,67.0,0.00112962
ONG/BTC,1571422945250,2019-10-18T18:22:25.250Z,sell,1.682e-05,59.0,0.00099238
ONG/BTC,1571422945250,2019-10-18T18:22:25.250Z,sell,1.678e-05,110.0,0.0018457999999999
ONG/BTC,1571423588467,2019-10-18T18:33:08.467Z,buy,1.683e-05,22.0,0.0003702599999999
ONG/BTC,1571424888874,2019-10-18T18:54:48.874Z,buy,1.687e-05,1360.0,0.0229432
ONG/BTC,1571424888874,2019-10-18T18:54:48.874Z,buy,1.687e-05,1360.0,0.0229432
ONG/BTC,1571425175819,2019-10-18T18:59:35.819Z,buy,1.683e-05,301.0,0.00506583
ONG/BTC,1571425308231,2019-10-18T19:01:48.231Z,sell,1.679e-05,121.0,0.00203159
ONG/BTC,1571425491934,2019-10-18T19:04:51.934Z,sell,1.679e-05,444.0,0.00745476
ONG/BTC,1571425491937,2019-10-18T19:04:51.937Z,sell,1.679e-05,263.0,0.00441577
ONG/BTC,1571427049480,2019-10-18T19:30:49.480Z,buy,1.679e-05,82.0,0.00137678
ONG/BTC,1571427474801,2019-10-18T19:37:54.801Z,sell,1.676e-05,1143.0,0.01915668
ONG/BTC,1571427474801,2019-10-18T19:37:54.801Z,sell,1.675e-05,2891.0,0.04842425
ONG/BTC,1571427475216,2019-10-18T19:37:55.216Z,buy,1.675e-05,129.0,0.00216075
ONG/BTC,1571427551800,2019-10-18T19:39:11.800Z,sell,1.68e-05,141.0,0.0023688
ONG/BTC,1571427551804,2019-10-18T19:39:11.804Z,sell,1.68e-05,1.0,1.68e-05
ONG/BTC,1571427551830,2019-10-18T19:39:11.830Z,sell,1.676e-05,67.0,0.00112292
ONG/BTC,1571427551918,2019-10-18T19:39:11.918Z,buy,1.678e-05,142.0,0.00238276
ONG/BTC,1571427552082,2019-10-18T19:39:12.082Z,buy,1.679e-05,142.0,0.00238418
ONG/BTC,1571427552636,2019-10-18T19:39:12.636Z,sell,1.683e-05,66.0,0.00111078
ONG/BTC,1571428034492,2019-10-18T19:47:14.492Z,sell,1.675e-05,104.0,0.001742
ONG/BTC,1571428192368,2019-10-18T19:49:52.368Z,sell,1.675e-05,28.0,0.000469
ONG/BTC,1571428192380,2019-10-18T19:49:52.380Z,sell,1.675e-05,797.0,0.01334975
ONG/BTC,1571428317784,2019-10-18T19:51:57.784Z,buy,1.683e-05,142.0,0.00238986
ONG/BTC,1571428317896,2019-10-18T19:51:57.896Z,sell,1.683e-05,487.0,0.00819621
ONG/BTC,1571428317896,2019-10-18T19:51:57.896Z,sell,1.683e-05,487.0,0.00819621
ONG/BTC,1571428626597,2019-10-18T19:57:06.597Z,sell,1.683e-05,20.0,0.0003366
ONG/BTC,1571428906748,2019-10-18T20:01:46.748Z,buy,1.687e-05,5.0,8.434999999999999e-05
ONG/BTC,1571428906748,2019-10-18T20:01:46.748Z,buy,1.69e-05,100.0,0.00169
ONG/BTC,1571428906748,2019-10-18T20:01:46.748Z,buy,1.692e-05,110.0,0.0018612
ONG/BTC,1571428972073,2019-10-18T20:02:52.073Z,buy,1.686e-05,2.0,3.372e-05
ONG/BTC,1571429790603,2019-10-18T20:16:30.603Z,sell,1.68e-05,241.0,0.0040488
ONG/BTC,1571429790603,2019-10-18T20:16:30.603Z,sell,1.677e-05,2884.0,0.04836468
ONG/BTC,1571429791083,2019-10-18T20:16:31.083Z,buy,1.676e-05,209.0,0.0035028399999999
ONG/BTC,1571429791083,2019-10-18T20:16:31.083Z,buy,1.677e-05,536.0,0.00898872
ONG/BTC,1571429797417,2019-10-18T20:16:37.417Z,buy,1.677e-05,264.0,0.00442728
ONG/BTC,1571429799088,2019-10-18T20:16:39.088Z,buy,1.677e-05,239.0,0.00400803
ONG/BTC,1571429808355,2019-10-18T20:16:48.355Z,buy,1.677e-05,67.0,0.00112359
ONG/BTC,1571429808461,2019-10-18T20:16:48.461Z,buy,1.677e-05,67.0,0.00112359
ONG/BTC,1571429808569,2019-10-18T20:16:48.569Z,buy,1.677e-05,83.0,0.00139191
ONG/BTC,1571429812113,2019-10-18T20:16:52.113Z,buy,1.677e-05,563.0,0.00944151
ONG/BTC,1571429825097,2019-10-18T20:17:05.097Z,buy,1.677e-05,118.0,0.00197886
ONG/BTC,1571429992015,2019-10-18T20:19:52.015Z,buy,1.677e-05,547.0,0.00917319
ONG/BTC,1571430027195,2019-10-18T20:20:27.195Z,buy,1.677e-05,386.0,0.00647322
ONG/BTC,1571430249898,2019-10-18T20:24:09.898Z,buy,1.677e-05,53.0,0.00088881
ONG/BTC,1571430966231,2019-10-18T20:36:06.231Z,buy,1.677e-05,2.0,3.354e-05
ONG/BTC,1571431285229,2019-10-18T20:41:25.229Z,sell,1.675e-05,20.0,0.000335
ONG/BTC,1571431299966,2019-10-18T20:41:39.966Z,sell,1.673e-05,30.0,0.0005019
ONG/BTC,1571431301093,2019-10-18T20:41:41.093Z,buy,1.673e-05,1479.0,0.02474367
ONG/BTC,1571431311023,2019-10-18T20:41:51.023Z,sell,1.67e-05,11.0,0.0001837
ONG/BTC,1571431311058,2019-10-18T20:41:51.058Z,buy,1.67e-05,41.0,0.0006847
ONG/BTC,1571431311126,2019-10-18T20:41:51.126Z,buy,1.67e-05,19.0,0.0003172999999999
ONG/BTC,1571431311149,2019-10-18T20:41:51.149Z,buy,1.67e-05,70.0,0.001169
ONG/BTC,1571431311472,2019-10-18T20:41:51.472Z,buy,1.67e-05,85.0,0.0014195
ONG/BTC,1571431312095,2019-10-18T20:41:52.095Z,buy,1.67e-05,625.0,0.0104374999999999
ONG/BTC,1571431324076,2019-10-18T20:42:04.076Z,sell,1.668e-05,203.0,0.00338604
ONG/BTC,1571431772569,2019-10-18T20:49:32.569Z,sell,1.67e-05,20.0,0.000334
ONG/BTC,1571431772569,2019-10-18T20:49:32.569Z,sell,1.668e-05,903.0,0.0150620399999999
ONG/BTC,1571431772569,2019-10-18T20:49:32.569Z,sell,1.666e-05,319.0,0.0053145399999999
ONG/BTC,1571431772569,2019-10-18T20:49:32.569Z,sell,1.665e-05,2994.0,0.0498501
ONG/BTC,1571431772569,2019-10-18T20:49:32.569Z,sell,1.664e-05,2920.0,0.0485888
ONG/BTC,1571431772569,2019-10-18T20:49:32.569Z,sell,1.663e-05,7181.0,0.1194200299999999
ONG/BTC,1571431772569,2019-10-18T20:49:32.569Z,sell,1.67e-05,20.0,0.000334
ONG/BTC,1571431772569,2019-10-18T20:49:32.569Z,sell,1.668e-05,903.0,0.0150620399999999
ONG/BTC,1571431772569,2019-10-18T20:49:32.569Z,sell,1.666e-05,319.0,0.0053145399999999
ONG/BTC,1571431772569,2019-10-18T20:49:32.569Z,sell,1.665e-05,2994.0,0.0498501
ONG/BTC,1571431772569,2019-10-18T20:49:32.569Z,sell,1.664e-05,2920.0,0.0485888
ONG/BTC,1571431772569,2019-10-18T20:49:32.569Z,sell,1.663e-05,7181.0,0.1194200299999999
ONG/BTC,1571432323645,2019-10-18T20:58:43.645Z,buy,1.673e-05,56.0,0.00093688
ONG/BTC,1571432324092,2019-10-18T20:58:44.092Z,buy,1.675e-05,268.0,0.004489
ONG/BTC,1571432324218,2019-10-18T20:58:44.218Z,buy,1.675e-05,2.0,3.35e-05
ONG/BTC,1571432328090,2019-10-18T20:58:48.090Z,buy,1.675e-05,80.0,0.00134
ONG/BTC,1571432328090,2019-10-18T20:58:48.090Z,buy,1.676e-05,1401.0,0.02348076
ONG/BTC,1571432332091,2019-10-18T20:58:52.091Z,buy,1.675e-05,268.0,0.004489
ONG/BTC,1571432334577,2019-10-18T20:58:54.577Z,buy,1.675e-05,82.0,0.0013735
ONG/BTC,1571432345094,2019-10-18T20:59:05.094Z,buy,1.677e-05,446.0,0.00747942
ONG/BTC,1571432345632,2019-10-18T20:59:05.632Z,buy,1.677e-05,153.0,0.00256581
ONG/BTC,1571432358221,2019-10-18T20:59:18.221Z,buy,1.68e-05,446.0,0.0074927999999999
ONG/BTC,1571432371211,2019-10-18T20:59:31.211Z,buy,1.68e-05,119.0,0.0019992
ONG/BTC,1571432448121,2019-10-18T21:00:48.121Z,sell,1.67e-05,11.0,0.0001837
ONG/BTC,1571432448148,2019-10-18T21:00:48.148Z,sell,1.669e-05,88.0,0.00146872
ONG/BTC,1571432448156,2019-10-18T21:00:48.156Z,sell,1.669e-05,18.0,0.00030042
ONG/BTC,1571432448808,2019-10-18T21:00:48.808Z,buy,1.68e-05,54.0,0.0009071999999999
ONG/BTC,1571432448808,2019-10-18T21:00:48.808Z,buy,1.683e-05,35.0,0.00058905
ONG/BTC,1571432514065,2019-10-18T21:01:54.065Z,buy,1.68e-05,11.0,0.0001848
ONG/BTC,1571432570756,2019-10-18T21:02:50.756Z,sell,1.677e-05,10.0,0.0001677
ONG/BTC,1571432651631,2019-10-18T21:04:11.631Z,buy,1.68e-05,2641.0,0.0443687999999999
ONG/BTC,1571432652090,2019-10-18T21:04:12.090Z,buy,1.68e-05,595.0,0.009996
ONG/BTC,1571432665084,2019-10-18T21:04:25.084Z,buy,1.68e-05,149.0,0.0025031999999999
ONG/BTC,1571433127406,2019-10-18T21:12:07.406Z,buy,1.68e-05,54.0,0.0009071999999999
ONG/BTC,1571434148335,2019-10-18T21:29:08.335Z,sell,1.683e-05,6.0,0.00010098
ONG/BTC,1571434208453,2019-10-18T21:30:08.453Z,sell,1.683e-05,6.0,0.00010098
ONG/BTC,1571434258093,2019-10-18T21:30:58.093Z,buy,1.686e-05,324.0,0.00546264
ONG/BTC,1571434259311,2019-10-18T21:30:59.311Z,buy,1.686e-05,51.0,0.00085986
ONG/BTC,1571434270193,2019-10-18T21:31:10.193Z,buy,1.686e-05,51.0,0.00085986
ONG/BTC,1571434281208,2019-10-18T21:31:21.208Z,buy,1.686e-05,6.0,0.00010116
ONG/BTC,1571435070868,2019-10-18T21:44:30.868Z,sell,1.683e-05,14.0,0.00023562
ONG/BTC,1571435277960,2019-10-18T21:47:57.960Z,sell,1.675e-05,292.0,0.004891
ONG/BTC,1571435277964,2019-10-18T21:47:57.964Z,sell,1.674e-05,291.0,0.00487134
ONG/BTC,1571435277964,2019-10-18T21:47:57.964Z,sell,1.674e-05,291.0,0.00487134
ONG/BTC,1571435277969,2019-10-18T21:47:57.969Z,sell,1.674e-05,291.0,0.00487134
ONG/BTC,1571435277976,2019-10-18T21:47:57.976Z,sell,1.675e-05,292.0,0.004891
ONG/BTC,1571435277976,2019-10-18T21:47:57.976Z,sell,1.674e-05,343.0,0.00574182
ONG/BTC,1571435277981,2019-10-18T21:47:57.981Z,sell,1.674e-05,448.0,0.0074995199999999
ONG/BTC,1571435277991,2019-10-18T21:47:57.991Z,sell,1.674e-05,293.0,0.00490482
ONG/BTC,1571435277993,2019-10-18T21:47:57.993Z,sell,1.674e-05,301.0,0.00503874
ONG/BTC,1571435278050,2019-10-18T21:47:58.050Z,sell,1.674e-05,78.0,0.00130572
ONG/BTC,1571435278067,2019-10-18T21:47:58.067Z,sell,1.674e-05,325.0,0.0054405
ONG/BTC,1571435278067,2019-10-18T21:47:58.067Z,sell,1.673e-05,675.0,0.01129275
ONG/BTC,1571435282085,2019-10-18T21:48:02.085Z,buy,1.682e-05,268.0,0.00450776
ONG/BTC,1571435285082,2019-10-18T21:48:05.082Z,buy,1.682e-05,82.0,0.00137924
ONG/BTC,1571435285082,2019-10-18T21:48:05.082Z,buy,1.683e-05,7.0,0.00011781
ONG/BTC,1571435290091,2019-10-18T21:48:10.091Z,buy,1.682e-05,268.0,0.00450776
ONG/BTC,1571435298088,2019-10-18T21:48:18.088Z,buy,1.682e-05,82.0,0.00137924
ONG/BTC,1571435298088,2019-10-18T21:48:18.088Z,buy,1.683e-05,7.0,0.00011781
ONG/BTC,1571435298088,2019-10-18T21:48:18.088Z,buy,1.682e-05,82.0,0.00137924
ONG/BTC,1571435298088,2019-10-18T21:48:18.088Z,buy,1.683e-05,7.0,0.00011781
ONG/BTC,1571435473144,2019-10-18T21:51:13.144Z,buy,1.683e-05,476.0,0.00801108
ONG/BTC,1571435476096,2019-10-18T21:51:16.096Z,buy,1.683e-05,119.0,0.00200277
ONG/BTC,1571435539759,2019-10-18T21:52:19.759Z,sell,1.672e-05,322.0,0.00538384
ONG/BTC,1571435539759,2019-10-18T21:52:19.759Z,sell,1.672e-05,28.0,0.0004681599999999
ONG/BTC,1571435539759,2019-10-18T21:52:19.759Z,sell,1.671e-05,322.0,0.00538062
ONG/BTC,1571435539779,2019-10-18T21:52:19.779Z,sell,1.672e-05,350.0,0.0058519999999999
ONG/BTC,1571435539798,2019-10-18T21:52:19.798Z,sell,1.671e-05,211.0,0.00352581
ONG/BTC,1571435539799,2019-10-18T21:52:19.799Z,sell,1.671e-05,63.0,0.00105273
ONG/BTC,1571435539799,2019-10-18T21:52:19.799Z,sell,1.67e-05,11.0,0.0001837
ONG/BTC,1571435539967,2019-10-18T21:52:19.967Z,buy,1.67e-05,200.0,0.00334
ONG/BTC,1571435539967,2019-10-18T21:52:19.967Z,buy,1.681e-05,80.0,0.0013448
ONG/BTC,1571435549397,2019-10-18T21:52:29.397Z,buy,1.68e-05,11.0,0.0001848
ONG/BTC,1571435553083,2019-10-18T21:52:33.083Z,buy,1.681e-05,54.0,0.00090774
ONG/BTC,1571435553083,2019-10-18T21:52:33.083Z,buy,1.683e-05,7.0,0.00011781
ONG/BTC,1571435578091,2019-10-18T21:52:58.091Z,buy,1.683e-05,2.0,3.366e-05
ONG/BTC,1571435578091,2019-10-18T21:52:58.091Z,buy,1.685e-05,111.0,0.00187035
ONG/BTC,1571435579088,2019-10-18T21:52:59.088Z,buy,1.685e-05,178.0,0.0029993
ONG/BTC,1571435581715,2019-10-18T21:53:01.715Z,buy,1.685e-05,61.0,0.00102785
ONG/BTC,1571435592835,2019-10-18T21:53:12.835Z,buy,1.684e-05,83.0,0.00139772
ONG/BTC,1571435598083,2019-10-18T21:53:18.083Z,buy,1.683e-05,178.0,0.0029957399999999
ONG/BTC,1571435652113,2019-10-18T21:54:12.113Z,buy,1.683e-05,89.0,0.0014978699999999
ONG/BTC,1571435652113,2019-10-18T21:54:12.113Z,buy,1.686e-05,6.0,0.00010116
ONG/BTC,1571435715881,2019-10-18T21:55:15.881Z,sell,1.675e-05,344.0,0.005762
ONG/BTC,1571435731795,2019-10-18T21:55:31.795Z,sell,1.673e-05,350.0,0.0058555
ONG/BTC,1571435731795,2019-10-18T21:55:31.795Z,sell,1.672e-05,252.0,0.00421344
ONG/BTC,1571435731795,2019-10-18T21:55:31.795Z,sell,1.672e-05,136.0,0.00227392
ONG/BTC,1571435749092,2019-10-18T21:55:49.092Z,buy,1.683e-05,267.0,0.00449361
ONG/BTC,1571435765095,2019-10-18T21:56:05.095Z,buy,1.683e-05,535.0,0.00900405
ONG/BTC,1571435771096,2019-10-18T21:56:11.096Z,buy,1.683e-05,119.0,0.00200277
ONG/BTC,1571437032023,2019-10-18T22:17:12.023Z,sell,1.673e-05,7.0,0.00011711
ONG/BTC,1571437581759,2019-10-18T22:26:21.759Z,sell,1.673e-05,6.0,0.00010038
ONG/BTC,1571437582058,2019-10-18T22:26:22.058Z,buy,1.672e-05,21.0,0.0003511199999999
ONG/BTC,1571437582058,2019-10-18T22:26:22.058Z,buy,1.673e-05,47.0,0.00078631
ONG/BTC,1571437931295,2019-10-18T22:32:11.295Z,sell,1.676e-05,97.0,0.00162572
ONG/BTC,1571438229656,2019-10-18T22:37:09.656Z,sell,1.678e-05,594.0,0.00996732
ONG/BTC,1571438348492,2019-10-18T22:39:08.492Z,sell,1.678e-05,6.0,0.0001006799999999
ONG/BTC,1571438564759,2019-10-18T22:42:44.759Z,sell,1.678e-05,186.0,0.0031210799999999
ONG/BTC,1571438564804,2019-10-18T22:42:44.804Z,sell,1.678e-05,186.0,0.0031210799999999
ONG/BTC,1571438564888,2019-10-18T22:42:44.888Z,sell,1.678e-05,186.0,0.0031210799999999
ONG/BTC,1571438683356,2019-10-18T22:44:43.356Z,sell,1.677e-05,916.0,0.01536132
ONG/BTC,1571438683359,2019-10-18T22:44:43.359Z,sell,1.672e-05,384.0,0.0064204799999999
ONG/BTC,1571438683359,2019-10-18T22:44:43.359Z,sell,1.671e-05,429.0,0.00716859
ONG/BTC,1571438683359,2019-10-18T22:44:43.359Z,sell,1.67e-05,11.0,0.0001837
ONG/BTC,1571438683359,2019-10-18T22:44:43.359Z,sell,1.666e-05,377.0,0.00628082
ONG/BTC,1571438683545,2019-10-18T22:44:43.545Z,sell,1.673e-05,254.0,0.00424942
ONG/BTC,1571438683697,2019-10-18T22:44:43.697Z,sell,1.673e-05,186.0,0.00311178
ONG/BTC,1571438683803,2019-10-18T22:44:43.803Z,sell,1.673e-05,221.0,0.00369733
ONG/BTC,1571438684083,2019-10-18T22:44:44.083Z,buy,1.677e-05,269.0,0.00451113
ONG/BTC,1571438684220,2019-10-18T22:44:44.220Z,sell,1.673e-05,110.0,0.0018403
ONG/BTC,1571438684737,2019-10-18T22:44:44.737Z,sell,1.673e-05,81.0,0.00135513
ONG/BTC,1571438689891,2019-10-18T22:44:49.891Z,sell,1.666e-05,247.0,0.00411502
ONG/BTC,1571438691084,2019-10-18T22:44:51.084Z,buy,1.677e-05,149.0,0.00249873
