symbol,timestamp,datetime,side,price,amount,btc_volume
ONG/BTC,1577552691941,2019-12-28T17:04:51.941Z,buy,1.374e-05,470.0,0.0064578
ONG/BTC,1577553003965,2019-12-28T17:10:03.965Z,buy,1.374e-05,337.0,0.00463038
ONG/BTC,1577553068946,2019-12-28T17:11:08.946Z,sell,1.372e-05,145.0,0.0019894
ONG/BTC,1577553873433,2019-12-28T17:24:33.433Z,buy,1.374e-05,2.0,2.748e-05
ONG/BTC,1577553891557,2019-12-28T17:24:51.557Z,buy,1.374e-05,234.0,0.00321516
ONG/BTC,1577553892450,2019-12-28T17:24:52.450Z,buy,1.374e-05,300.0,0.004122
ONG/BTC,1577553892526,2019-12-28T17:24:52.526Z,buy,1.374e-05,234.0,0.00321516
ONG/BTC,1577553952351,2019-12-28T17:25:52.351Z,sell,1.371e-05,234.0,0.00320814
ONG/BTC,1577553952561,2019-12-28T17:25:52.561Z,sell,1.371e-05,43.0,0.00058953
ONG/BTC,1577553952705,2019-12-28T17:25:52.705Z,buy,1.371e-05,191.0,0.00261861
ONG/BTC,1577554031139,2019-12-28T17:27:11.139Z,sell,1.373e-05,14.0,0.00019222
ONG/BTC,1577554031139,2019-12-28T17:27:11.139Z,sell,1.37e-05,109.0,0.0014933
ONG/BTC,1577554031592,2019-12-28T17:27:11.592Z,sell,1.37e-05,182.0,0.0024934
ONG/BTC,1577554031592,2019-12-28T17:27:11.592Z,sell,1.368e-05,134.0,0.00183312
ONG/BTC,1577554033004,2019-12-28T17:27:13.004Z,sell,1.369e-05,141.0,0.0019302899999999
ONG/BTC,1577554033004,2019-12-28T17:27:13.004Z,sell,1.368e-05,175.0,0.002394
ONG/BTC,1577554034054,2019-12-28T17:27:14.054Z,sell,1.368e-05,140.0,0.0019152
ONG/BTC,1577554035035,2019-12-28T17:27:15.035Z,sell,1.368e-05,137.0,0.00187416
ONG/BTC,1577554114612,2019-12-28T17:28:34.612Z,sell,1.368e-05,37.0,0.00050616
ONG/BTC,1577554114612,2019-12-28T17:28:34.612Z,sell,1.367e-05,121.0,0.0016540699999999
ONG/BTC,1577554115280,2019-12-28T17:28:35.280Z,sell,1.367e-05,749.0,0.0102388299999999
ONG/BTC,1577554115280,2019-12-28T17:28:35.280Z,sell,1.365e-05,98.0,0.0013377
ONG/BTC,1577554135878,2019-12-28T17:28:55.878Z,sell,1.364e-05,130.0,0.0017732
ONG/BTC,1577554160929,2019-12-28T17:29:20.929Z,sell,1.365e-05,8.0,0.0001092
ONG/BTC,1577554160960,2019-12-28T17:29:20.960Z,buy,1.365e-05,73.0,0.00099645
ONG/BTC,1577554265043,2019-12-28T17:31:05.043Z,buy,1.365e-05,45.0,0.00061425
ONG/BTC,1577554265043,2019-12-28T17:31:05.043Z,buy,1.366e-05,62.0,0.00084692
ONG/BTC,1577554431772,2019-12-28T17:33:51.772Z,sell,1.365e-05,121.0,0.00165165
ONG/BTC,1577554552769,2019-12-28T17:35:52.769Z,buy,1.366e-05,9.0,0.0001229399999999
ONG/BTC,1577554913490,2019-12-28T17:41:53.490Z,buy,1.366e-05,177.0,0.0024178199999999
ONG/BTC,1577554913490,2019-12-28T17:41:53.490Z,buy,1.367e-05,530.0,0.0072451
ONG/BTC,1577554913510,2019-12-28T17:41:53.510Z,buy,1.368e-05,123.0,0.00168264
ONG/BTC,1577554913537,2019-12-28T17:41:53.537Z,sell,1.367e-05,109.0,0.00149003
ONG/BTC,1577554932848,2019-12-28T17:42:12.848Z,buy,1.368e-05,31.0,0.0004240799999999
ONG/BTC,1577554934088,2019-12-28T17:42:14.088Z,sell,1.368e-05,380.0,0.0051984
ONG/BTC,1577555164403,2019-12-28T17:46:04.403Z,buy,1.37e-05,101.0,0.0013836999999999
ONG/BTC,1577555164403,2019-12-28T17:46:04.403Z,buy,1.37e-05,101.0,0.0013836999999999
ONG/BTC,1577556027146,2019-12-28T18:00:27.146Z,buy,1.37e-05,33.0,0.0004521
ONG/BTC,1577556027580,2019-12-28T18:00:27.580Z,buy,1.37e-05,19.0,0.0002603
ONG/BTC,1577556027846,2019-12-28T18:00:27.846Z,buy,1.37e-05,725.0,0.0099324999999999
ONG/BTC,1577556074120,2019-12-28T18:01:14.120Z,buy,1.37e-05,60.0,0.0008219999999999
ONG/BTC,1577556114073,2019-12-28T18:01:54.073Z,sell,1.368e-05,13.0,0.00017784
ONG/BTC,1577556114073,2019-12-28T18:01:54.073Z,sell,1.367e-05,12.0,0.00016404
ONG/BTC,1577556114073,2019-12-28T18:01:54.073Z,sell,1.365e-05,40.0,0.000546
ONG/BTC,1577556150861,2019-12-28T18:02:30.861Z,buy,1.37e-05,251.0,0.0034387
ONG/BTC,1577556150865,2019-12-28T18:02:30.865Z,buy,1.37e-05,197.0,0.0026988999999999
ONG/BTC,1577556150872,2019-12-28T18:02:30.872Z,buy,1.37e-05,138.0,0.0018905999999999
ONG/BTC,1577556512517,2019-12-28T18:08:32.517Z,buy,1.37e-05,850.0,0.0116449999999999
ONG/BTC,1577556513582,2019-12-28T18:08:33.582Z,sell,1.371e-05,622.0,0.00852762
ONG/BTC,1577556907128,2019-12-28T18:15:07.128Z,buy,1.372e-05,37.0,0.00050764
ONG/BTC,1577556907128,2019-12-28T18:15:07.128Z,buy,1.373e-05,366.0,0.00502518
ONG/BTC,1577557029244,2019-12-28T18:17:09.244Z,sell,1.371e-05,54.0,0.0007403399999999
ONG/BTC,1577557029244,2019-12-28T18:17:09.244Z,sell,1.37e-05,2879.0,0.0394423
ONG/BTC,1577557029244,2019-12-28T18:17:09.244Z,sell,1.367e-05,403.0,0.00550901
ONG/BTC,1577557029244,2019-12-28T18:17:09.244Z,sell,1.366e-05,3914.0,0.05346524
ONG/BTC,1577557029244,2019-12-28T18:17:09.244Z,sell,1.365e-05,400.0,0.00546
ONG/BTC,1577557029244,2019-12-28T18:17:09.244Z,sell,1.364e-05,249.0,0.00339636
ONG/BTC,1577557029244,2019-12-28T18:17:09.244Z,sell,1.363e-05,22.0,0.00029986
ONG/BTC,1577557029244,2019-12-28T18:17:09.244Z,sell,1.362e-05,6800.0,0.092616
ONG/BTC,1577557029244,2019-12-28T18:17:09.244Z,sell,1.361e-05,10.0,0.0001361
ONG/BTC,1577557029244,2019-12-28T18:17:09.244Z,sell,1.36e-05,408.0,0.0055488
ONG/BTC,1577557029244,2019-12-28T18:17:09.244Z,sell,1.359e-05,2824.0,0.03837816
ONG/BTC,1577557029244,2019-12-28T18:17:09.244Z,sell,1.358e-05,3455.0,0.0469189
ONG/BTC,1577557029244,2019-12-28T18:17:09.244Z,sell,1.357e-05,2651.0,0.03597407
ONG/BTC,1577557029244,2019-12-28T18:17:09.244Z,sell,1.356e-05,3220.0,0.0436632
ONG/BTC,1577557029244,2019-12-28T18:17:09.244Z,sell,1.355e-05,4522.0,0.0612731
ONG/BTC,1577557029244,2019-12-28T18:17:09.244Z,sell,1.354e-05,3227.0,0.04369358
ONG/BTC,1577557029244,2019-12-28T18:17:09.244Z,sell,1.353e-05,5879.0,0.07954287
ONG/BTC,1577557029244,2019-12-28T18:17:09.244Z,sell,1.352e-05,1500.0,0.02028
ONG/BTC,1577557029244,2019-12-28T18:17:09.244Z,sell,1.351e-05,6578.0,0.08886878
ONG/BTC,1577557029244,2019-12-28T18:17:09.244Z,sell,1.35e-05,124.0,0.001674
ONG/BTC,1577557029244,2019-12-28T18:17:09.244Z,sell,1.349e-05,628.0,0.00847172
ONG/BTC,1577557029244,2019-12-28T18:17:09.244Z,sell,1.347e-05,2461.0,0.03314967
ONG/BTC,1577557029244,2019-12-28T18:17:09.244Z,sell,1.346e-05,1816.0,0.02444336
ONG/BTC,1577557029244,2019-12-28T18:17:09.244Z,sell,1.345e-05,5688.0,0.0765036
ONG/BTC,1577557029244,2019-12-28T18:17:09.244Z,sell,1.343e-05,1000.0,0.01343
ONG/BTC,1577557029244,2019-12-28T18:17:09.244Z,sell,1.342e-05,1492.0,0.02002264
ONG/BTC,1577557029244,2019-12-28T18:17:09.244Z,sell,1.341e-05,4406.0,0.05908446
ONG/BTC,1577557029244,2019-12-28T18:17:09.244Z,sell,1.34e-05,426.0,0.0057084
ONG/BTC,1577557029244,2019-12-28T18:17:09.244Z,sell,1.339e-05,22282.0,0.29835598
ONG/BTC,1577557029244,2019-12-28T18:17:09.244Z,sell,1.339e-05,68.0,0.00091052
ONG/BTC,1577557029244,2019-12-28T18:17:09.244Z,sell,1.339e-05,1373.0,0.01838447
ONG/BTC,1577557029260,2019-12-28T18:17:09.260Z,buy,1.34e-05,1500.0,0.0201
ONG/BTC,1577557029260,2019-12-28T18:17:09.260Z,buy,1.347e-05,2439.0,0.03285333
ONG/BTC,1577557029260,2019-12-28T18:17:09.260Z,buy,1.347e-05,362.0,0.00487614
ONG/BTC,1577557029260,2019-12-28T18:17:09.260Z,buy,1.348e-05,3577.0,0.04821796
ONG/BTC,1577557029260,2019-12-28T18:17:09.260Z,buy,1.348e-05,362.0,0.0048797599999999
ONG/BTC,1577557029326,2019-12-28T18:17:09.326Z,sell,1.371e-05,457.0,0.0062654699999999
ONG/BTC,1577557029400,2019-12-28T18:17:09.400Z,sell,1.371e-05,305.0,0.00418155
ONG/BTC,1577557029462,2019-12-28T18:17:09.462Z,sell,1.354e-05,1540.0,0.0208516
ONG/BTC,1577557029976,2019-12-28T18:17:09.976Z,buy,1.358e-05,400.0,0.005432
ONG/BTC,1577557029976,2019-12-28T18:17:09.976Z,buy,1.362e-05,8.0,0.00010896
ONG/BTC,1577557030379,2019-12-28T18:17:10.379Z,buy,1.359e-05,368.0,0.00500112
ONG/BTC,1577557031020,2019-12-28T18:17:11.020Z,sell,1.357e-05,611.0,0.00829127
ONG/BTC,1577557031020,2019-12-28T18:17:11.020Z,sell,1.354e-05,377.0,0.00510458
ONG/BTC,1577557031020,2019-12-28T18:17:11.020Z,sell,1.353e-05,873.0,0.01181169
ONG/BTC,1577557032225,2019-12-28T18:17:12.225Z,sell,1.353e-05,547.0,0.0074009099999999
ONG/BTC,1577557032422,2019-12-28T18:17:12.422Z,sell,1.352e-05,259.0,0.0035016799999999
ONG/BTC,1577557032422,2019-12-28T18:17:12.422Z,sell,1.35e-05,143.0,0.0019305
ONG/BTC,1577557033269,2019-12-28T18:17:13.269Z,sell,1.351e-05,530.0,0.0071603
ONG/BTC,1577557033269,2019-12-28T18:17:13.269Z,sell,1.35e-05,510.0,0.006885
ONG/BTC,1577557033277,2019-12-28T18:17:13.277Z,sell,1.35e-05,530.0,0.007155
ONG/BTC,1577557033517,2019-12-28T18:17:13.517Z,buy,1.357e-05,2.0,2.714e-05
ONG/BTC,1577557033756,2019-12-28T18:17:13.756Z,sell,1.348e-05,219.0,0.00295212
ONG/BTC,1577557033756,2019-12-28T18:17:13.756Z,sell,1.346e-05,183.0,0.00246318
ONG/BTC,1577557034302,2019-12-28T18:17:14.302Z,sell,1.347e-05,208.0,0.00280176
ONG/BTC,1577557034451,2019-12-28T18:17:14.451Z,sell,1.348e-05,1278.0,0.01722744
ONG/BTC,1577557034451,2019-12-28T18:17:14.451Z,sell,1.347e-05,539.0,0.00726033
ONG/BTC,1577557035463,2019-12-28T18:17:15.463Z,sell,1.346e-05,48.0,0.00064608
ONG/BTC,1577557035484,2019-12-28T18:17:15.484Z,sell,1.346e-05,70.0,0.0009422
ONG/BTC,1577557035484,2019-12-28T18:17:15.484Z,sell,1.345e-05,1113.0,0.01496985
ONG/BTC,1577557035484,2019-12-28T18:17:15.484Z,sell,1.344e-05,4277.0,0.05748288
ONG/BTC,1577557035670,2019-12-28T18:17:15.670Z,buy,1.352e-05,177.0,0.00239304
ONG/BTC,1577557035952,2019-12-28T18:17:15.952Z,buy,1.352e-05,109.0,0.00147368
ONG/BTC,1577557036199,2019-12-28T18:17:16.199Z,sell,1.344e-05,402.0,0.00540288
ONG/BTC,1577557036590,2019-12-28T18:17:16.590Z,sell,1.344e-05,402.0,0.00540288
ONG/BTC,1577557036688,2019-12-28T18:17:16.688Z,buy,1.349e-05,55.0,0.00074195
ONG/BTC,1577557036911,2019-12-28T18:17:16.911Z,sell,1.344e-05,1074.0,0.01443456
ONG/BTC,1577557041619,2019-12-28T18:17:21.619Z,sell,1.344e-05,14.0,0.00018816
ONG/BTC,1577557041808,2019-12-28T18:17:21.808Z,sell,1.344e-05,722.0,0.00970368
ONG/BTC,1577557042876,2019-12-28T18:17:22.876Z,buy,1.345e-05,18.0,0.0002421
ONG/BTC,1577557043013,2019-12-28T18:17:23.013Z,sell,1.346e-05,479.0,0.00644734
ONG/BTC,1577557043034,2019-12-28T18:17:23.034Z,sell,1.346e-05,213.0,0.00286698
ONG/BTC,1577557043060,2019-12-28T18:17:23.060Z,sell,1.346e-05,889.0,0.01196594
ONG/BTC,1577557043562,2019-12-28T18:17:23.562Z,buy,1.349e-05,134.0,0.00180766
ONG/BTC,1577557044132,2019-12-28T18:17:24.132Z,buy,1.349e-05,35.0,0.00047215
ONG/BTC,1577557048136,2019-12-28T18:17:28.136Z,buy,1.348e-05,33.0,0.00044484
ONG/BTC,1577557048136,2019-12-28T18:17:28.136Z,buy,1.349e-05,199.0,0.0026845099999999
ONG/BTC,1577557052664,2019-12-28T18:17:32.664Z,buy,1.347e-05,33.0,0.00044451
ONG/BTC,1577557052664,2019-12-28T18:17:32.664Z,buy,1.348e-05,33.0,0.00044484
ONG/BTC,1577557053303,2019-12-28T18:17:33.303Z,buy,1.348e-05,671.0,0.00904508
ONG/BTC,1577557053755,2019-12-28T18:17:33.755Z,buy,1.347e-05,33.0,0.00044451
ONG/BTC,1577557053792,2019-12-28T18:17:33.792Z,buy,1.349e-05,74.0,0.00099826
ONG/BTC,1577557054870,2019-12-28T18:17:34.870Z,buy,1.349e-05,326.0,0.00439774
ONG/BTC,1577557054893,2019-12-28T18:17:34.893Z,sell,1.349e-05,214.0,0.0028868599999999
ONG/BTC,1577557054925,2019-12-28T18:17:34.925Z,sell,1.349e-05,266.0,0.0035883399999999
ONG/BTC,1577557055523,2019-12-28T18:17:35.523Z,buy,1.351e-05,519.0,0.00701169
ONG/BTC,1577557072909,2019-12-28T18:17:52.909Z,buy,1.35e-05,33.0,0.0004455
ONG/BTC,1577557073105,2019-12-28T18:17:53.105Z,buy,1.354e-05,279.0,0.00377766
ONG/BTC,1577557073146,2019-12-28T18:17:53.146Z,sell,1.35e-05,400.0,0.0053999999999999
ONG/BTC,1577557083358,2019-12-28T18:18:03.358Z,buy,1.353e-05,33.0,0.0004464899999999
ONG/BTC,1577557083358,2019-12-28T18:18:03.358Z,buy,1.354e-05,1261.0,0.01707394
ONG/BTC,1577557083358,2019-12-28T18:18:03.358Z,buy,1.355e-05,747.0,0.01012185
ONG/BTC,1577557083358,2019-12-28T18:18:03.358Z,buy,1.357e-05,11280.0,0.1530696
ONG/BTC,1577557083375,2019-12-28T18:18:03.375Z,sell,1.357e-05,273.0,0.00370461
ONG/BTC,1577557083382,2019-12-28T18:18:03.382Z,sell,1.357e-05,918.0,0.01245726
ONG/BTC,1577557083448,2019-12-28T18:18:03.448Z,buy,1.358e-05,430.0,0.0058394
ONG/BTC,1577557083448,2019-12-28T18:18:03.448Z,buy,1.359e-05,301.0,0.00409059
ONG/BTC,1577557083448,2019-12-28T18:18:03.448Z,buy,1.36e-05,9.0,0.0001224
ONG/BTC,1577557083457,2019-12-28T18:18:03.457Z,sell,1.357e-05,307.0,0.00416599
ONG/BTC,1577557083460,2019-12-28T18:18:03.460Z,sell,1.357e-05,1432.0,0.01943224
ONG/BTC,1577557083476,2019-12-28T18:18:03.476Z,sell,1.357e-05,233.0,0.00316181
ONG/BTC,1577557083808,2019-12-28T18:18:03.808Z,sell,1.358e-05,52.0,0.00070616
ONG/BTC,1577557083868,2019-12-28T18:18:03.868Z,sell,1.358e-05,356.0,0.00483448
ONG/BTC,1577557083868,2019-12-28T18:18:03.868Z,sell,1.357e-05,52.0,0.00070564
ONG/BTC,1577557084157,2019-12-28T18:18:04.157Z,sell,1.358e-05,97.0,0.00131726
ONG/BTC,1577557084248,2019-12-28T18:18:04.248Z,sell,1.358e-05,40.0,0.0005432
ONG/BTC,1577557084284,2019-12-28T18:18:04.284Z,sell,1.358e-05,100.0,0.001358
ONG/BTC,1577557084373,2019-12-28T18:18:04.373Z,sell,1.358e-05,11.0,0.00014938
ONG/BTC,1577557084378,2019-12-28T18:18:04.378Z,sell,1.358e-05,11.0,0.00014938
ONG/BTC,1577557084382,2019-12-28T18:18:04.382Z,sell,1.358e-05,11.0,0.00014938
ONG/BTC,1577557084415,2019-12-28T18:18:04.415Z,sell,1.358e-05,75.0,0.0010185
ONG/BTC,1577557084415,2019-12-28T18:18:04.415Z,sell,1.357e-05,13.0,0.00017641
ONG/BTC,1577557085993,2019-12-28T18:18:05.993Z,sell,1.357e-05,74.0,0.00100418
ONG/BTC,1577557086391,2019-12-28T18:18:06.391Z,sell,1.357e-05,94.0,0.00127558
ONG/BTC,1577557087496,2019-12-28T18:18:07.496Z,sell,1.357e-05,36.0,0.00048852
ONG/BTC,1577557088988,2019-12-28T18:18:08.988Z,sell,1.357e-05,74.0,0.00100418
ONG/BTC,1577557089406,2019-12-28T18:18:09.406Z,sell,1.357e-05,94.0,0.00127558
ONG/BTC,1577557090995,2019-12-28T18:18:10.995Z,sell,1.357e-05,80.0,0.0010856
ONG/BTC,1577557091389,2019-12-28T18:18:11.389Z,buy,1.358e-05,33.0,0.00044814
ONG/BTC,1577557091389,2019-12-28T18:18:11.389Z,buy,1.359e-05,424.0,0.00576216
ONG/BTC,1577557091399,2019-12-28T18:18:11.399Z,sell,1.357e-05,90.0,0.0012213
ONG/BTC,1577557091818,2019-12-28T18:18:11.818Z,buy,1.359e-05,611.0,0.00830349
ONG/BTC,1577557091920,2019-12-28T18:18:11.920Z,buy,1.359e-05,264.0,0.00358776
ONG/BTC,1577557092372,2019-12-28T18:18:12.372Z,sell,1.358e-05,11.0,0.00014938
ONG/BTC,1577557092380,2019-12-28T18:18:12.380Z,sell,1.358e-05,11.0,0.00014938
ONG/BTC,1577557092385,2019-12-28T18:18:12.385Z,sell,1.358e-05,11.0,0.00014938
ONG/BTC,1577557092579,2019-12-28T18:18:12.579Z,buy,1.359e-05,209.0,0.00284031
ONG/BTC,1577557093747,2019-12-28T18:18:13.747Z,sell,1.358e-05,334.0,0.00453572
ONG/BTC,1577557094999,2019-12-28T18:18:14.999Z,sell,1.357e-05,14.0,0.00018998
ONG/BTC,1577557095011,2019-12-28T18:18:15.011Z,sell,1.357e-05,80.0,0.0010856
ONG/BTC,1577557095045,2019-12-28T18:18:15.045Z,buy,1.358e-05,849.0,0.01152942
ONG/BTC,1577557095045,2019-12-28T18:18:15.045Z,buy,1.359e-05,381.0,0.00517779
ONG/BTC,1577557095047,2019-12-28T18:18:15.047Z,buy,1.359e-05,1237.0,0.01681083
ONG/BTC,1577557095080,2019-12-28T18:18:15.080Z,buy,1.359e-05,669.0,0.00909171
ONG/BTC,1577557095171,2019-12-28T18:18:15.171Z,buy,1.359e-05,690.0,0.0093771
ONG/BTC,1577557095286,2019-12-28T18:18:15.286Z,buy,1.359e-05,690.0,0.0093771
ONG/BTC,1577557098429,2019-12-28T18:18:18.429Z,buy,1.358e-05,33.0,0.00044814
ONG/BTC,1577557098429,2019-12-28T18:18:18.429Z,buy,1.359e-05,690.0,0.0093771
ONG/BTC,1577557098430,2019-12-28T18:18:18.430Z,buy,1.359e-05,723.0,0.00982557
ONG/BTC,1577557098463,2019-12-28T18:18:18.463Z,buy,1.359e-05,648.0,0.00880632
ONG/BTC,1577557109283,2019-12-28T18:18:29.283Z,buy,1.359e-05,33.0,0.00044847
ONG/BTC,1577557109283,2019-12-28T18:18:29.283Z,buy,1.36e-05,79.0,0.0010744
ONG/BTC,1577557109321,2019-12-28T18:18:29.321Z,buy,1.36e-05,110.0,0.001496
ONG/BTC,1577557109377,2019-12-28T18:18:29.377Z,buy,1.36e-05,110.0,0.001496
ONG/BTC,1577557109412,2019-12-28T18:18:29.412Z,buy,1.36e-05,1520.0,0.020672
ONG/BTC,1577557110236,2019-12-28T18:18:30.236Z,buy,1.36e-05,400.0,0.00544
ONG/BTC,1577557123968,2019-12-28T18:18:43.968Z,buy,1.361e-05,33.0,0.00044913
ONG/BTC,1577557123968,2019-12-28T18:18:43.968Z,buy,1.362e-05,17.0,0.00023154
ONG/BTC,1577557123968,2019-12-28T18:18:43.968Z,buy,1.363e-05,191.0,0.00260333
ONG/BTC,1577557123968,2019-12-28T18:18:43.968Z,buy,1.364e-05,128.0,0.00174592
ONG/BTC,1577557129909,2019-12-28T18:18:49.909Z,buy,1.363e-05,33.0,0.00044979
ONG/BTC,1577557129909,2019-12-28T18:18:49.909Z,buy,1.364e-05,373.0,0.00508772
ONG/BTC,1577557129909,2019-12-28T18:18:49.909Z,buy,1.365e-05,1378.0,0.0188097
ONG/BTC,1577557129909,2019-12-28T18:18:49.909Z,buy,1.367e-05,216.0,0.00295272
ONG/BTC,1577557142789,2019-12-28T18:19:02.789Z,sell,1.361e-05,17.0,0.00023137
ONG/BTC,1577557156583,2019-12-28T18:19:16.583Z,sell,1.362e-05,519.0,0.00706878
ONG/BTC,1577557160341,2019-12-28T18:19:20.341Z,sell,1.362e-05,66.0,0.00089892
ONG/BTC,1577557205231,2019-12-28T18:20:05.231Z,buy,1.363e-05,33.0,0.00044979
ONG/BTC,1577557205231,2019-12-28T18:20:05.231Z,buy,1.364e-05,17.0,0.00023188
ONG/BTC,1577557205231,2019-12-28T18:20:05.231Z,buy,1.366e-05,136.0,0.00185776
ONG/BTC,1577557208121,2019-12-28T18:20:08.121Z,buy,1.365e-05,33.0,0.0004504499999999
ONG/BTC,1577557208121,2019-12-28T18:20:08.121Z,buy,1.366e-05,806.0,0.01100996
ONG/BTC,1577557208121,2019-12-28T18:20:08.121Z,buy,1.367e-05,47.0,0.00064249
ONG/BTC,1577557216930,2019-12-28T18:20:16.930Z,sell,1.363e-05,432.0,0.00588816
ONG/BTC,1577557228642,2019-12-28T18:20:28.642Z,buy,1.365e-05,291.0,0.00397215
ONG/BTC,1577557228642,2019-12-28T18:20:28.642Z,buy,1.366e-05,174.0,0.00237684
ONG/BTC,1577557246565,2019-12-28T18:20:46.565Z,buy,1.365e-05,324.0,0.0044226
ONG/BTC,1577557246565,2019-12-28T18:20:46.565Z,buy,1.367e-05,209.0,0.00285703
ONG/BTC,1577557246860,2019-12-28T18:20:46.860Z,buy,1.368e-05,408.0,0.00558144
ONG/BTC,1577557246887,2019-12-28T18:20:46.887Z,sell,1.367e-05,67.0,0.0009158899999999
ONG/BTC,1577557258970,2019-12-28T18:20:58.970Z,buy,1.366e-05,33.0,0.0004507799999999
ONG/BTC,1577557258970,2019-12-28T18:20:58.970Z,buy,1.367e-05,341.0,0.00466147
ONG/BTC,1577557270366,2019-12-28T18:21:10.366Z,sell,1.367e-05,26.0,0.00035542
ONG/BTC,1577557270366,2019-12-28T18:21:10.366Z,sell,1.363e-05,72.0,0.00098136
ONG/BTC,1577557348766,2019-12-28T18:22:28.766Z,buy,1.369e-05,33.0,0.00045177
ONG/BTC,1577557348766,2019-12-28T18:22:28.766Z,buy,1.37e-05,22.0,0.0003014
ONG/BTC,1577557402533,2019-12-28T18:23:22.533Z,sell,1.365e-05,31.0,0.00042315
ONG/BTC,1577557440352,2019-12-28T18:24:00.352Z,buy,1.366e-05,33.0,0.0004507799999999
ONG/BTC,1577557451350,2019-12-28T18:24:11.350Z,buy,1.37e-05,33.0,0.0004521
ONG/BTC,1577557469594,2019-12-28T18:24:29.594Z,buy,1.371e-05,33.0,0.00045243
ONG/BTC,1577557607741,2019-12-28T18:26:47.741Z,sell,1.366e-05,363.0,0.00495858
ONG/BTC,1577557645839,2019-12-28T18:27:25.839Z,sell,1.366e-05,189.0,0.00258174
ONG/BTC,1577557680544,2019-12-28T18:28:00.544Z,sell,1.365e-05,729.0,0.00995085
ONG/BTC,1577557894993,2019-12-28T18:31:34.993Z,buy,1.366e-05,22.0,0.00030052
ONG/BTC,1577557894993,2019-12-28T18:31:34.993Z,buy,1.369e-05,1114.0,0.01525066
ONG/BTC,1577557895025,2019-12-28T18:31:35.025Z,buy,1.369e-05,377.0,0.00516113
ONG/BTC,1577557925524,2019-12-28T18:32:05.524Z,sell,1.365e-05,25.0,0.00034125
ONG/BTC,1577557928678,2019-12-28T18:32:08.678Z,sell,1.365e-05,196.0,0.0026754
ONG/BTC,1577557973942,2019-12-28T18:32:53.942Z,sell,1.365e-05,1282.0,0.0174993
ONG/BTC,1577557974718,2019-12-28T18:32:54.718Z,sell,1.365e-05,159.0,0.00217035
ONG/BTC,1577558107149,2019-12-28T18:35:07.149Z,sell,1.363e-05,1179.0,0.01606977
ONG/BTC,1577558107149,2019-12-28T18:35:07.149Z,sell,1.362e-05,4674.0,0.06365988
ONG/BTC,1577558107149,2019-12-28T18:35:07.149Z,sell,1.36e-05,4063.0,0.0552568
ONG/BTC,1577558107225,2019-12-28T18:35:07.225Z,buy,1.36e-05,151.0,0.0020536
ONG/BTC,1577558107581,2019-12-28T18:35:07.581Z,sell,1.359e-05,400.0,0.005436
ONG/BTC,1577558107617,2019-12-28T18:35:07.617Z,buy,1.359e-05,8.0,0.00010872
ONG/BTC,1577558107617,2019-12-28T18:35:07.617Z,buy,1.36e-05,400.0,0.00544
ONG/BTC,1577558107741,2019-12-28T18:35:07.741Z,buy,1.36e-05,458.0,0.0062288
ONG/BTC,1577558107788,2019-12-28T18:35:07.788Z,buy,1.36e-05,110.0,0.001496
ONG/BTC,1577558172731,2019-12-28T18:36:12.731Z,buy,1.36e-05,2.0,2.72e-05
ONG/BTC,1577558180109,2019-12-28T18:36:20.109Z,buy,1.36e-05,6000.0,0.0816
ONG/BTC,1577558192837,2019-12-28T18:36:32.837Z,buy,1.36e-05,131.0,0.0017816
ONG/BTC,1577558210333,2019-12-28T18:36:50.333Z,buy,1.364e-05,450.0,0.006138
ONG/BTC,1577558222712,2019-12-28T18:37:02.712Z,sell,1.364e-05,183.0,0.00249612
ONG/BTC,1577558230936,2019-12-28T18:37:10.936Z,buy,1.365e-05,299.0,0.00408135
ONG/BTC,1577558312675,2019-12-28T18:38:32.675Z,buy,1.364e-05,2.0,2.728e-05
ONG/BTC,1577558324680,2019-12-28T18:38:44.680Z,sell,1.359e-05,397.0,0.00539523
ONG/BTC,1577558364023,2019-12-28T18:39:24.023Z,sell,1.359e-05,4132.0,0.05615388
ONG/BTC,1577558437121,2019-12-28T18:40:37.121Z,sell,1.359e-05,178.0,0.00241902
ONG/BTC,1577558475849,2019-12-28T18:41:15.849Z,buy,1.365e-05,366.0,0.0049959
ONG/BTC,1577558475849,2019-12-28T18:41:15.849Z,buy,1.365e-05,366.0,0.0049959
ONG/BTC,1577559434010,2019-12-28T18:57:14.010Z,sell,1.365e-05,1078.0,0.0147146999999999
ONG/BTC,1577559434018,2019-12-28T18:57:14.018Z,sell,1.365e-05,20.0,0.000273
ONG/BTC,1577559436378,2019-12-28T18:57:16.378Z,sell,1.363e-05,665.0,0.00906395
ONG/BTC,1577559437683,2019-12-28T18:57:17.683Z,sell,1.362e-05,529.0,0.00720498
ONG/BTC,1577559440181,2019-12-28T18:57:20.181Z,sell,1.362e-05,363.0,0.00494406
ONG/BTC,1577559442678,2019-12-28T18:57:22.678Z,sell,1.362e-05,249.0,0.00339138
ONG/BTC,1577559443979,2019-12-28T18:57:23.979Z,sell,1.362e-05,172.0,0.00234264
ONG/BTC,1577559448983,2019-12-28T18:57:28.983Z,sell,1.362e-05,116.0,0.00157992
ONG/BTC,1577559452481,2019-12-28T18:57:32.481Z,sell,1.362e-05,79.0,0.00107598
ONG/BTC,1577559607153,2019-12-28T19:00:07.153Z,buy,1.364e-05,2.0,2.728e-05
ONG/BTC,1577559615069,2019-12-28T19:00:15.069Z,buy,1.364e-05,21.0,0.00028644
ONG/BTC,1577559619048,2019-12-28T19:00:19.048Z,buy,1.365e-05,2.0,2.73e-05
ONG/BTC,1577561094929,2019-12-28T19:24:54.929Z,buy,1.365e-05,8.0,0.0001092
ONG/BTC,1577561170755,2019-12-28T19:26:10.755Z,sell,1.362e-05,170.0,0.0023154
ONG/BTC,1577561170822,2019-12-28T19:26:10.822Z,sell,1.362e-05,80.0,0.0010896
ONG/BTC,1577561171092,2019-12-28T19:26:11.092Z,sell,1.362e-05,75.0,0.0010215
ONG/BTC,1577561171582,2019-12-28T19:26:11.582Z,sell,1.362e-05,50.0,0.000681
ONG/BTC,1577561182735,2019-12-28T19:26:22.735Z,sell,1.362e-05,75.0,0.0010215
ONG/BTC,1577561184605,2019-12-28T19:26:24.605Z,sell,1.362e-05,288.0,0.00392256
ONG/BTC,1577561187406,2019-12-28T19:26:27.406Z,sell,1.362e-05,197.0,0.00268314
ONG/BTC,1577561188403,2019-12-28T19:26:28.403Z,sell,1.362e-05,137.0,0.00186594
ONG/BTC,1577561702064,2019-12-28T19:35:02.064Z,sell,1.365e-05,46.0,0.0006279
ONG/BTC,1577561754411,2019-12-28T19:35:54.411Z,sell,1.365e-05,50.0,0.0006825
ONG/BTC,1577561773434,2019-12-28T19:36:13.434Z,sell,1.365e-05,32.0,0.0004368
ONG/BTC,1577561773438,2019-12-28T19:36:13.438Z,sell,1.365e-05,30.0,0.0004095
ONG/BTC,1577561773460,2019-12-28T19:36:13.460Z,sell,1.365e-05,91.0,0.00124215
ONG/BTC,1577561819513,2019-12-28T19:36:59.513Z,sell,1.365e-05,46.0,0.0006279
ONG/BTC,1577561819532,2019-12-28T19:36:59.532Z,sell,1.365e-05,76.0,0.0010374
ONG/BTC,1577561885544,2019-12-28T19:38:05.544Z,sell,1.365e-05,50.0,0.0006825
ONG/BTC,1577561943602,2019-12-28T19:39:03.602Z,sell,1.365e-05,17.0,0.00023205
ONG/BTC,1577561952334,2019-12-28T19:39:12.334Z,sell,1.365e-05,56.0,0.0007643999999999
ONG/BTC,1577561952357,2019-12-28T19:39:12.357Z,sell,1.365e-05,87.0,0.0011875499999999
ONG/BTC,1577561952357,2019-12-28T19:39:12.357Z,sell,1.365e-05,87.0,0.0011875499999999
ONG/BTC,1577564179917,2019-12-28T20:16:19.917Z,buy,1.367e-05,332.0,0.0045384399999999
ONG/BTC,1577564179917,2019-12-28T20:16:19.917Z,buy,1.368e-05,788.0,0.0107798399999999
ONG/BTC,1577564202560,2019-12-28T20:16:42.560Z,sell,1.365e-05,459.0,0.00626535
ONG/BTC,1577564465836,2019-12-28T20:21:05.836Z,sell,1.362e-05,130.0,0.0017706
ONG/BTC,1577565404453,2019-12-28T20:36:44.453Z,buy,1.367e-05,3396.0,0.04642332
ONG/BTC,1577565404562,2019-12-28T20:36:44.562Z,buy,1.367e-05,1138.0,0.01555646
ONG/BTC,1577565505651,2019-12-28T20:38:25.651Z,sell,1.364e-05,13.0,0.00017732
ONG/BTC,1577565505651,2019-12-28T20:38:25.651Z,sell,1.363e-05,1762.0,0.02401606
ONG/BTC,1577565505651,2019-12-28T20:38:25.651Z,sell,1.362e-05,3123.0,0.04253526
ONG/BTC,1577565505651,2019-12-28T20:38:25.651Z,sell,1.364e-05,13.0,0.00017732
ONG/BTC,1577565505651,2019-12-28T20:38:25.651Z,sell,1.363e-05,1762.0,0.02401606
ONG/BTC,1577565505651,2019-12-28T20:38:25.651Z,sell,1.362e-05,3123.0,0.04253526
ONG/BTC,1577566094732,2019-12-28T20:48:14.732Z,buy,1.368e-05,2.0,2.736e-05
ONG/BTC,1577566098431,2019-12-28T20:48:18.431Z,buy,1.368e-05,2.0,2.736e-05
ONG/BTC,1577566102545,2019-12-28T20:48:22.545Z,buy,1.368e-05,2.0,2.736e-05
ONG/BTC,1577566198960,2019-12-28T20:49:58.960Z,buy,1.368e-05,2.0,2.736e-05
ONG/BTC,1577566224589,2019-12-28T20:50:24.589Z,buy,1.368e-05,2.0,2.736e-05
ONG/BTC,1577568622773,2019-12-28T21:30:22.773Z,sell,1.362e-05,17.0,0.00023154
ONG/BTC,1577568630173,2019-12-28T21:30:30.173Z,sell,1.362e-05,17.0,0.00023154
ONG/BTC,1577568637634,2019-12-28T21:30:37.634Z,sell,1.362e-05,17.0,0.00023154
ONG/BTC,1577568644852,2019-12-28T21:30:44.852Z,sell,1.362e-05,17.0,0.00023154
ONG/BTC,1577568652075,2019-12-28T21:30:52.075Z,sell,1.362e-05,17.0,0.00023154
ONG/BTC,1577568659489,2019-12-28T21:30:59.489Z,sell,1.362e-05,17.0,0.00023154
ONG/BTC,1577568667745,2019-12-28T21:31:07.745Z,sell,1.362e-05,17.0,0.00023154
ONG/BTC,1577568674562,2019-12-28T21:31:14.562Z,sell,1.362e-05,17.0,0.00023154
ONG/BTC,1577568680977,2019-12-28T21:31:20.977Z,sell,1.362e-05,17.0,0.00023154
ONG/BTC,1577568680977,2019-12-28T21:31:20.977Z,sell,1.362e-05,17.0,0.00023154
ONG/BTC,1577569122310,2019-12-28T21:38:42.310Z,sell,1.362e-05,1364.0,0.01857768
ONG/BTC,1577569122310,2019-12-28T21:38:42.310Z,sell,1.358e-05,369.0,0.00501102
ONG/BTC,1577569122310,2019-12-28T21:38:42.310Z,sell,1.357e-05,1353.0,0.01836021
ONG/BTC,1577569122310,2019-12-28T21:38:42.310Z,sell,1.356e-05,961.0,0.01303116
ONG/BTC,1577569122310,2019-12-28T21:38:42.310Z,sell,1.355e-05,25.0,0.00033875
ONG/BTC,1577569122310,2019-12-28T21:38:42.310Z,sell,1.354e-05,2305.0,0.0312097
ONG/BTC,1577569122352,2019-12-28T21:38:42.352Z,sell,1.354e-05,251.0,0.00339854
ONG/BTC,1577569122410,2019-12-28T21:38:42.410Z,sell,1.354e-05,400.0,0.005416
ONG/BTC,1577569122577,2019-12-28T21:38:42.577Z,sell,1.358e-05,280.0,0.0038024
ONG/BTC,1577569122691,2019-12-28T21:38:42.691Z,sell,1.358e-05,10.0,0.0001358
ONG/BTC,1577569122730,2019-12-28T21:38:42.730Z,buy,1.358e-05,398.0,0.00540484
ONG/BTC,1577569122730,2019-12-28T21:38:42.730Z,buy,1.359e-05,10.0,0.0001359
ONG/BTC,1577569123243,2019-12-28T21:38:43.243Z,sell,1.353e-05,73.0,0.0009876899999999
ONG/BTC,1577569123243,2019-12-28T21:38:43.243Z,sell,1.351e-05,313.0,0.00422863
ONG/BTC,1577569123243,2019-12-28T21:38:43.243Z,sell,1.35e-05,403.0,0.0054405
ONG/BTC,1577569123243,2019-12-28T21:38:43.243Z,sell,1.347e-05,1643.0,0.02213121
ONG/BTC,1577569123243,2019-12-28T21:38:43.243Z,sell,1.346e-05,768.0,0.01033728
ONG/BTC,1577569123584,2019-12-28T21:38:43.584Z,sell,1.352e-05,408.0,0.00551616
ONG/BTC,1577569124084,2019-12-28T21:38:44.084Z,sell,1.351e-05,213.0,0.00287763
ONG/BTC,1577569124084,2019-12-28T21:38:44.084Z,sell,1.349e-05,272.0,0.00366928
ONG/BTC,1577569124084,2019-12-28T21:38:44.084Z,sell,1.348e-05,172.0,0.00231856
ONG/BTC,1577569124084,2019-12-28T21:38:44.084Z,sell,1.345e-05,723.0,0.00972435
ONG/BTC,1577569146479,2019-12-28T21:39:06.479Z,buy,1.351e-05,35.0,0.00047285
ONG/BTC,1577569146856,2019-12-28T21:39:06.856Z,buy,1.351e-05,8.0,0.00010808
ONG/BTC,1577569154333,2019-12-28T21:39:14.333Z,buy,1.35e-05,621.0,0.0083835
ONG/BTC,1577569156347,2019-12-28T21:39:16.347Z,buy,1.35e-05,400.0,0.0053999999999999
ONG/BTC,1577569210847,2019-12-28T21:40:10.847Z,buy,1.351e-05,379.0,0.0051202899999999
ONG/BTC,1577569658441,2019-12-28T21:47:38.441Z,buy,1.352e-05,370.0,0.0050024
ONG/BTC,1577569685503,2019-12-28T21:48:05.503Z,sell,1.349e-05,25.0,0.00033725
ONG/BTC,1577569724505,2019-12-28T21:48:44.505Z,sell,1.35e-05,17.0,0.0002295
ONG/BTC,1577569724505,2019-12-28T21:48:44.505Z,sell,1.349e-05,386.0,0.00520714
ONG/BTC,1577569827505,2019-12-28T21:50:27.505Z,buy,1.352e-05,2.0,2.704e-05
ONG/BTC,1577569920236,2019-12-28T21:52:00.236Z,buy,1.352e-05,669.0,0.00904488
ONG/BTC,1577569940924,2019-12-28T21:52:20.924Z,buy,1.354e-05,324.0,0.00438696
ONG/BTC,1577569941034,2019-12-28T21:52:21.034Z,sell,1.354e-05,703.0,0.00951862
ONG/BTC,1577569942037,2019-12-28T21:52:22.037Z,sell,1.354e-05,276.0,0.00373704
ONG/BTC,1577570069598,2019-12-28T21:54:29.598Z,sell,1.351e-05,164.0,0.00221564
ONG/BTC,1577570165994,2019-12-28T21:56:05.994Z,sell,1.354e-05,13.0,0.00017602
ONG/BTC,1577570181725,2019-12-28T21:56:21.725Z,buy,1.356e-05,256.0,0.00347136
ONG/BTC,1577570181743,2019-12-28T21:56:21.743Z,buy,1.356e-05,210.0,0.0028476
ONG/BTC,1577570300098,2019-12-28T21:58:20.098Z,buy,1.356e-05,17.0,0.00023052
ONG/BTC,1577570300098,2019-12-28T21:58:20.098Z,buy,1.357e-05,870.0,0.0118059
ONG/BTC,1577570447631,2019-12-28T22:00:47.631Z,buy,1.357e-05,86.0,0.00116702
ONG/BTC,1577570447720,2019-12-28T22:00:47.720Z,sell,1.357e-05,288.0,0.00390816
ONG/BTC,1577570464143,2019-12-28T22:01:04.143Z,buy,1.359e-05,17.0,0.00023103
ONG/BTC,1577570471632,2019-12-28T22:01:11.632Z,buy,1.359e-05,17.0,0.00023103
ONG/BTC,1577570477034,2019-12-28T22:01:17.034Z,buy,1.359e-05,603.0,0.00819477
ONG/BTC,1577570478693,2019-12-28T22:01:18.693Z,buy,1.359e-05,17.0,0.00023103
ONG/BTC,1577570485726,2019-12-28T22:01:25.726Z,buy,1.359e-05,17.0,0.00023103
ONG/BTC,1577570488404,2019-12-28T22:01:28.404Z,buy,1.359e-05,735.0,0.00998865
ONG/BTC,1577570488404,2019-12-28T22:01:28.404Z,buy,1.359e-05,1.0,1.359e-05
ONG/BTC,1577570488417,2019-12-28T22:01:28.417Z,buy,1.36e-05,167.0,0.0022712
ONG/BTC,1577570488430,2019-12-28T22:01:28.430Z,buy,1.36e-05,515.0,0.007004
ONG/BTC,1577570488449,2019-12-28T22:01:28.449Z,sell,1.357e-05,68.0,0.00092276
ONG/BTC,1577570492559,2019-12-28T22:01:32.559Z,buy,1.361e-05,17.0,0.00023137
ONG/BTC,1577570499976,2019-12-28T22:01:39.976Z,buy,1.361e-05,17.0,0.00023137
ONG/BTC,1577570507350,2019-12-28T22:01:47.350Z,buy,1.361e-05,17.0,0.00023137
ONG/BTC,1577570512690,2019-12-28T22:01:52.690Z,buy,1.361e-05,500.0,0.006805
ONG/BTC,1577570514227,2019-12-28T22:01:54.227Z,buy,1.361e-05,17.0,0.00023137
ONG/BTC,1577570522712,2019-12-28T22:02:02.712Z,buy,1.361e-05,17.0,0.00023137
ONG/BTC,1577570527302,2019-12-28T22:02:07.302Z,buy,1.36e-05,237.0,0.0032232
ONG/BTC,1577570788025,2019-12-28T22:06:28.025Z,sell,1.357e-05,192.0,0.00260544
ONG/BTC,1577570798739,2019-12-28T22:06:38.739Z,buy,1.359e-05,8.0,0.00010872
ONG/BTC,1577570993871,2019-12-28T22:09:53.871Z,sell,1.356e-05,194.0,0.00263064
ONG/BTC,1577570993884,2019-12-28T22:09:53.884Z,sell,1.356e-05,154.0,0.00208824
ONG/BTC,1577571179082,2019-12-28T22:12:59.082Z,sell,1.355e-05,13.0,0.00017615
ONG/BTC,1577571179082,2019-12-28T22:12:59.082Z,sell,1.352e-05,46.0,0.00062192
ONG/BTC,1577571202854,2019-12-28T22:13:22.854Z,buy,1.359e-05,8.0,0.00010872
ONG/BTC,1577571605509,2019-12-28T22:20:05.509Z,buy,1.357e-05,98.0,0.00132986
ONG/BTC,1577571605509,2019-12-28T22:20:05.509Z,buy,1.358e-05,34.0,0.00046172
ONG/BTC,1577571605785,2019-12-28T22:20:05.785Z,buy,1.358e-05,331.0,0.00449498
ONG/BTC,1577571627655,2019-12-28T22:20:27.655Z,sell,1.353e-05,8.0,0.00010824
ONG/BTC,1577571708860,2019-12-28T22:21:48.860Z,buy,1.358e-05,237.0,0.00321846
ONG/BTC,1577571758945,2019-12-28T22:22:38.945Z,buy,1.358e-05,79.0,0.00107282
ONG/BTC,1577571758994,2019-12-28T22:22:38.994Z,sell,1.358e-05,257.0,0.00349006
ONG/BTC,1577571760095,2019-12-28T22:22:40.095Z,sell,1.358e-05,105.0,0.0014259
ONG/BTC,1577571776700,2019-12-28T22:22:56.700Z,buy,1.36e-05,4362.0,0.0593232
ONG/BTC,1577571853644,2019-12-28T22:24:13.644Z,buy,1.36e-05,2.0,2.72e-05
ONG/BTC,1577571897093,2019-12-28T22:24:57.093Z,sell,1.356e-05,1167.0,0.01582452
ONG/BTC,1577571899084,2019-12-28T22:24:59.084Z,sell,1.356e-05,804.0,0.01090224
ONG/BTC,1577571900592,2019-12-28T22:25:00.592Z,sell,1.356e-05,384.0,0.00520704
ONG/BTC,1577571913923,2019-12-28T22:25:13.923Z,sell,1.354e-05,17.0,0.00023018
ONG/BTC,1577572224608,2019-12-28T22:30:24.608Z,sell,1.354e-05,3024.0,0.04094496
ONG/BTC,1577572224608,2019-12-28T22:30:24.608Z,sell,1.354e-05,3024.0,0.04094496
ONG/BTC,1577572285399,2019-12-28T22:31:25.399Z,buy,1.354e-05,17.0,0.00023018
ONG/BTC,1577572319835,2019-12-28T22:31:59.835Z,buy,1.354e-05,17.0,0.00023018
ONG/BTC,1577572378577,2019-12-28T22:32:58.577Z,buy,1.354e-05,1.0,1.354e-05
ONG/BTC,1577572378577,2019-12-28T22:32:58.577Z,buy,1.356e-05,9.0,0.00012204
ONG/BTC,1577572593611,2019-12-28T22:36:33.611Z,buy,1.356e-05,2.0,2.712e-05
ONG/BTC,1577572739654,2019-12-28T22:38:59.654Z,sell,1.354e-05,17.0,0.00023018
ONG/BTC,1577572959707,2019-12-28T22:42:39.707Z,buy,1.36e-05,332.0,0.0045152
ONG/BTC,1577573357236,2019-12-28T22:49:17.236Z,buy,1.36e-05,332.0,0.0045152
ONG/BTC,1577573434505,2019-12-28T22:50:34.505Z,buy,1.36e-05,2.0,2.72e-05
ONG/BTC,1577573939701,2019-12-28T22:58:59.701Z,sell,1.358e-05,17.0,0.00023086
ONG/BTC,1577574491176,2019-12-28T23:08:11.176Z,buy,1.359e-05,400.0,0.005436
ONG/BTC,1577574491176,2019-12-28T23:08:11.176Z,buy,1.36e-05,8.0,0.0001088
ONG/BTC,1577574491176,2019-12-28T23:08:11.176Z,buy,1.361e-05,66.0,0.00089826
ONG/BTC,1577574491734,2019-12-28T23:08:11.734Z,buy,1.36e-05,22.0,0.0002992
ONG/BTC,1577575139732,2019-12-28T23:18:59.732Z,sell,1.358e-05,12.0,0.00016296
ONG/BTC,1577575139732,2019-12-28T23:18:59.732Z,sell,1.358e-05,12.0,0.00016296
ONG/BTC,1577576557120,2019-12-28T23:42:37.120Z,buy,1.361e-05,461.0,0.00627421
ONG/BTC,1577576557120,2019-12-28T23:42:37.120Z,buy,1.362e-05,4202.0,0.05723124
ONG/BTC,1577576557120,2019-12-28T23:42:37.120Z,buy,1.363e-05,4785.0,0.06521955
ONG/BTC,1577576557120,2019-12-28T23:42:37.120Z,buy,1.364e-05,1879.0,0.02562956
ONG/BTC,1577576557120,2019-12-28T23:42:37.120Z,buy,1.365e-05,9265.0,0.12646725
ONG/BTC,1577576557163,2019-12-28T23:42:37.163Z,buy,1.365e-05,4914.0,0.0670761
ONG/BTC,1577576557444,2019-12-28T23:42:37.444Z,sell,1.363e-05,408.0,0.00556104
ONG/BTC,1577576558486,2019-12-28T23:42:38.486Z,sell,1.362e-05,38.0,0.00051756
ONG/BTC,1577577021342,2019-12-28T23:50:21.342Z,sell,1.363e-05,13.0,0.00017719
ONG/BTC,1577577332064,2019-12-28T23:55:32.064Z,buy,1.362e-05,2.0,2.724e-05
ONG/BTC,1577577449227,2019-12-28T23:57:29.227Z,sell,1.359e-05,83.0,0.00112797
ONG/BTC,1577577733488,2019-12-29T00:02:13.488Z,sell,1.358e-05,221.0,0.00300118
ONG/BTC,1577578217159,2019-12-29T00:10:17.159Z,sell,1.358e-05,32.0,0.00043456
ONG/BTC,1577578217159,2019-12-29T00:10:17.159Z,sell,1.358e-05,30.0,0.0004074
ONG/BTC,1577578374308,2019-12-29T00:12:54.308Z,buy,1.359e-05,408.0,0.00554472
ONG/BTC,1577578374308,2019-12-29T00:12:54.308Z,buy,1.362e-05,294.0,0.00400428
ONG/BTC,1577578374308,2019-12-29T00:12:54.308Z,buy,1.364e-05,4685.0,0.0639034
ONG/BTC,1577578374308,2019-12-29T00:12:54.308Z,buy,1.359e-05,408.0,0.00554472
ONG/BTC,1577578374308,2019-12-29T00:12:54.308Z,buy,1.362e-05,294.0,0.00400428
ONG/BTC,1577578374308,2019-12-29T00:12:54.308Z,buy,1.364e-05,4685.0,0.0639034
ONG/BTC,1577579798549,2019-12-29T00:36:38.549Z,buy,1.363e-05,4376.0,0.05964488
ONG/BTC,1577580346286,2019-12-29T00:45:46.286Z,sell,1.358e-05,25.0,0.0003395
ONG/BTC,1577580641486,2019-12-29T00:50:41.486Z,buy,1.364e-05,283.0,0.00386012
ONG/BTC,1577580641486,2019-12-29T00:50:41.486Z,buy,1.366e-05,317.0,0.00433022
ONG/BTC,1577581392907,2019-12-29T01:03:12.907Z,buy,1.362e-05,193.0,0.00262866
ONG/BTC,1577581392907,2019-12-29T01:03:12.907Z,buy,1.362e-05,84.0,0.00114408
ONG/BTC,1577581422026,2019-12-29T01:03:42.026Z,buy,1.366e-05,404.0,0.00551864
ONG/BTC,1577581422026,2019-12-29T01:03:42.026Z,buy,1.366e-05,404.0,0.00551864
ONG/BTC,1577583158492,2019-12-29T01:32:38.492Z,sell,1.358e-05,397.0,0.00539126
ONG/BTC,1577584401714,2019-12-29T01:53:21.714Z,buy,1.365e-05,286.0,0.0039039
ONG/BTC,1577584556767,2019-12-29T01:55:56.767Z,buy,1.365e-05,300.0,0.004095
ONG/BTC,1577584591232,2019-12-29T01:56:31.232Z,sell,1.365e-05,87.0,0.0011875499999999
ONG/BTC,1577584661092,2019-12-29T01:57:41.092Z,sell,1.365e-05,354.0,0.0048321
ONG/BTC,1577584661092,2019-12-29T01:57:41.092Z,sell,1.365e-05,354.0,0.0048321
ONG/BTC,1577585262499,2019-12-29T02:07:42.499Z,sell,1.362e-05,454.0,0.00618348
ONG/BTC,1577585262520,2019-12-29T02:07:42.520Z,sell,1.362e-05,320.0,0.0043584
ONG/BTC,1577585263735,2019-12-29T02:07:43.735Z,sell,1.362e-05,222.0,0.00302364
ONG/BTC,1577585265247,2019-12-29T02:07:45.247Z,sell,1.362e-05,153.0,0.00208386
ONG/BTC,1577585266925,2019-12-29T02:07:46.925Z,sell,1.362e-05,2335.0,0.0318027
ONG/BTC,1577586090495,2019-12-29T02:21:30.495Z,buy,1.366e-05,2.0,2.732e-05
ONG/BTC,1577586529061,2019-12-29T02:28:49.061Z,sell,1.362e-05,20.0,0.0002724
ONG/BTC,1577587203222,2019-12-29T02:40:03.222Z,sell,1.362e-05,710.0,0.0096702
ONG/BTC,1577587203231,2019-12-29T02:40:03.231Z,sell,1.362e-05,497.0,0.00676914
ONG/BTC,1577587205081,2019-12-29T02:40:05.081Z,sell,1.362e-05,342.0,0.00465804
ONG/BTC,1577587206895,2019-12-29T02:40:06.895Z,sell,1.362e-05,550.0,0.007491
ONG/BTC,1577587206918,2019-12-29T02:40:06.918Z,sell,1.362e-05,621.0,0.00845802
ONG/BTC,1577587208095,2019-12-29T02:40:08.095Z,sell,1.362e-05,431.0,0.00587022
ONG/BTC,1577587209791,2019-12-29T02:40:09.791Z,sell,1.362e-05,297.0,0.00404514
ONG/BTC,1577587209791,2019-12-29T02:40:09.791Z,sell,1.362e-05,297.0,0.00404514
ONG/BTC,1577588504237,2019-12-29T03:01:44.237Z,sell,1.362e-05,132.0,0.00179784
ONG/BTC,1577588504252,2019-12-29T03:01:44.252Z,sell,1.362e-05,92.0,0.00125304
ONG/BTC,1577589965391,2019-12-29T03:26:05.391Z,sell,1.362e-05,574.0,0.00781788
ONG/BTC,1577589965406,2019-12-29T03:26:05.406Z,sell,1.362e-05,401.0,0.00546162
ONG/BTC,1577589966469,2019-12-29T03:26:06.469Z,sell,1.362e-05,279.0,0.00379998
ONG/BTC,1577589970167,2019-12-29T03:26:10.167Z,sell,1.362e-05,189.0,0.00257418
ONG/BTC,1577589970167,2019-12-29T03:26:10.167Z,sell,1.362e-05,189.0,0.00257418
ONG/BTC,1577590927773,2019-12-29T03:42:07.773Z,sell,1.362e-05,27.0,0.00036774
ONG/BTC,1577590927773,2019-12-29T03:42:07.773Z,sell,1.358e-05,557.0,0.00756406
ONG/BTC,1577590954399,2019-12-29T03:42:34.399Z,buy,1.362e-05,2.0,2.724e-05
ONG/BTC,1577592252589,2019-12-29T04:04:12.589Z,buy,1.361e-05,36.0,0.00048996
ONG/BTC,1577592252589,2019-12-29T04:04:12.589Z,buy,1.362e-05,4.0,5.448e-05
ONG/BTC,1577592331757,2019-12-29T04:05:31.757Z,buy,1.362e-05,32.0,0.00043584
ONG/BTC,1577592331757,2019-12-29T04:05:31.757Z,buy,1.364e-05,410.0,0.0055924
ONG/BTC,1577592331757,2019-12-29T04:05:31.757Z,buy,1.365e-05,432.0,0.0058968
ONG/BTC,1577592331757,2019-12-29T04:05:31.757Z,buy,1.366e-05,380.0,0.0051908
ONG/BTC,1577592331757,2019-12-29T04:05:31.757Z,buy,1.362e-05,32.0,0.00043584
ONG/BTC,1577592331757,2019-12-29T04:05:31.757Z,buy,1.364e-05,410.0,0.0055924
ONG/BTC,1577592331757,2019-12-29T04:05:31.757Z,buy,1.365e-05,432.0,0.0058968
ONG/BTC,1577592331757,2019-12-29T04:05:31.757Z,buy,1.366e-05,380.0,0.0051908
ONG/BTC,1577594121164,2019-12-29T04:35:21.164Z,buy,1.365e-05,2703.0,0.03689595
ONG/BTC,1577594474462,2019-12-29T04:41:14.462Z,buy,1.366e-05,390.0,0.0053273999999999
ONG/BTC,1577595388190,2019-12-29T04:56:28.190Z,buy,1.366e-05,500.0,0.00683
ONG/BTC,1577595388190,2019-12-29T04:56:28.190Z,buy,1.366e-05,500.0,0.00683
ONG/BTC,1577595955717,2019-12-29T05:05:55.717Z,buy,1.365e-05,292.0,0.0039858
ONG/BTC,1577595956064,2019-12-29T05:05:56.064Z,buy,1.366e-05,25.0,0.0003415
ONG/BTC,1577595956076,2019-12-29T05:05:56.076Z,sell,1.366e-05,383.0,0.00523178
ONG/BTC,1577595956076,2019-12-29T05:05:56.076Z,sell,1.365e-05,25.0,0.00034125
ONG/BTC,1577596178050,2019-12-29T05:09:38.050Z,buy,1.367e-05,8147.0,0.11136949
ONG/BTC,1577596178082,2019-12-29T05:09:38.082Z,sell,1.367e-05,4983.0,0.06811761
ONG/BTC,1577596178110,2019-12-29T05:09:38.110Z,sell,1.367e-05,257.0,0.00351319
ONG/BTC,1577597424122,2019-12-29T05:30:24.122Z,sell,1.361e-05,293.0,0.00398773
ONG/BTC,1577597424385,2019-12-29T05:30:24.385Z,sell,1.36e-05,90.0,0.001224
ONG/BTC,1577597424385,2019-12-29T05:30:24.385Z,sell,1.36e-05,90.0,0.001224
ONG/BTC,1577601183169,2019-12-29T06:33:03.169Z,buy,1.367e-05,203.0,0.00277501
ONG/BTC,1577601183169,2019-12-29T06:33:03.169Z,buy,1.368e-05,900.0,0.012312
ONG/BTC,1577601609493,2019-12-29T06:40:09.493Z,buy,1.364e-05,37.0,0.00050468
ONG/BTC,1577601609493,2019-12-29T06:40:09.493Z,buy,1.367e-05,1068.0,0.01459956
ONG/BTC,1577601609493,2019-12-29T06:40:09.493Z,buy,1.364e-05,37.0,0.00050468
ONG/BTC,1577601609493,2019-12-29T06:40:09.493Z,buy,1.367e-05,1068.0,0.01459956
ONG/BTC,1577604161332,2019-12-29T07:22:41.332Z,buy,1.368e-05,998.0,0.0136526399999999
ONG/BTC,1577604161332,2019-12-29T07:22:41.332Z,buy,1.368e-05,32.0,0.00043776
ONG/BTC,1577604161332,2019-12-29T07:22:41.332Z,buy,1.369e-05,25.0,0.00034225
ONG/BTC,1577604161384,2019-12-29T07:22:41.384Z,sell,1.368e-05,55.0,0.0007524
ONG/BTC,1577604174203,2019-12-29T07:22:54.203Z,sell,1.368e-05,145.0,0.0019836
ONG/BTC,1577604272700,2019-12-29T07:24:32.700Z,sell,1.363e-05,62.0,0.00084506
ONG/BTC,1577604317400,2019-12-29T07:25:17.400Z,sell,1.363e-05,23.0,0.00031349
ONG/BTC,1577604317400,2019-12-29T07:25:17.400Z,sell,1.363e-05,23.0,0.00031349
ONG/BTC,1577605605543,2019-12-29T07:46:45.543Z,sell,1.366e-05,41.0,0.00056006
ONG/BTC,1577605605543,2019-12-29T07:46:45.543Z,sell,1.364e-05,671.0,0.00915244
ONG/BTC,1577605605543,2019-12-29T07:46:45.543Z,sell,1.363e-05,301.0,0.00410263
ONG/BTC,1577605605543,2019-12-29T07:46:45.543Z,sell,1.362e-05,440.0,0.0059928
ONG/BTC,1577606458092,2019-12-29T08:00:58.092Z,buy,1.369e-05,60.0,0.0008213999999999
ONG/BTC,1577607185912,2019-12-29T08:13:05.912Z,sell,1.365e-05,47.0,0.00064155
ONG/BTC,1577607185912,2019-12-29T08:13:05.912Z,sell,1.362e-05,467.0,0.00636054
ONG/BTC,1577607185912,2019-12-29T08:13:05.912Z,sell,1.361e-05,4364.0,0.05939404
ONG/BTC,1577607186050,2019-12-29T08:13:06.050Z,sell,1.359e-05,1002.0,0.01361718
ONG/BTC,1577607186546,2019-12-29T08:13:06.546Z,buy,1.359e-05,408.0,0.00554472
ONG/BTC,1577607187361,2019-12-29T08:13:07.361Z,sell,1.358e-05,213.0,0.00289254
ONG/BTC,1577607192885,2019-12-29T08:13:12.885Z,buy,1.359e-05,13.0,0.00017667
ONG/BTC,1577607220690,2019-12-29T08:13:40.690Z,buy,1.359e-05,200.0,0.002718
ONG/BTC,1577607230946,2019-12-29T08:13:50.946Z,sell,1.358e-05,311.0,0.00422338
ONG/BTC,1577607230946,2019-12-29T08:13:50.946Z,sell,1.357e-05,300.0,0.004071
ONG/BTC,1577607230978,2019-12-29T08:13:50.978Z,buy,1.357e-05,542.0,0.00735494
ONG/BTC,1577607230983,2019-12-29T08:13:50.983Z,buy,1.357e-05,2854.0,0.03872878
ONG/BTC,1577607230988,2019-12-29T08:13:50.988Z,buy,1.357e-05,336.0,0.00455952
ONG/BTC,1577607232086,2019-12-29T08:13:52.086Z,buy,1.357e-05,2205.0,0.02992185
ONG/BTC,1577607405059,2019-12-29T08:16:45.059Z,buy,1.362e-05,2.0,2.724e-05
ONG/BTC,1577607526475,2019-12-29T08:18:46.475Z,buy,1.362e-05,291.0,0.00396342
ONG/BTC,1577607526476,2019-12-29T08:18:46.476Z,buy,1.363e-05,22.0,0.00029986
ONG/BTC,1577607526499,2019-12-29T08:18:46.499Z,buy,1.364e-05,399.0,0.00544236
ONG/BTC,1577607526535,2019-12-29T08:18:46.535Z,buy,1.364e-05,1.0,1.364e-05
ONG/BTC,1577607526540,2019-12-29T08:18:46.540Z,sell,1.365e-05,234.0,0.0031941
ONG/BTC,1577607526540,2019-12-29T08:18:46.540Z,sell,1.363e-05,57.0,0.00077691
ONG/BTC,1577607526540,2019-12-29T08:18:46.540Z,sell,1.363e-05,234.0,0.00318942
ONG/BTC,1577607526751,2019-12-29T08:18:46.751Z,buy,1.366e-05,1312.0,0.01792192
ONG/BTC,1577607750743,2019-12-29T08:22:30.743Z,buy,1.368e-05,163.0,0.00222984
ONG/BTC,1577607750743,2019-12-29T08:22:30.743Z,buy,1.368e-05,163.0,0.00222984
ONG/BTC,1577607993525,2019-12-29T08:26:33.525Z,buy,1.368e-05,22.0,0.0003009599999999
ONG/BTC,1577608894936,2019-12-29T08:41:34.936Z,buy,1.368e-05,8.0,0.00010944
ONG/BTC,1577609017650,2019-12-29T08:43:37.650Z,buy,1.368e-05,50.0,0.0006839999999999
ONG/BTC,1577609345580,2019-12-29T08:49:05.580Z,buy,1.366e-05,44.0,0.00060104
ONG/BTC,1577609451207,2019-12-29T08:50:51.207Z,sell,1.357e-05,40.0,0.0005428
ONG/BTC,1577610044515,2019-12-29T09:00:44.515Z,sell,1.357e-05,8.0,0.00010856
ONG/BTC,1577610113156,2019-12-29T09:01:53.156Z,buy,1.357e-05,28.0,0.00037996
ONG/BTC,1577610558172,2019-12-29T09:09:18.172Z,sell,1.358e-05,298.0,0.00404684
ONG/BTC,1577610558284,2019-12-29T09:09:18.284Z,sell,1.358e-05,595.0,0.0080801
ONG/BTC,1577611096143,2019-12-29T09:18:16.143Z,buy,1.362e-05,2.0,2.724e-05
ONG/BTC,1577611246735,2019-12-29T09:20:46.735Z,buy,1.362e-05,41.0,0.00055842
ONG/BTC,1577611246735,2019-12-29T09:20:46.735Z,buy,1.362e-05,41.0,0.00055842
ONG/BTC,1577611356376,2019-12-29T09:22:36.376Z,buy,1.363e-05,13.0,0.00017719
ONG/BTC,1577611429593,2019-12-29T09:23:49.593Z,buy,1.363e-05,9.0,0.00012267
ONG/BTC,1577611477101,2019-12-29T09:24:37.101Z,buy,1.365e-05,22.0,0.0003003
ONG/BTC,1577612062025,2019-12-29T09:34:22.025Z,buy,1.363e-05,699.0,0.00952737
ONG/BTC,1577612062025,2019-12-29T09:34:22.025Z,buy,1.364e-05,34.0,0.00046376
ONG/BTC,1577613106430,2019-12-29T09:51:46.430Z,buy,1.367e-05,8.0,0.00010936
ONG/BTC,1577613106430,2019-12-29T09:51:46.430Z,buy,1.367e-05,8.0,0.00010936
ONG/BTC,1577615327927,2019-12-29T10:28:47.927Z,sell,1.364e-05,17.0,0.00023188
ONG/BTC,1577615327927,2019-12-29T10:28:47.927Z,sell,1.364e-05,17.0,0.00023188
ONG/BTC,1577618029385,2019-12-29T11:13:49.385Z,sell,1.364e-05,13.0,0.00017732
ONG/BTC,1577618040244,2019-12-29T11:14:00.244Z,sell,1.362e-05,13.0,0.00017706
ONG/BTC,1577618040244,2019-12-29T11:14:00.244Z,sell,1.362e-05,13.0,0.00017706
ONG/BTC,1577619241258,2019-12-29T11:34:01.258Z,sell,1.362e-05,18.0,0.00024516
ONG/BTC,1577619284415,2019-12-29T11:34:44.415Z,sell,1.362e-05,76.0,0.00103512
ONG/BTC,1577619425770,2019-12-29T11:37:05.770Z,buy,1.367e-05,124.0,0.0016950799999999
ONG/BTC,1577620381832,2019-12-29T11:53:01.832Z,sell,1.361e-05,13.0,0.00017693
ONG/BTC,1577620381832,2019-12-29T11:53:01.832Z,sell,1.36e-05,75.0,0.00102
ONG/BTC,1577620381832,2019-12-29T11:53:01.832Z,sell,1.359e-05,110.0,0.0014949
ONG/BTC,1577620381839,2019-12-29T11:53:01.839Z,sell,1.359e-05,266.0,0.00361494
ONG/BTC,1577621373167,2019-12-29T12:09:33.167Z,sell,1.361e-05,13.0,0.00017693
ONG/BTC,1577621373167,2019-12-29T12:09:33.167Z,sell,1.358e-05,103.0,0.00139874
ONG/BTC,1577621373167,2019-12-29T12:09:33.167Z,sell,1.361e-05,13.0,0.00017693
ONG/BTC,1577621373167,2019-12-29T12:09:33.167Z,sell,1.358e-05,103.0,0.00139874
ONG/BTC,1577621965565,2019-12-29T12:19:25.565Z,buy,1.367e-05,8.0,0.00010936
ONG/BTC,1577621995014,2019-12-29T12:19:55.014Z,buy,1.367e-05,131.0,0.00179077
ONG/BTC,1577622674338,2019-12-29T12:31:14.338Z,buy,1.365e-05,420.0,0.005733
ONG/BTC,1577622674338,2019-12-29T12:31:14.338Z,buy,1.367e-05,544.0,0.00743648
ONG/BTC,1577622674338,2019-12-29T12:31:14.338Z,buy,1.368e-05,36.0,0.00049248
ONG/BTC,1577623080695,2019-12-29T12:38:00.695Z,sell,1.363e-05,49.0,0.00066787
ONG/BTC,1577623080695,2019-12-29T12:38:00.695Z,sell,1.362e-05,155.0,0.0021111
ONG/BTC,1577623307147,2019-12-29T12:41:47.147Z,buy,1.367e-05,8.0,0.00010936
ONG/BTC,1577623675701,2019-12-29T12:47:55.701Z,sell,1.361e-05,48.0,0.00065328
ONG/BTC,1577624813410,2019-12-29T13:06:53.410Z,buy,1.367e-05,328.0,0.00448376
ONG/BTC,1577624813410,2019-12-29T13:06:53.410Z,buy,1.367e-05,328.0,0.00448376
ONG/BTC,1577626678582,2019-12-29T13:37:58.582Z,sell,1.36e-05,40.0,0.000544
ONG/BTC,1577626678582,2019-12-29T13:37:58.582Z,sell,1.358e-05,14.0,0.00019012
ONG/BTC,1577626684942,2019-12-29T13:38:04.942Z,sell,1.357e-05,22.0,0.00029854
ONG/BTC,1577626684942,2019-12-29T13:38:04.942Z,sell,1.356e-05,367.0,0.00497652
ONG/BTC,1577626684955,2019-12-29T13:38:04.955Z,buy,1.356e-05,464.0,0.00629184
ONG/BTC,1577626685022,2019-12-29T13:38:05.022Z,buy,1.356e-05,322.0,0.00436632
ONG/BTC,1577626685221,2019-12-29T13:38:05.221Z,buy,1.356e-05,661.0,0.00896316
ONG/BTC,1577626685378,2019-12-29T13:38:05.378Z,sell,1.355e-05,408.0,0.0055284
ONG/BTC,1577626685398,2019-12-29T13:38:05.398Z,buy,1.356e-05,408.0,0.00553248
ONG/BTC,1577626699838,2019-12-29T13:38:19.838Z,buy,1.356e-05,89.0,0.00120684
ONG/BTC,1577626699894,2019-12-29T13:38:19.894Z,buy,1.356e-05,89.0,0.00120684
ONG/BTC,1577626699948,2019-12-29T13:38:19.948Z,buy,1.356e-05,73.0,0.00098988
ONG/BTC,1577626709733,2019-12-29T13:38:29.733Z,buy,1.356e-05,15.0,0.0002034
ONG/BTC,1577626962423,2019-12-29T13:42:42.423Z,sell,1.35e-05,385.0,0.0051975
ONG/BTC,1577627084497,2019-12-29T13:44:44.497Z,sell,1.35e-05,356.0,0.0048059999999999
ONG/BTC,1577627084497,2019-12-29T13:44:44.497Z,sell,1.349e-05,50.0,0.0006745
ONG/BTC,1577627084497,2019-12-29T13:44:44.497Z,sell,1.347e-05,3084.0,0.04154148
ONG/BTC,1577627192001,2019-12-29T13:46:32.001Z,buy,1.353e-05,73.0,0.0009876899999999
ONG/BTC,1577627192063,2019-12-29T13:46:32.063Z,buy,1.353e-05,73.0,0.0009876899999999
ONG/BTC,1577627225045,2019-12-29T13:47:05.045Z,sell,1.348e-05,8.0,0.00010784
ONG/BTC,1577627225087,2019-12-29T13:47:05.087Z,buy,1.348e-05,17.0,0.00022916
ONG/BTC,1577627337555,2019-12-29T13:48:57.555Z,buy,1.353e-05,53.0,0.00071709
ONG/BTC,1577627337555,2019-12-29T13:48:57.555Z,buy,1.354e-05,292.0,0.00395368
ONG/BTC,1577627337555,2019-12-29T13:48:57.555Z,buy,1.355e-05,167.0,0.00226285
ONG/BTC,1577627418590,2019-12-29T13:50:18.590Z,sell,1.347e-05,296.0,0.00398712
ONG/BTC,1577627418590,2019-12-29T13:50:18.590Z,sell,1.346e-05,5369.0,0.07226674
ONG/BTC,1577628046839,2019-12-29T14:00:46.839Z,sell,1.346e-05,2992.0,0.04027232
ONG/BTC,1577628110688,2019-12-29T14:01:50.688Z,buy,1.351e-05,36.0,0.0004863599999999
ONG/BTC,1577628207728,2019-12-29T14:03:27.728Z,buy,1.353e-05,73.0,0.0009876899999999
ONG/BTC,1577628207772,2019-12-29T14:03:27.772Z,buy,1.353e-05,140.0,0.0018942
ONG/BTC,1577628401628,2019-12-29T14:06:41.628Z,sell,1.345e-05,448.0,0.0060256
ONG/BTC,1577628401628,2019-12-29T14:06:41.628Z,sell,1.345e-05,448.0,0.0060256
ONG/BTC,1577628600376,2019-12-29T14:10:00.376Z,sell,1.346e-05,37.0,0.00049802
ONG/BTC,1577628600376,2019-12-29T14:10:00.376Z,sell,1.345e-05,313.0,0.00420985
ONG/BTC,1577628884387,2019-12-29T14:14:44.387Z,buy,1.352e-05,37.0,0.00050024
ONG/BTC,1577628884387,2019-12-29T14:14:44.387Z,buy,1.353e-05,91.0,0.0012312299999999
ONG/BTC,1577629008704,2019-12-29T14:16:48.704Z,buy,1.353e-05,8.0,0.00010824
ONG/BTC,1577629049238,2019-12-29T14:17:29.238Z,buy,1.353e-05,692.0,0.00936276
ONG/BTC,1577629049238,2019-12-29T14:17:29.238Z,buy,1.354e-05,388.0,0.00525352
ONG/BTC,1577629105075,2019-12-29T14:18:25.075Z,buy,1.354e-05,8.0,0.00010832
ONG/BTC,1577629253264,2019-12-29T14:20:53.264Z,buy,1.354e-05,8.0,0.00010832
ONG/BTC,1577629253264,2019-12-29T14:20:53.264Z,buy,1.355e-05,2.0,2.71e-05
ONG/BTC,1577629414353,2019-12-29T14:23:34.353Z,buy,1.356e-05,8.0,0.00010848
ONG/BTC,1577629424839,2019-12-29T14:23:44.839Z,buy,1.356e-05,298.0,0.00404088
ONG/BTC,1577629424858,2019-12-29T14:23:44.858Z,buy,1.357e-05,269.0,0.00365033
ONG/BTC,1577629575951,2019-12-29T14:26:15.951Z,buy,1.36e-05,8.0,0.0001088
ONG/BTC,1577629689467,2019-12-29T14:28:09.467Z,sell,1.35e-05,224.0,0.0030239999999999
ONG/BTC,1577629897303,2019-12-29T14:31:37.303Z,buy,1.359e-05,8.0,0.00010872
ONG/BTC,1577631091673,2019-12-29T14:51:31.673Z,sell,1.348e-05,303.0,0.00408444
ONG/BTC,1577631099871,2019-12-29T14:51:39.871Z,sell,1.348e-05,5.0,6.74e-05
ONG/BTC,1577631099871,2019-12-29T14:51:39.871Z,sell,1.347e-05,695.0,0.00936165
ONG/BTC,1577631140733,2019-12-29T14:52:20.733Z,buy,1.356e-05,10.0,0.0001356
ONG/BTC,1577631149843,2019-12-29T14:52:29.843Z,buy,1.356e-05,10.0,0.0001356
ONG/BTC,1577631753284,2019-12-29T15:02:33.284Z,buy,1.356e-05,8.0,0.00010848
ONG/BTC,1577631776693,2019-12-29T15:02:56.693Z,buy,1.356e-05,11.0,0.00014916
ONG/BTC,1577631907541,2019-12-29T15:05:07.541Z,buy,1.359e-05,8.0,0.00010872
ONG/BTC,1577631907541,2019-12-29T15:05:07.541Z,buy,1.359e-05,8.0,0.00010872
ONG/BTC,1577632483075,2019-12-29T15:14:43.075Z,buy,1.363e-05,8.0,0.00010904
ONG/BTC,1577632617335,2019-12-29T15:16:57.335Z,buy,1.363e-05,14.0,0.00019082
ONG/BTC,1577632617335,2019-12-29T15:16:57.335Z,buy,1.364e-05,1.0,1.364e-05
ONG/BTC,1577633196797,2019-12-29T15:26:36.797Z,sell,1.357e-05,64.0,0.00086848
ONG/BTC,1577633196797,2019-12-29T15:26:36.797Z,sell,1.352e-05,317.0,0.00428584
ONG/BTC,1577633483166,2019-12-29T15:31:23.166Z,buy,1.358e-05,8.0,0.00010864
ONG/BTC,1577633578086,2019-12-29T15:32:58.086Z,sell,1.354e-05,8.0,0.00010832
ONG/BTC,1577633578086,2019-12-29T15:32:58.086Z,sell,1.352e-05,91.0,0.00123032
ONG/BTC,1577633595737,2019-12-29T15:33:15.737Z,buy,1.354e-05,2.0,2.708e-05
ONG/BTC,1577633595778,2019-12-29T15:33:15.778Z,buy,1.353e-05,28.0,0.0003788399999999
ONG/BTC,1577633627523,2019-12-29T15:33:47.523Z,buy,1.354e-05,11.0,0.00014894
ONG/BTC,1577633628032,2019-12-29T15:33:48.032Z,buy,1.357e-05,12.0,0.00016284
ONG/BTC,1577633813808,2019-12-29T15:36:53.808Z,buy,1.357e-05,113.0,0.00153341
ONG/BTC,1577633958147,2019-12-29T15:39:18.147Z,buy,1.36e-05,8.0,0.0001088
ONG/BTC,1577633988787,2019-12-29T15:39:48.787Z,sell,1.354e-05,46.0,0.00062284
ONG/BTC,1577633988787,2019-12-29T15:39:48.787Z,sell,1.351e-05,17.0,0.00022967
ONG/BTC,1577634059054,2019-12-29T15:40:59.054Z,buy,1.357e-05,73.0,0.00099061
ONG/BTC,1577634512601,2019-12-29T15:48:32.601Z,buy,1.358e-05,74.0,0.00100492
ONG/BTC,1577634518704,2019-12-29T15:48:38.704Z,buy,1.358e-05,18.0,0.00024444
ONG/BTC,1577635252668,2019-12-29T16:00:52.668Z,sell,1.346e-05,2469.0,0.03323274
ONG/BTC,1577635355712,2019-12-29T16:02:35.712Z,buy,1.354e-05,8.0,0.00010832
ONG/BTC,1577635355712,2019-12-29T16:02:35.712Z,buy,1.354e-05,8.0,0.00010832
ONG/BTC,1577636717948,2019-12-29T16:25:17.948Z,sell,1.346e-05,19.0,0.00025574
ONG/BTC,1577636954900,2019-12-29T16:29:14.900Z,sell,1.346e-05,274.0,0.00368804
ONG/BTC,1577637478151,2019-12-29T16:37:58.151Z,buy,1.354e-05,107.0,0.00144878
ONG/BTC,1577637478151,2019-12-29T16:37:58.151Z,buy,1.355e-05,400.0,0.00542
ONG/BTC,1577637478151,2019-12-29T16:37:58.151Z,buy,1.356e-05,576.0,0.00781056
ONG/BTC,1577637920995,2019-12-29T16:45:20.995Z,sell,1.349e-05,1966.0,0.02652134
ONG/BTC,1577637927184,2019-12-29T16:45:27.184Z,buy,1.357e-05,400.0,0.005428
ONG/BTC,1577637927184,2019-12-29T16:45:27.184Z,buy,1.358e-05,3664.0,0.04975712
ONG/BTC,1577637927184,2019-12-29T16:45:27.184Z,buy,1.359e-05,1996.0,0.02712564
ONG/BTC,1577637927184,2019-12-29T16:45:27.184Z,buy,1.36e-05,292.0,0.0039712
ONG/BTC,1577637927184,2019-12-29T16:45:27.184Z,buy,1.362e-05,91.0,0.00123942
ONG/BTC,1577637927184,2019-12-29T16:45:27.184Z,buy,1.363e-05,6022.0,0.08207986
ONG/BTC,1577637927184,2019-12-29T16:45:27.184Z,buy,1.365e-05,1091.0,0.01489215
ONG/BTC,1577637927267,2019-12-29T16:45:27.267Z,buy,1.361e-05,446.0,0.00607006
ONG/BTC,1577637927267,2019-12-29T16:45:27.267Z,buy,1.364e-05,459.0,0.00626076
ONG/BTC,1577637927267,2019-12-29T16:45:27.267Z,buy,1.365e-05,655.0,0.0089407499999999
ONG/BTC,1577637938654,2019-12-29T16:45:38.654Z,buy,1.364e-05,60.0,0.0008183999999999
ONG/BTC,1577637962414,2019-12-29T16:46:02.414Z,sell,1.361e-05,21.0,0.00028581
ONG/BTC,1577637999186,2019-12-29T16:46:39.186Z,buy,1.365e-05,1109.0,0.01513785
ONG/BTC,1577637999186,2019-12-29T16:46:39.186Z,buy,1.367e-05,759.0,0.0103755299999999
ONG/BTC,1577637999186,2019-12-29T16:46:39.186Z,buy,1.368e-05,369.0,0.00504792
ONG/BTC,1577637999186,2019-12-29T16:46:39.186Z,buy,1.369e-05,4966.0,0.06798454
ONG/BTC,1577637999186,2019-12-29T16:46:39.186Z,buy,1.37e-05,74.0,0.0010138
ONG/BTC,1577637999186,2019-12-29T16:46:39.186Z,buy,1.371e-05,838.0,0.01148898
ONG/BTC,1577638007931,2019-12-29T16:46:47.931Z,sell,1.369e-05,15.0,0.0002053499999999
ONG/BTC,1577638023443,2019-12-29T16:47:03.443Z,sell,1.364e-05,21.0,0.00028644
ONG/BTC,1577638083751,2019-12-29T16:48:03.751Z,buy,1.371e-05,61.0,0.0008363099999999
ONG/BTC,1577638174137,2019-12-29T16:49:34.137Z,buy,1.371e-05,1946.0,0.0266796599999999
ONG/BTC,1577638174157,2019-12-29T16:49:34.157Z,sell,1.371e-05,1148.0,0.01573908
ONG/BTC,1577638174158,2019-12-29T16:49:34.158Z,sell,1.371e-05,1509.0,0.0206883899999999
ONG/BTC,1577638174165,2019-12-29T16:49:34.165Z,sell,1.371e-05,1049.0,0.0143817899999999
ONG/BTC,1577638174178,2019-12-29T16:49:34.178Z,sell,1.371e-05,4239.0,0.05811669
ONG/BTC,1577638174335,2019-12-29T16:49:34.335Z,sell,1.371e-05,315.0,0.0043186499999999
ONG/BTC,1577638174542,2019-12-29T16:49:34.542Z,sell,1.371e-05,408.0,0.0055936799999999
ONG/BTC,1577638174563,2019-12-29T16:49:34.563Z,buy,1.372e-05,408.0,0.00559776
ONG/BTC,1577638175264,2019-12-29T16:49:35.264Z,sell,1.371e-05,3669.0,0.05030199
ONG/BTC,1577638180368,2019-12-29T16:49:40.368Z,buy,1.372e-05,326.0,0.00447272
ONG/BTC,1577638180581,2019-12-29T16:49:40.581Z,buy,1.372e-05,682.0,0.00935704
ONG/BTC,1577638180832,2019-12-29T16:49:40.832Z,sell,1.368e-05,259.0,0.00354312
ONG/BTC,1577638181471,2019-12-29T16:49:41.471Z,sell,1.368e-05,109.0,0.0014911199999999
ONG/BTC,1577638208391,2019-12-29T16:50:08.391Z,sell,1.364e-05,37.0,0.00050468
ONG/BTC,1577638208427,2019-12-29T16:50:08.427Z,sell,1.363e-05,337.0,0.00459331
ONG/BTC,1577638211835,2019-12-29T16:50:11.835Z,buy,1.369e-05,142.0,0.0019439799999999
ONG/BTC,1577638213466,2019-12-29T16:50:13.466Z,buy,1.369e-05,282.0,0.0038605799999999
ONG/BTC,1577638214048,2019-12-29T16:50:14.048Z,buy,1.368e-05,300.0,0.004104
ONG/BTC,1577638214682,2019-12-29T16:50:14.682Z,buy,1.368e-05,15.0,0.0002052
ONG/BTC,1577638214682,2019-12-29T16:50:14.682Z,buy,1.369e-05,405.0,0.0055444499999999
ONG/BTC,1577638214707,2019-12-29T16:50:14.707Z,sell,1.365e-05,37.0,0.0005050499999999
ONG/BTC,1577638218776,2019-12-29T16:50:18.776Z,sell,1.362e-05,492.0,0.00670104
ONG/BTC,1577638266542,2019-12-29T16:51:06.542Z,sell,1.362e-05,130.0,0.0017706
ONG/BTC,1577638266542,2019-12-29T16:51:06.542Z,sell,1.362e-05,130.0,0.0017706
ONG/BTC,1577641021180,2019-12-29T17:37:01.180Z,buy,1.368e-05,37.0,0.00050616
ONG/BTC,1577641021180,2019-12-29T17:37:01.180Z,buy,1.37e-05,59.0,0.0008083
ONG/BTC,1577641021180,2019-12-29T17:37:01.180Z,buy,1.372e-05,97.0,0.00133084
ONG/BTC,1577641021443,2019-12-29T17:37:01.443Z,buy,1.372e-05,99.0,0.00135828
ONG/BTC,1577641362234,2019-12-29T17:42:42.234Z,sell,1.364e-05,354.0,0.00482856
ONG/BTC,1577641362759,2019-12-29T17:42:42.759Z,sell,1.364e-05,132.0,0.00180048
ONG/BTC,1577641825604,2019-12-29T17:50:25.604Z,buy,1.369e-05,32.0,0.00043808
ONG/BTC,1577641825604,2019-12-29T17:50:25.604Z,buy,1.371e-05,8.0,0.00010968
ONG/BTC,1577641825604,2019-12-29T17:50:25.604Z,buy,1.373e-05,236.0,0.00324028
ONG/BTC,1577641825604,2019-12-29T17:50:25.604Z,buy,1.369e-05,32.0,0.00043808
ONG/BTC,1577641825604,2019-12-29T17:50:25.604Z,buy,1.371e-05,8.0,0.00010968
ONG/BTC,1577641825604,2019-12-29T17:50:25.604Z,buy,1.373e-05,236.0,0.00324028
ONG/BTC,1577641960949,2019-12-29T17:52:40.949Z,sell,1.366e-05,84.0,0.00114744
ONG/BTC,1577642917113,2019-12-29T18:08:37.113Z,sell,1.366e-05,81.0,0.0011064599999999
ONG/BTC,1577643236837,2019-12-29T18:13:56.837Z,sell,1.367e-05,9.0,0.00012303
ONG/BTC,1577643789650,2019-12-29T18:23:09.650Z,buy,1.367e-05,8.0,0.00010936
ONG/BTC,1577645421016,2019-12-29T18:50:21.016Z,sell,1.366e-05,667.0,0.00911122
ONG/BTC,1577645421031,2019-12-29T18:50:21.031Z,sell,1.365e-05,144.0,0.0019656
ONG/BTC,1577645421123,2019-12-29T18:50:21.123Z,sell,1.365e-05,1840.0,0.025116
ONG/BTC,1577645421123,2019-12-29T18:50:21.123Z,sell,1.365e-05,1840.0,0.025116
ONG/BTC,1577645478370,2019-12-29T18:51:18.370Z,sell,1.365e-05,235.0,0.00320775
ONG/BTC,1577645481056,2019-12-29T18:51:21.056Z,sell,1.365e-05,200.0,0.00273
ONG/BTC,1577645600416,2019-12-29T18:53:20.416Z,sell,1.365e-05,990.0,0.0135135
ONG/BTC,1577645600420,2019-12-29T18:53:20.420Z,sell,1.365e-05,491.0,0.00670215
ONG/BTC,1577645870319,2019-12-29T18:57:50.319Z,sell,1.365e-05,336.0,0.0045864
ONG/BTC,1577645877193,2019-12-29T18:57:57.193Z,sell,1.365e-05,159.0,0.00217035
ONG/BTC,1577646364167,2019-12-29T19:06:04.167Z,sell,1.363e-05,22.0,0.00029986
ONG/BTC,1577646364167,2019-12-29T19:06:04.167Z,sell,1.361e-05,229.0,0.00311669
ONG/BTC,1577648246055,2019-12-29T19:37:26.055Z,sell,1.362e-05,8.0,0.00010896
ONG/BTC,1577648816017,2019-12-29T19:46:56.017Z,sell,1.357e-05,22.0,0.00029854
ONG/BTC,1577648816017,2019-12-29T19:46:56.017Z,sell,1.355e-05,297.0,0.00402435
ONG/BTC,1577648816066,2019-12-29T19:46:56.066Z,sell,1.355e-05,81.0,0.00109755
ONG/BTC,1577648816184,2019-12-29T19:46:56.184Z,sell,1.354e-05,1224.0,0.01657296
ONG/BTC,1577648825147,2019-12-29T19:47:05.147Z,sell,1.355e-05,81.0,0.00109755
ONG/BTC,1577648826325,2019-12-29T19:47:06.325Z,sell,1.355e-05,8.0,0.0001084
ONG/BTC,1577648856134,2019-12-29T19:47:36.134Z,sell,1.352e-05,34.0,0.0004596799999999
ONG/BTC,1577648856134,2019-12-29T19:47:36.134Z,sell,1.352e-05,34.0,0.0004596799999999
ONG/BTC,1577649738845,2019-12-29T20:02:18.845Z,sell,1.352e-05,100.0,0.001352
ONG/BTC,1577650367876,2019-12-29T20:12:47.876Z,sell,1.352e-05,160.0,0.0021631999999999
ONG/BTC,1577651047349,2019-12-29T20:24:07.349Z,sell,1.352e-05,233.0,0.00315016
ONG/BTC,1577651085854,2019-12-29T20:24:45.854Z,sell,1.352e-05,303.0,0.00409656
ONG/BTC,1577651085857,2019-12-29T20:24:45.857Z,sell,1.352e-05,1037.0,0.01402024
ONG/BTC,1577651085857,2019-12-29T20:24:45.857Z,sell,1.351e-05,303.0,0.00409353
ONG/BTC,1577651092510,2019-12-29T20:24:52.510Z,sell,1.351e-05,1413.0,0.01908963
ONG/BTC,1577651173501,2019-12-29T20:26:13.501Z,buy,1.352e-05,398.0,0.00538096
ONG/BTC,1577651744178,2019-12-29T20:35:44.178Z,sell,1.351e-05,3725.0,0.0503247499999999
ONG/BTC,1577651763320,2019-12-29T20:36:03.320Z,buy,1.357e-05,645.0,0.00875265
ONG/BTC,1577651919891,2019-12-29T20:38:39.891Z,buy,1.357e-05,2.0,2.714e-05
ONG/BTC,1577652241810,2019-12-29T20:44:01.810Z,buy,1.357e-05,6.0,8.142e-05
ONG/BTC,1577652246824,2019-12-29T20:44:06.824Z,buy,1.358e-05,12.0,0.00016296
ONG/BTC,1577652258800,2019-12-29T20:44:18.800Z,buy,1.363e-05,22.0,0.00029986
ONG/BTC,1577652259259,2019-12-29T20:44:19.259Z,sell,1.364e-05,408.0,0.00556512
ONG/BTC,1577652259282,2019-12-29T20:44:19.282Z,sell,1.363e-05,355.0,0.00483865
ONG/BTC,1577652259331,2019-12-29T20:44:19.331Z,sell,1.363e-05,304.0,0.00414352
ONG/BTC,1577652260335,2019-12-29T20:44:20.335Z,sell,1.363e-05,457.0,0.00622891
ONG/BTC,1577652261337,2019-12-29T20:44:21.337Z,sell,1.363e-05,224.0,0.00305312
ONG/BTC,1577652262642,2019-12-29T20:44:22.642Z,sell,1.363e-05,248.0,0.00338024
ONG/BTC,1577652271445,2019-12-29T20:44:31.445Z,sell,1.363e-05,161.0,0.00219443
ONG/BTC,1577652274631,2019-12-29T20:44:34.631Z,sell,1.363e-05,110.0,0.0014993
ONG/BTC,1577652275641,2019-12-29T20:44:35.641Z,sell,1.364e-05,13.0,0.00017732
ONG/BTC,1577652275641,2019-12-29T20:44:35.641Z,sell,1.363e-05,63.0,0.00085869
ONG/BTC,1577652338528,2019-12-29T20:45:38.528Z,sell,1.365e-05,20.0,0.000273
ONG/BTC,1577652338528,2019-12-29T20:45:38.528Z,sell,1.365e-05,20.0,0.000273
ONG/BTC,1577652551245,2019-12-29T20:49:11.245Z,buy,1.365e-05,8.0,0.0001092
ONG/BTC,1577653347065,2019-12-29T21:02:27.065Z,sell,1.366e-05,14.0,0.00019124
ONG/BTC,1577653347065,2019-12-29T21:02:27.065Z,sell,1.365e-05,2.0,2.73e-05
ONG/BTC,1577653989742,2019-12-29T21:13:09.742Z,sell,1.365e-05,8.0,0.0001092
ONG/BTC,1577654028198,2019-12-29T21:13:48.198Z,buy,1.367e-05,48.0,0.00065616
ONG/BTC,1577654028198,2019-12-29T21:13:48.198Z,buy,1.368e-05,20.0,0.0002736
ONG/BTC,1577654028198,2019-12-29T21:13:48.198Z,buy,1.369e-05,466.0,0.0063795399999999
ONG/BTC,1577654028298,2019-12-29T21:13:48.298Z,sell,1.369e-05,266.0,0.00364154
ONG/BTC,1577654138849,2019-12-29T21:15:38.849Z,buy,1.369e-05,10.0,0.0001369
ONG/BTC,1577655208231,2019-12-29T21:33:28.231Z,buy,1.37e-05,487.0,0.0066719
ONG/BTC,1577655208348,2019-12-29T21:33:28.348Z,sell,1.37e-05,340.0,0.004658
ONG/BTC,1577655209336,2019-12-29T21:33:29.336Z,sell,1.37e-05,236.0,0.0032332
ONG/BTC,1577655220748,2019-12-29T21:33:40.748Z,sell,1.37e-05,150.0,0.002055
ONG/BTC,1577655223150,2019-12-29T21:33:43.150Z,sell,1.37e-05,103.0,0.0014111
ONG/BTC,1577655302792,2019-12-29T21:35:02.792Z,buy,1.371e-05,13.0,0.0001782299999999
ONG/BTC,1577655335655,2019-12-29T21:35:35.655Z,buy,1.371e-05,12.0,0.0001645199999999
ONG/BTC,1577655364787,2019-12-29T21:36:04.787Z,sell,1.37e-05,379.0,0.0051922999999999
ONG/BTC,1577655364807,2019-12-29T21:36:04.807Z,sell,1.37e-05,299.0,0.0040963
ONG/BTC,1577655379248,2019-12-29T21:36:19.248Z,sell,1.37e-05,186.0,0.0025482
ONG/BTC,1577655565936,2019-12-29T21:39:25.936Z,buy,1.371e-05,720.0,0.0098712
ONG/BTC,1577655565943,2019-12-29T21:39:25.943Z,buy,1.371e-05,543.0,0.0074445299999999
ONG/BTC,1577655565956,2019-12-29T21:39:25.956Z,buy,1.373e-05,308.0,0.00422884
ONG/BTC,1577655565956,2019-12-29T21:39:25.956Z,buy,1.374e-05,50.0,0.000687
ONG/BTC,1577655565956,2019-12-29T21:39:25.956Z,buy,1.375e-05,146.0,0.0020075
ONG/BTC,1577655565980,2019-12-29T21:39:25.980Z,sell,1.372e-05,238.0,0.00326536
ONG/BTC,1577655606196,2019-12-29T21:40:06.196Z,buy,1.374e-05,39.0,0.00053586
ONG/BTC,1577655606196,2019-12-29T21:40:06.196Z,buy,1.375e-05,615.0,0.00845625
ONG/BTC,1577655606220,2019-12-29T21:40:06.220Z,sell,1.375e-05,332.0,0.004565
ONG/BTC,1577655606220,2019-12-29T21:40:06.220Z,sell,1.375e-05,332.0,0.004565
ONG/BTC,1577656573597,2019-12-29T21:56:13.597Z,sell,1.37e-05,14.0,0.0001918
ONG/BTC,1577656573597,2019-12-29T21:56:13.597Z,sell,1.369e-05,616.0,0.00843304
ONG/BTC,1577656573597,2019-12-29T21:56:13.597Z,sell,1.368e-05,139.0,0.0019015199999999
ONG/BTC,1577656573597,2019-12-29T21:56:13.597Z,sell,1.367e-05,216.0,0.00295272
ONG/BTC,1577656693700,2019-12-29T21:58:13.700Z,sell,1.369e-05,494.0,0.00676286
ONG/BTC,1577656693700,2019-12-29T21:58:13.700Z,sell,1.368e-05,17.0,0.0002325599999999
ONG/BTC,1577656693700,2019-12-29T21:58:13.700Z,sell,1.367e-05,302.0,0.0041283399999999
ONG/BTC,1577656693700,2019-12-29T21:58:13.700Z,sell,1.366e-05,3830.0,0.0523178
ONG/BTC,1577656693748,2019-12-29T21:58:13.748Z,buy,1.366e-05,357.0,0.00487662
ONG/BTC,1577656823132,2019-12-29T22:00:23.132Z,sell,1.365e-05,7.0,9.555e-05
ONG/BTC,1577656823132,2019-12-29T22:00:23.132Z,sell,1.364e-05,10.0,0.0001364
ONG/BTC,1577656827621,2019-12-29T22:00:27.621Z,sell,1.364e-05,347.0,0.00473308
ONG/BTC,1577656827621,2019-12-29T22:00:27.621Z,sell,1.363e-05,22.0,0.00029986
ONG/BTC,1577656827836,2019-12-29T22:00:27.836Z,sell,1.362e-05,200.0,0.002724
ONG/BTC,1577656827856,2019-12-29T22:00:27.856Z,buy,1.362e-05,208.0,0.00283296
ONG/BTC,1577656827877,2019-12-29T22:00:27.877Z,buy,1.363e-05,1.0,1.363e-05
ONG/BTC,1577656827917,2019-12-29T22:00:27.917Z,sell,1.363e-05,213.0,0.00290319
ONG/BTC,1577656831105,2019-12-29T22:00:31.105Z,sell,1.364e-05,17.0,0.00023188
ONG/BTC,1577656838215,2019-12-29T22:00:38.215Z,sell,1.367e-05,17.0,0.00023239
ONG/BTC,1577656845434,2019-12-29T22:00:45.434Z,sell,1.367e-05,17.0,0.00023239
ONG/BTC,1577656853913,2019-12-29T22:00:53.913Z,sell,1.367e-05,17.0,0.00023239
ONG/BTC,1577656861296,2019-12-29T22:01:01.296Z,sell,1.367e-05,17.0,0.00023239
ONG/BTC,1577656861930,2019-12-29T22:01:01.930Z,buy,1.37e-05,9.0,0.0001233
ONG/BTC,1577656869011,2019-12-29T22:01:09.011Z,buy,1.37e-05,9.0,0.0001233
ONG/BTC,1577656869513,2019-12-29T22:01:09.513Z,sell,1.368e-05,17.0,0.0002325599999999
ONG/BTC,1577656871541,2019-12-29T22:01:11.541Z,sell,1.368e-05,177.0,0.00242136
ONG/BTC,1577656871541,2019-12-29T22:01:11.541Z,sell,1.367e-05,145.0,0.00198215
ONG/BTC,1577656871541,2019-12-29T22:01:11.541Z,sell,1.364e-05,523.0,0.00713372
ONG/BTC,1577656871541,2019-12-29T22:01:11.541Z,sell,1.363e-05,3643.0,0.04965409
ONG/BTC,1577656871579,2019-12-29T22:01:11.579Z,buy,1.363e-05,512.0,0.00697856
ONG/BTC,1577656875799,2019-12-29T22:01:15.799Z,buy,1.369e-05,9.0,0.00012321
ONG/BTC,1577656876325,2019-12-29T22:01:16.325Z,sell,1.363e-05,17.0,0.00023171
ONG/BTC,1577656883503,2019-12-29T22:01:23.503Z,sell,1.361e-05,17.0,0.00023137
ONG/BTC,1577656884088,2019-12-29T22:01:24.088Z,buy,1.362e-05,9.0,0.00012258
ONG/BTC,1577656891332,2019-12-29T22:01:31.332Z,sell,1.359e-05,17.0,0.00023103
ONG/BTC,1577656892597,2019-12-29T22:01:32.597Z,buy,1.362e-05,8.0,0.00010896
ONG/BTC,1577656892597,2019-12-29T22:01:32.597Z,buy,1.366e-05,1.0,1.366e-05
ONG/BTC,1577656899049,2019-12-29T22:01:39.049Z,sell,1.362e-05,17.0,0.00023154
ONG/BTC,1577656899584,2019-12-29T22:01:39.584Z,buy,1.365e-05,9.0,0.00012285
ONG/BTC,1577656905958,2019-12-29T22:01:45.958Z,sell,1.362e-05,13.0,0.00017706
ONG/BTC,1577656905958,2019-12-29T22:01:45.958Z,sell,1.36e-05,4.0,5.44e-05
ONG/BTC,1577656905992,2019-12-29T22:01:45.992Z,buy,1.365e-05,9.0,0.00012285
ONG/BTC,1577656912838,2019-12-29T22:01:52.838Z,buy,1.365e-05,1.0,1.365e-05
ONG/BTC,1577656912838,2019-12-29T22:01:52.838Z,buy,1.368e-05,8.0,0.00010944
ONG/BTC,1577656920113,2019-12-29T22:02:00.113Z,buy,1.37e-05,9.0,0.0001233
ONG/BTC,1577656929022,2019-12-29T22:02:09.022Z,buy,1.37e-05,9.0,0.0001233
ONG/BTC,1577656935501,2019-12-29T22:02:15.501Z,buy,1.372e-05,9.0,0.00012348
ONG/BTC,1577656935936,2019-12-29T22:02:15.936Z,sell,1.364e-05,4679.0,0.06382156
ONG/BTC,1577656935936,2019-12-29T22:02:15.936Z,sell,1.363e-05,22.0,0.00029986
ONG/BTC,1577656935936,2019-12-29T22:02:15.936Z,sell,1.362e-05,219.0,0.00298278
ONG/BTC,1577656935936,2019-12-29T22:02:15.936Z,sell,1.361e-05,400.0,0.005444
ONG/BTC,1577656935964,2019-12-29T22:02:15.964Z,buy,1.361e-05,231.0,0.00314391
ONG/BTC,1577656936024,2019-12-29T22:02:16.024Z,buy,1.361e-05,314.0,0.00427354
ONG/BTC,1577656942068,2019-12-29T22:02:22.068Z,buy,1.367e-05,9.0,0.00012303
ONG/BTC,1577656976151,2019-12-29T22:02:56.151Z,buy,1.366e-05,2.0,2.732e-05
ONG/BTC,1577656998633,2019-12-29T22:03:18.633Z,sell,1.36e-05,2423.0,0.0329528
ONG/BTC,1577656998633,2019-12-29T22:03:18.633Z,sell,1.358e-05,2897.0,0.03934126
ONG/BTC,1577656998654,2019-12-29T22:03:18.654Z,buy,1.358e-05,545.0,0.0074011
ONG/BTC,1577657737905,2019-12-29T22:15:37.905Z,sell,1.358e-05,8.0,0.00010864
ONG/BTC,1577658908725,2019-12-29T22:35:08.725Z,buy,1.367e-05,30.0,0.0004101
ONG/BTC,1577658908725,2019-12-29T22:35:08.725Z,buy,1.367e-05,30.0,0.0004101
ONG/BTC,1577659342071,2019-12-29T22:42:22.071Z,buy,1.367e-05,8.0,0.00010936
ONG/BTC,1577659342071,2019-12-29T22:42:22.071Z,buy,1.368e-05,689.0,0.00942552
ONG/BTC,1577659342071,2019-12-29T22:42:22.071Z,buy,1.369e-05,198.0,0.00271062
ONG/BTC,1577659891462,2019-12-29T22:51:31.462Z,sell,1.363e-05,719.0,0.00979997
ONG/BTC,1577660152728,2019-12-29T22:55:52.728Z,buy,1.363e-05,404.0,0.00550652
ONG/BTC,1577660152755,2019-12-29T22:55:52.755Z,buy,1.363e-05,202.0,0.00275326
ONG/BTC,1577660152775,2019-12-29T22:55:52.775Z,sell,1.362e-05,13.0,0.00017706
ONG/BTC,1577660267824,2019-12-29T22:57:47.824Z,buy,1.363e-05,450.0,0.0061335
ONG/BTC,1577660267841,2019-12-29T22:57:47.841Z,sell,1.362e-05,8.0,0.00010896
ONG/BTC,1577660562358,2019-12-29T23:02:42.358Z,buy,1.363e-05,9.0,0.00012267
ONG/BTC,1577660757384,2019-12-29T23:05:57.384Z,buy,1.364e-05,336.0,0.00458304
ONG/BTC,1577660765307,2019-12-29T23:06:05.307Z,sell,1.363e-05,27.0,0.00036801
ONG/BTC,1577660768699,2019-12-29T23:06:08.699Z,buy,1.364e-05,250.0,0.00341
ONG/BTC,1577660768722,2019-12-29T23:06:08.722Z,sell,1.362e-05,13.0,0.00017706
ONG/BTC,1577660768816,2019-12-29T23:06:08.816Z,buy,1.364e-05,113.0,0.0015413199999999
ONG/BTC,1577660768965,2019-12-29T23:06:08.965Z,buy,1.364e-05,264.0,0.00360096
ONG/BTC,1577660769070,2019-12-29T23:06:09.070Z,buy,1.364e-05,236.0,0.00321904
ONG/BTC,1577660780371,2019-12-29T23:06:20.371Z,buy,1.364e-05,293.0,0.00399652
ONG/BTC,1577660803868,2019-12-29T23:06:43.868Z,buy,1.365e-05,1543.0,0.02106195
ONG/BTC,1577660920203,2019-12-29T23:08:40.203Z,buy,1.365e-05,496.0,0.0067704
ONG/BTC,1577662259767,2019-12-29T23:30:59.767Z,buy,1.365e-05,11.0,0.00015015
ONG/BTC,1577662264449,2019-12-29T23:31:04.449Z,buy,1.365e-05,115.0,0.00156975
ONG/BTC,1577662266903,2019-12-29T23:31:06.903Z,buy,1.365e-05,11.0,0.00015015
ONG/BTC,1577662269092,2019-12-29T23:31:09.092Z,buy,1.365e-05,405.0,0.00552825
ONG/BTC,1577662273604,2019-12-29T23:31:13.604Z,buy,1.365e-05,11.0,0.00015015
ONG/BTC,1577662280719,2019-12-29T23:31:20.719Z,buy,1.365e-05,11.0,0.00015015
ONG/BTC,1577662288009,2019-12-29T23:31:28.009Z,buy,1.365e-05,11.0,0.00015015
ONG/BTC,1577662294415,2019-12-29T23:31:34.415Z,buy,1.365e-05,11.0,0.00015015
ONG/BTC,1577662300975,2019-12-29T23:31:40.975Z,buy,1.365e-05,11.0,0.00015015
ONG/BTC,1577662307289,2019-12-29T23:31:47.289Z,buy,1.365e-05,11.0,0.00015015
ONG/BTC,1577662313586,2019-12-29T23:31:53.586Z,buy,1.365e-05,11.0,0.00015015
ONG/BTC,1577662400572,2019-12-29T23:33:20.572Z,buy,1.365e-05,329.0,0.00449085
ONG/BTC,1577662406268,2019-12-29T23:33:26.268Z,buy,1.365e-05,149.0,0.00203385
ONG/BTC,1577662406274,2019-12-29T23:33:26.274Z,buy,1.365e-05,449.0,0.00612885
ONG/BTC,1577662406281,2019-12-29T23:33:26.281Z,buy,1.365e-05,109.0,0.00148785
ONG/BTC,1577662406865,2019-12-29T23:33:26.865Z,buy,1.365e-05,339.0,0.00462735
ONG/BTC,1577662426696,2019-12-29T23:33:46.696Z,buy,1.365e-05,495.0,0.00675675
ONG/BTC,1577662443736,2019-12-29T23:34:03.736Z,buy,1.365e-05,223.0,0.00304395
ONG/BTC,1577662487540,2019-12-29T23:34:47.540Z,buy,1.366e-05,107.0,0.00146162
ONG/BTC,1577662487540,2019-12-29T23:34:47.540Z,buy,1.366e-05,107.0,0.00146162
ONG/BTC,1577662529947,2019-12-29T23:35:29.947Z,buy,1.366e-05,573.0,0.00782718
ONG/BTC,1577663645964,2019-12-29T23:54:05.964Z,sell,1.363e-05,13.0,0.00017719
ONG/BTC,1577663645964,2019-12-29T23:54:05.964Z,sell,1.361e-05,42.0,0.00057162
ONG/BTC,1577663645964,2019-12-29T23:54:05.964Z,sell,1.36e-05,699.0,0.0095064
ONG/BTC,1577663645964,2019-12-29T23:54:05.964Z,sell,1.359e-05,521.0,0.00708039
ONG/BTC,1577663715554,2019-12-29T23:55:15.554Z,buy,1.365e-05,214.0,0.0029211
ONG/BTC,1577663716123,2019-12-29T23:55:16.123Z,buy,1.365e-05,10.0,0.0001365
ONG/BTC,1577664145629,2019-12-30T00:02:25.629Z,buy,1.365e-05,2.0,2.73e-05
ONG/BTC,1577664147072,2019-12-30T00:02:27.072Z,buy,1.365e-05,337.0,0.00460005
ONG/BTC,1577664147102,2019-12-30T00:02:27.102Z,buy,1.365e-05,136.0,0.0018564
ONG/BTC,1577664147122,2019-12-30T00:02:27.122Z,sell,1.363e-05,12.0,0.0001635599999999
ONG/BTC,1577664183349,2019-12-30T00:03:03.349Z,buy,1.366e-05,621.0,0.00848286
ONG/BTC,1577664183418,2019-12-30T00:03:03.418Z,buy,1.366e-05,225.0,0.0030735
ONG/BTC,1577664183446,2019-12-30T00:03:03.446Z,buy,1.366e-05,896.0,0.01223936
ONG/BTC,1577664183453,2019-12-30T00:03:03.453Z,buy,1.366e-05,643.0,0.00878338
ONG/BTC,1577664183482,2019-12-30T00:03:03.482Z,buy,1.366e-05,215.0,0.0029369
ONG/BTC,1577664254509,2019-12-30T00:04:14.509Z,buy,1.366e-05,278.0,0.0037974799999999
ONG/BTC,1577664877689,2019-12-30T00:14:37.689Z,sell,1.36e-05,70.0,0.000952
ONG/BTC,1577665155516,2019-12-30T00:19:15.516Z,sell,1.361e-05,689.0,0.00937729
ONG/BTC,1577665155516,2019-12-30T00:19:15.516Z,sell,1.36e-05,673.0,0.0091528
ONG/BTC,1577665155516,2019-12-30T00:19:15.516Z,sell,1.358e-05,4646.0,0.06309268
ONG/BTC,1577665155516,2019-12-30T00:19:15.516Z,sell,1.357e-05,440.0,0.0059708
ONG/BTC,1577665155527,2019-12-30T00:19:15.527Z,buy,1.357e-05,2503.0,0.03396571
ONG/BTC,1577665155534,2019-12-30T00:19:15.534Z,buy,1.357e-05,1004.0,0.01362428
ONG/BTC,1577665155540,2019-12-30T00:19:15.540Z,buy,1.357e-05,719.0,0.00975683
ONG/BTC,1577665155585,2019-12-30T00:19:15.585Z,buy,1.367e-05,2.0,2.734e-05
ONG/BTC,1577665155595,2019-12-30T00:19:15.595Z,sell,1.361e-05,459.0,0.00624699
ONG/BTC,1577665155687,2019-12-30T00:19:15.687Z,sell,1.361e-05,306.0,0.00416466
ONG/BTC,1577665156603,2019-12-30T00:19:16.603Z,sell,1.361e-05,150.0,0.0020415
ONG/BTC,1577665156689,2019-12-30T00:19:16.689Z,sell,1.361e-05,463.0,0.00630143
ONG/BTC,1577665443233,2019-12-30T00:24:03.233Z,buy,1.36e-05,2.0,2.72e-05
ONG/BTC,1577665668654,2019-12-30T00:27:48.654Z,buy,1.359e-05,36.0,0.00048924
ONG/BTC,1577665668654,2019-12-30T00:27:48.654Z,buy,1.36e-05,940.0,0.012784
ONG/BTC,1577665705030,2019-12-30T00:28:25.030Z,buy,1.361e-05,203.0,0.00276283
ONG/BTC,1577665705032,2019-12-30T00:28:25.032Z,buy,1.361e-05,199.0,0.00270839
ONG/BTC,1577665705040,2019-12-30T00:28:25.040Z,buy,1.361e-05,139.0,0.00189179
ONG/BTC,1577665705052,2019-12-30T00:28:25.052Z,buy,1.361e-05,199.0,0.00270839
ONG/BTC,1577665984564,2019-12-30T00:33:04.564Z,sell,1.353e-05,36.0,0.00048708
ONG/BTC,1577665984564,2019-12-30T00:33:04.564Z,sell,1.352e-05,178.0,0.00240656
ONG/BTC,1577665984564,2019-12-30T00:33:04.564Z,sell,1.353e-05,36.0,0.00048708
ONG/BTC,1577665984564,2019-12-30T00:33:04.564Z,sell,1.352e-05,178.0,0.00240656
ONG/BTC,1577667244566,2019-12-30T00:54:04.566Z,buy,1.36e-05,17.0,0.0002312
ONG/BTC,1577667252023,2019-12-30T00:54:12.023Z,buy,1.361e-05,13.0,0.00017693
ONG/BTC,1577667314792,2019-12-30T00:55:14.792Z,buy,1.361e-05,4.0,5.444e-05
ONG/BTC,1577669308100,2019-12-30T01:28:28.100Z,buy,1.363e-05,17.0,0.00023171
ONG/BTC,1577669361179,2019-12-30T01:29:21.179Z,buy,1.363e-05,5.0,6.815e-05
ONG/BTC,1577669519326,2019-12-30T01:31:59.326Z,sell,1.368e-05,29.0,0.00039672
ONG/BTC,1577669519326,2019-12-30T01:31:59.326Z,sell,1.366e-05,1.0,1.366e-05
ONG/BTC,1577669566496,2019-12-30T01:32:46.496Z,buy,1.367e-05,8.0,0.00010936
ONG/BTC,1577669573330,2019-12-30T01:32:53.330Z,sell,1.367e-05,9.0,0.00012303
ONG/BTC,1577669573354,2019-12-30T01:32:53.354Z,buy,1.367e-05,187.0,0.00255629
ONG/BTC,1577669573365,2019-12-30T01:32:53.365Z,buy,1.367e-05,254.0,0.00347218
ONG/BTC,1577669573399,2019-12-30T01:32:53.399Z,sell,1.366e-05,46.0,0.00062836
ONG/BTC,1577669573444,2019-12-30T01:32:53.444Z,buy,1.367e-05,204.0,0.00278868
ONG/BTC,1577669573444,2019-12-30T01:32:53.444Z,buy,1.367e-05,204.0,0.00278868
ONG/BTC,1577670156573,2019-12-30T01:42:36.573Z,sell,1.361e-05,13.0,0.00017693
ONG/BTC,1577670190069,2019-12-30T01:43:10.069Z,buy,1.361e-05,8.0,0.00010888
ONG/BTC,1577670854481,2019-12-30T01:54:14.481Z,buy,1.361e-05,9.0,0.00012249
ONG/BTC,1577670854481,2019-12-30T01:54:14.481Z,buy,1.363e-05,11.0,0.00014993
ONG/BTC,1577671281562,2019-12-30T02:01:21.562Z,buy,1.363e-05,35.0,0.00047705
ONG/BTC,1577671281562,2019-12-30T02:01:21.562Z,buy,1.364e-05,188.0,0.00256432
ONG/BTC,1577671281682,2019-12-30T02:01:21.682Z,buy,1.364e-05,508.0,0.0069291199999999
ONG/BTC,1577672048914,2019-12-30T02:14:08.914Z,sell,1.36e-05,34.0,0.0004624
ONG/BTC,1577672374739,2019-12-30T02:19:34.739Z,sell,1.36e-05,4.0,5.44e-05
ONG/BTC,1577672374739,2019-12-30T02:19:34.739Z,sell,1.357e-05,22.0,0.00029854
ONG/BTC,1577672805510,2019-12-30T02:26:45.510Z,sell,1.355e-05,1549.0,0.02098895
ONG/BTC,1577672847768,2019-12-30T02:27:27.768Z,sell,1.356e-05,13.0,0.00017628
ONG/BTC,1577672860537,2019-12-30T02:27:40.537Z,sell,1.352e-05,1867.0,0.0252418399999999
ONG/BTC,1577672860537,2019-12-30T02:27:40.537Z,sell,1.352e-05,1867.0,0.0252418399999999
ONG/BTC,1577673278562,2019-12-30T02:34:38.562Z,buy,1.357e-05,2.0,2.714e-05
ONG/BTC,1577674939256,2019-12-30T03:02:19.256Z,buy,1.361e-05,2.0,2.722e-05
ONG/BTC,1577675840618,2019-12-30T03:17:20.618Z,buy,1.357e-05,35.0,0.00047495
ONG/BTC,1577675840618,2019-12-30T03:17:20.618Z,buy,1.358e-05,17.0,0.00023086
ONG/BTC,1577675840618,2019-12-30T03:17:20.618Z,buy,1.361e-05,3658.0,0.04978538
ONG/BTC,1577675841635,2019-12-30T03:17:21.635Z,sell,1.362e-05,408.0,0.00555696
ONG/BTC,1577675841635,2019-12-30T03:17:21.635Z,sell,1.362e-05,408.0,0.00555696
ONG/BTC,1577676722417,2019-12-30T03:32:02.417Z,sell,1.361e-05,1157.0,0.01574677
ONG/BTC,1577676722420,2019-12-30T03:32:02.420Z,sell,1.361e-05,621.0,0.00845181
ONG/BTC,1577677291489,2019-12-30T03:41:31.489Z,buy,1.363e-05,32.0,0.00043616
ONG/BTC,1577677314893,2019-12-30T03:41:54.893Z,buy,1.365e-05,180.0,0.002457
ONG/BTC,1577677314915,2019-12-30T03:41:54.915Z,sell,1.365e-05,504.0,0.0068796
ONG/BTC,1577678242995,2019-12-30T03:57:22.995Z,sell,1.361e-05,164.0,0.00223204
ONG/BTC,1577678296687,2019-12-30T03:58:16.687Z,sell,1.361e-05,122.0,0.00166042
ONG/BTC,1577678297493,2019-12-30T03:58:17.493Z,sell,1.361e-05,77.0,0.00104797
ONG/BTC,1577678298274,2019-12-30T03:58:18.274Z,sell,1.361e-05,49.0,0.00066689
ONG/BTC,1577678299895,2019-12-30T03:58:19.895Z,sell,1.361e-05,40.0,0.0005444
ONG/BTC,1577678299895,2019-12-30T03:58:19.895Z,sell,1.361e-05,40.0,0.0005444
ONG/BTC,1577679550139,2019-12-30T04:19:10.139Z,sell,1.359e-05,17.0,0.00023103
ONG/BTC,1577679550862,2019-12-30T04:19:10.862Z,sell,1.357e-05,151.0,0.00204907
ONG/BTC,1577679551650,2019-12-30T04:19:11.650Z,buy,1.358e-05,36.0,0.00048888
ONG/BTC,1577680087034,2019-12-30T04:28:07.034Z,buy,1.362e-05,15.0,0.0002043
ONG/BTC,1577680102256,2019-12-30T04:28:22.256Z,buy,1.363e-05,2.0,2.726e-05
ONG/BTC,1577680143688,2019-12-30T04:29:03.688Z,buy,1.363e-05,20.0,0.0002726
ONG/BTC,1577680289020,2019-12-30T04:31:29.020Z,buy,1.366e-05,10.0,0.0001365999999999
ONG/BTC,1577680294243,2019-12-30T04:31:34.243Z,sell,1.359e-05,71.0,0.00096489
ONG/BTC,1577680744064,2019-12-30T04:39:04.064Z,buy,1.368e-05,85.0,0.0011627999999999
ONG/BTC,1577680744078,2019-12-30T04:39:04.078Z,buy,1.368e-05,73.0,0.0009986399999999
ONG/BTC,1577680744078,2019-12-30T04:39:04.078Z,buy,1.368e-05,73.0,0.0009986399999999
ONG/BTC,1577683119457,2019-12-30T05:18:39.457Z,sell,1.358e-05,396.0,0.00537768
ONG/BTC,1577683119457,2019-12-30T05:18:39.457Z,sell,1.358e-05,396.0,0.00537768
ONG/BTC,1577684573436,2019-12-30T05:42:53.436Z,buy,1.361e-05,31.0,0.00042191
ONG/BTC,1577684573436,2019-12-30T05:42:53.436Z,buy,1.364e-05,331.0,0.00451484
ONG/BTC,1577685443136,2019-12-30T05:57:23.136Z,buy,1.362e-05,398.0,0.00542076
ONG/BTC,1577685443138,2019-12-30T05:57:23.138Z,buy,1.362e-05,392.0,0.00533904
ONG/BTC,1577685443181,2019-12-30T05:57:23.181Z,buy,1.362e-05,134.0,0.00182508
ONG/BTC,1577685443181,2019-12-30T05:57:23.181Z,buy,1.365e-05,30.0,0.0004095
ONG/BTC,1577685443181,2019-12-30T05:57:23.181Z,buy,1.366e-05,115.0,0.0015708999999999
ONG/BTC,1577685450179,2019-12-30T05:57:30.179Z,buy,1.367e-05,224.0,0.00306208
ONG/BTC,1577685450179,2019-12-30T05:57:30.179Z,buy,1.367e-05,224.0,0.00306208
ONG/BTC,1577686882397,2019-12-30T06:21:22.397Z,sell,1.361e-05,39.0,0.00053079
ONG/BTC,1577686882572,2019-12-30T06:21:22.572Z,sell,1.36e-05,541.0,0.0073576
ONG/BTC,1577686882620,2019-12-30T06:21:22.620Z,sell,1.36e-05,74.0,0.0010064
ONG/BTC,1577686968570,2019-12-30T06:22:48.570Z,sell,1.359e-05,37.0,0.00050283
ONG/BTC,1577687029165,2019-12-30T06:23:49.165Z,sell,1.357e-05,22.0,0.00029854
ONG/BTC,1577687029165,2019-12-30T06:23:49.165Z,sell,1.354e-05,1560.0,0.0211224
ONG/BTC,1577687419363,2019-12-30T06:30:19.363Z,sell,1.355e-05,41.0,0.00055555
ONG/BTC,1577687673780,2019-12-30T06:34:33.780Z,sell,1.355e-05,119.0,0.00161245
ONG/BTC,1577687875017,2019-12-30T06:37:55.017Z,buy,1.362e-05,135.0,0.0018387
ONG/BTC,1577688083271,2019-12-30T06:41:23.271Z,sell,1.36e-05,38.0,0.0005168
ONG/BTC,1577688083287,2019-12-30T06:41:23.287Z,buy,1.358e-05,96.0,0.00130368
ONG/BTC,1577688083296,2019-12-30T06:41:23.296Z,buy,1.358e-05,81.0,0.00109998
ONG/BTC,1577688726276,2019-12-30T06:52:06.276Z,buy,1.358e-05,405.0,0.0054999
ONG/BTC,1577688726276,2019-12-30T06:52:06.276Z,buy,1.358e-05,405.0,0.0054999
ONG/BTC,1577690351740,2019-12-30T07:19:11.740Z,sell,1.357e-05,45.0,0.00061065
ONG/BTC,1577690351780,2019-12-30T07:19:11.780Z,buy,1.357e-05,54.0,0.00073278
ONG/BTC,1577692211090,2019-12-30T07:50:11.090Z,sell,1.357e-05,8.0,0.00010856
ONG/BTC,1577692211637,2019-12-30T07:50:11.637Z,buy,1.356e-05,278.0,0.00376968
ONG/BTC,1577692211646,2019-12-30T07:50:11.646Z,buy,1.356e-05,130.0,0.0017628
ONG/BTC,1577692222163,2019-12-30T07:50:22.163Z,sell,1.355e-05,60.0,0.000813
ONG/BTC,1577692222163,2019-12-30T07:50:22.163Z,sell,1.355e-05,60.0,0.000813
ONG/BTC,1577692589914,2019-12-30T07:56:29.914Z,sell,1.355e-05,348.0,0.0047154
ONG/BTC,1577692589925,2019-12-30T07:56:29.925Z,buy,1.355e-05,5652.0,0.0765846
ONG/BTC,1577692589986,2019-12-30T07:56:29.986Z,sell,1.355e-05,664.0,0.0089972
ONG/BTC,1577693548873,2019-12-30T08:12:28.873Z,sell,1.358e-05,13.0,0.00017654
ONG/BTC,1577693548873,2019-12-30T08:12:28.873Z,sell,1.355e-05,37.0,0.00050135
ONG/BTC,1577693954970,2019-12-30T08:19:14.970Z,sell,1.355e-05,16.0,0.0002168
ONG/BTC,1577694099458,2019-12-30T08:21:39.458Z,sell,1.355e-05,123.0,0.00166665
ONG/BTC,1577694099469,2019-12-30T08:21:39.469Z,buy,1.355e-05,541.0,0.00733055
ONG/BTC,1577694099478,2019-12-30T08:21:39.478Z,buy,1.355e-05,221.0,0.00299455
ONG/BTC,1577694234316,2019-12-30T08:23:54.316Z,sell,1.355e-05,25.0,0.00033875
ONG/BTC,1577694257903,2019-12-30T08:24:17.903Z,sell,1.355e-05,15.0,0.00020325
ONG/BTC,1577694259328,2019-12-30T08:24:19.328Z,sell,1.355e-05,176.0,0.0023848
ONG/BTC,1577694345388,2019-12-30T08:25:45.388Z,buy,1.363e-05,2.0,2.726e-05
ONG/BTC,1577694936956,2019-12-30T08:35:36.956Z,buy,1.361e-05,130.0,0.0017693
ONG/BTC,1577695270945,2019-12-30T08:41:10.945Z,buy,1.362e-05,2.0,2.724e-05
ONG/BTC,1577695270945,2019-12-30T08:41:10.945Z,buy,1.362e-05,2.0,2.724e-05
ONG/BTC,1577695987381,2019-12-30T08:53:07.381Z,buy,1.362e-05,40.0,0.0005448
ONG/BTC,1577695987493,2019-12-30T08:53:07.493Z,buy,1.363e-05,40.0,0.0005452
ONG/BTC,1577696681034,2019-12-30T09:04:41.034Z,buy,1.363e-05,110.0,0.0014993
ONG/BTC,1577697126977,2019-12-30T09:12:06.977Z,buy,1.363e-05,330.0,0.0044979
ONG/BTC,1577697173920,2019-12-30T09:12:53.920Z,sell,1.357e-05,22.0,0.00029854
ONG/BTC,1577697762971,2019-12-30T09:22:42.971Z,sell,1.355e-05,663.0,0.00898365
ONG/BTC,1577697762982,2019-12-30T09:22:42.982Z,buy,1.355e-05,131.0,0.00177505
ONG/BTC,1577698596333,2019-12-30T09:36:36.333Z,sell,1.356e-05,438.0,0.00593928
ONG/BTC,1577698596333,2019-12-30T09:36:36.333Z,sell,1.356e-05,438.0,0.00593928
ONG/BTC,1577699230658,2019-12-30T09:47:10.658Z,sell,1.358e-05,43.0,0.00058394
ONG/BTC,1577699231493,2019-12-30T09:47:11.493Z,buy,1.363e-05,2.0,2.726e-05
ONG/BTC,1577699542853,2019-12-30T09:52:22.853Z,buy,1.361e-05,854.0,0.01162294
ONG/BTC,1577699920069,2019-12-30T09:58:40.069Z,sell,1.353e-05,130.0,0.0017588999999999
ONG/BTC,1577699920069,2019-12-30T09:58:40.069Z,sell,1.351e-05,198.0,0.00267498
ONG/BTC,1577699920069,2019-12-30T09:58:40.069Z,sell,1.351e-05,1156.0,0.0156175599999999
ONG/BTC,1577699947336,2019-12-30T09:59:07.336Z,sell,1.355e-05,32.0,0.0004336
ONG/BTC,1577699947336,2019-12-30T09:59:07.336Z,sell,1.352e-05,11.0,0.00014872
ONG/BTC,1577700879404,2019-12-30T10:14:39.404Z,sell,1.351e-05,2565.0,0.03465315
ONG/BTC,1577700908763,2019-12-30T10:15:08.763Z,buy,1.351e-05,50.0,0.0006755
ONG/BTC,1577700981718,2019-12-30T10:16:21.718Z,buy,1.351e-05,3826.0,0.05168926
ONG/BTC,1577700981727,2019-12-30T10:16:21.727Z,buy,1.351e-05,499.0,0.0067414899999999
ONG/BTC,1577701176926,2019-12-30T10:19:36.926Z,sell,1.352e-05,5591.0,0.07559032
ONG/BTC,1577701176978,2019-12-30T10:19:36.978Z,sell,1.351e-05,2821.0,0.03811171
ONG/BTC,1577701177235,2019-12-30T10:19:37.235Z,buy,1.351e-05,408.0,0.00551208
ONG/BTC,1577701196961,2019-12-30T10:19:56.961Z,sell,1.349e-05,1100.0,0.014839
ONG/BTC,1577701200551,2019-12-30T10:20:00.551Z,buy,1.35e-05,35.0,0.0004725
ONG/BTC,1577702050760,2019-12-30T10:34:10.760Z,buy,1.362e-05,2.0,2.724e-05
ONG/BTC,1577702194034,2019-12-30T10:36:34.034Z,buy,1.358e-05,3140.0,0.0426412
ONG/BTC,1577702194034,2019-12-30T10:36:34.034Z,buy,1.358e-05,3140.0,0.0426412
ONG/BTC,1577702198043,2019-12-30T10:36:38.043Z,buy,1.358e-05,642.0,0.00871836
ONG/BTC,1577702198043,2019-12-30T10:36:38.043Z,buy,1.36e-05,340.0,0.004624
ONG/BTC,1577702243588,2019-12-30T10:37:23.588Z,sell,1.355e-05,8.0,0.0001084
ONG/BTC,1577702299100,2019-12-30T10:38:19.100Z,sell,1.355e-05,921.0,0.01247955
ONG/BTC,1577702344682,2019-12-30T10:39:04.682Z,sell,1.358e-05,15.0,0.0002037
ONG/BTC,1577702344710,2019-12-30T10:39:04.710Z,buy,1.358e-05,998.0,0.01355284
ONG/BTC,1577702344741,2019-12-30T10:39:04.741Z,sell,1.357e-05,13.0,0.00017641
ONG/BTC,1577702552842,2019-12-30T10:42:32.842Z,sell,1.354e-05,13.0,0.00017602
ONG/BTC,1577702552864,2019-12-30T10:42:32.864Z,buy,1.354e-05,669.0,0.00905826
ONG/BTC,1577702557799,2019-12-30T10:42:37.799Z,sell,1.354e-05,669.0,0.00905826
ONG/BTC,1577702636482,2019-12-30T10:43:56.482Z,buy,1.354e-05,6.0,8.124e-05
ONG/BTC,1577703796975,2019-12-30T11:03:16.975Z,buy,1.359e-05,421.0,0.00572139
ONG/BTC,1577703796983,2019-12-30T11:03:16.983Z,buy,1.359e-05,268.0,0.00364212
ONG/BTC,1577703797005,2019-12-30T11:03:17.005Z,buy,1.361e-05,294.0,0.00400134
ONG/BTC,1577703797026,2019-12-30T11:03:17.026Z,sell,1.36e-05,304.0,0.0041344
ONG/BTC,1577703797026,2019-12-30T11:03:17.026Z,sell,1.354e-05,44.0,0.00059576
ONG/BTC,1577703797085,2019-12-30T11:03:17.085Z,buy,1.359e-05,268.0,0.00364212
ONG/BTC,1577703797086,2019-12-30T11:03:17.086Z,buy,1.359e-05,93.0,0.00126387
ONG/BTC,1577703797134,2019-12-30T11:03:17.134Z,buy,1.359e-05,268.0,0.00364212
ONG/BTC,1577703797139,2019-12-30T11:03:17.139Z,buy,1.359e-05,268.0,0.00364212
ONG/BTC,1577703797142,2019-12-30T11:03:17.142Z,buy,1.359e-05,187.0,0.00254133
ONG/BTC,1577703955325,2019-12-30T11:05:55.325Z,buy,1.354e-05,452.0,0.00612008
ONG/BTC,1577703956531,2019-12-30T11:05:56.531Z,buy,1.354e-05,313.0,0.00423802
ONG/BTC,1577703970446,2019-12-30T11:06:10.446Z,buy,1.354e-05,153.0,0.00207162
ONG/BTC,1577704250566,2019-12-30T11:10:50.566Z,buy,1.354e-05,85.0,0.0011509
ONG/BTC,1577704260969,2019-12-30T11:11:00.969Z,buy,1.354e-05,85.0,0.0011509
ONG/BTC,1577704260986,2019-12-30T11:11:00.986Z,buy,1.354e-05,85.0,0.0011509
ONG/BTC,1577704275803,2019-12-30T11:11:15.803Z,buy,1.354e-05,81.0,0.00109674
ONG/BTC,1577704282909,2019-12-30T11:11:22.909Z,sell,1.355e-05,689.0,0.00933595
ONG/BTC,1577704285959,2019-12-30T11:11:25.959Z,sell,1.355e-05,459.0,0.00621945
ONG/BTC,1577704429713,2019-12-30T11:13:49.713Z,sell,1.354e-05,81.0,0.00109674
ONG/BTC,1577704580123,2019-12-30T11:16:20.123Z,buy,1.358e-05,8.0,0.00010864
ONG/BTC,1577704595697,2019-12-30T11:16:35.697Z,buy,1.358e-05,29.0,0.00039382
ONG/BTC,1577704595697,2019-12-30T11:16:35.697Z,buy,1.36e-05,1.0,1.36e-05
ONG/BTC,1577704787433,2019-12-30T11:19:47.433Z,buy,1.361e-05,382.0,0.00519902
ONG/BTC,1577704787433,2019-12-30T11:19:47.433Z,buy,1.362e-05,6.0,8.172e-05
ONG/BTC,1577704787433,2019-12-30T11:19:47.433Z,buy,1.363e-05,3769.0,0.05137147
ONG/BTC,1577704787442,2019-12-30T11:19:47.442Z,sell,1.363e-05,661.0,0.00900943
ONG/BTC,1577704787448,2019-12-30T11:19:47.448Z,sell,1.363e-05,661.0,0.00900943
ONG/BTC,1577704787453,2019-12-30T11:19:47.453Z,sell,1.363e-05,661.0,0.00900943
ONG/BTC,1577704787457,2019-12-30T11:19:47.457Z,sell,1.363e-05,445.0,0.00606535
ONG/BTC,1577704787463,2019-12-30T11:19:47.463Z,sell,1.363e-05,784.0,0.01068592
ONG/BTC,1577704807885,2019-12-30T11:20:07.885Z,buy,1.367e-05,12.0,0.00016404
ONG/BTC,1577705214178,2019-12-30T11:26:54.178Z,sell,1.362e-05,37.0,0.00050394
ONG/BTC,1577705214178,2019-12-30T11:26:54.178Z,sell,1.362e-05,37.0,0.00050394
ONG/BTC,1577705810022,2019-12-30T11:36:50.022Z,buy,1.365e-05,37.0,0.0005050499999999
ONG/BTC,1577705902922,2019-12-30T11:38:22.922Z,buy,1.363e-05,20.0,0.0002726
ONG/BTC,1577705937437,2019-12-30T11:38:57.437Z,buy,1.364e-05,50.0,0.000682
ONG/BTC,1577706157230,2019-12-30T11:42:37.230Z,sell,1.363e-05,919.0,0.0125259699999999
ONG/BTC,1577706157239,2019-12-30T11:42:37.239Z,sell,1.363e-05,652.0,0.00888676
ONG/BTC,1577706158980,2019-12-30T11:42:38.980Z,sell,1.363e-05,272.0,0.00370736
ONG/BTC,1577707639929,2019-12-30T12:07:19.929Z,sell,1.36e-05,216.0,0.0029376
ONG/BTC,1577707843474,2019-12-30T12:10:43.474Z,buy,1.367e-05,19.0,0.00025973
ONG/BTC,1577707999293,2019-12-30T12:13:19.293Z,buy,1.363e-05,30.0,0.0004089
ONG/BTC,1577708432414,2019-12-30T12:20:32.414Z,sell,1.357e-05,14.0,0.00018998
ONG/BTC,1577708432414,2019-12-30T12:20:32.414Z,sell,1.357e-05,14.0,0.00018998
ONG/BTC,1577708874292,2019-12-30T12:27:54.292Z,sell,1.358e-05,97.0,0.00131726
ONG/BTC,1577709058263,2019-12-30T12:30:58.263Z,buy,1.36e-05,1492.0,0.0202912
ONG/BTC,1577710605954,2019-12-30T12:56:45.954Z,sell,1.362e-05,37.0,0.00050394
ONG/BTC,1577710731525,2019-12-30T12:58:51.525Z,buy,1.362e-05,8.0,0.00010896
ONG/BTC,1577710731525,2019-12-30T12:58:51.525Z,buy,1.364e-05,93.0,0.00126852
ONG/BTC,1577710813956,2019-12-30T13:00:13.956Z,sell,1.358e-05,81.0,0.00109998
ONG/BTC,1577710929270,2019-12-30T13:02:09.270Z,buy,1.364e-05,10.0,0.0001364
ONG/BTC,1577711207957,2019-12-30T13:06:47.957Z,sell,1.358e-05,388.0,0.00526904
ONG/BTC,1577711207957,2019-12-30T13:06:47.957Z,sell,1.357e-05,8.0,0.00010856
ONG/BTC,1577711207979,2019-12-30T13:06:47.979Z,sell,1.358e-05,259.0,0.00351722
ONG/BTC,1577711243254,2019-12-30T13:07:23.254Z,sell,1.36e-05,330.0,0.004488
ONG/BTC,1577711243254,2019-12-30T13:07:23.254Z,sell,1.36e-05,330.0,0.004488
ONG/BTC,1577712247851,2019-12-30T13:24:07.851Z,sell,1.353e-05,518.0,0.00700854
ONG/BTC,1577712274890,2019-12-30T13:24:34.890Z,buy,1.358e-05,10.0,0.0001358
ONG/BTC,1577712405648,2019-12-30T13:26:45.648Z,sell,1.351e-05,692.0,0.00934892
ONG/BTC,1577712405659,2019-12-30T13:26:45.659Z,buy,1.351e-05,692.0,0.00934892
ONG/BTC,1577712405665,2019-12-30T13:26:45.665Z,buy,1.351e-05,106.0,0.00143206
ONG/BTC,1577712635936,2019-12-30T13:30:35.936Z,buy,1.358e-05,8.0,0.00010864
ONG/BTC,1577712734832,2019-12-30T13:32:14.832Z,buy,1.36e-05,8.0,0.0001088
ONG/BTC,1577713574573,2019-12-30T13:46:14.573Z,buy,1.359e-05,260.0,0.0035334
ONG/BTC,1577713574573,2019-12-30T13:46:14.573Z,buy,1.36e-05,8.0,0.0001088
ONG/BTC,1577713579932,2019-12-30T13:46:19.932Z,buy,1.36e-05,759.0,0.0103224
ONG/BTC,1577713579932,2019-12-30T13:46:19.932Z,buy,1.362e-05,2779.0,0.03784998
ONG/BTC,1577713581088,2019-12-30T13:46:21.088Z,buy,1.361e-05,16.0,0.00021776
ONG/BTC,1577713581312,2019-12-30T13:46:21.312Z,buy,1.361e-05,16.0,0.00021776
ONG/BTC,1577713582042,2019-12-30T13:46:22.042Z,buy,1.361e-05,16.0,0.00021776
ONG/BTC,1577713582256,2019-12-30T13:46:22.256Z,buy,1.361e-05,16.0,0.00021776
ONG/BTC,1577713582747,2019-12-30T13:46:22.747Z,buy,1.361e-05,16.0,0.00021776
ONG/BTC,1577713675560,2019-12-30T13:47:55.560Z,buy,1.363e-05,22.0,0.00029986
ONG/BTC,1577713675560,2019-12-30T13:47:55.560Z,buy,1.364e-05,17.0,0.00023188
ONG/BTC,1577713675560,2019-12-30T13:47:55.560Z,buy,1.365e-05,761.0,0.01038765
ONG/BTC,1577713688131,2019-12-30T13:48:08.131Z,sell,1.357e-05,800.0,0.010856
ONG/BTC,1577714361156,2019-12-30T13:59:21.156Z,sell,1.358e-05,864.0,0.01173312
ONG/BTC,1577714496291,2019-12-30T14:01:36.291Z,sell,1.358e-05,198.0,0.00268884
ONG/BTC,1577714497283,2019-12-30T14:01:37.283Z,sell,1.358e-05,138.0,0.00187404
ONG/BTC,1577714497424,2019-12-30T14:01:37.424Z,buy,1.36e-05,778.0,0.0105808
ONG/BTC,1577714497424,2019-12-30T14:01:37.424Z,buy,1.361e-05,409.0,0.00556649
ONG/BTC,1577714497424,2019-12-30T14:01:37.424Z,buy,1.363e-05,13.0,0.00017719
ONG/BTC,1577714525153,2019-12-30T14:02:05.153Z,buy,1.363e-05,9.0,0.00012267
ONG/BTC,1577714525153,2019-12-30T14:02:05.153Z,buy,1.365e-05,266.0,0.0036309
ONG/BTC,1577714563846,2019-12-30T14:02:43.846Z,sell,1.363e-05,288.0,0.00392544
ONG/BTC,1577714791069,2019-12-30T14:06:31.069Z,sell,1.361e-05,74.0,0.00100714
ONG/BTC,1577714791069,2019-12-30T14:06:31.069Z,sell,1.361e-05,74.0,0.00100714
ONG/BTC,1577715052608,2019-12-30T14:10:52.608Z,buy,1.368e-05,427.0,0.0058413599999999
ONG/BTC,1577715061701,2019-12-30T14:11:01.701Z,buy,1.363e-05,181.0,0.00246703
ONG/BTC,1577715065843,2019-12-30T14:11:05.843Z,sell,1.359e-05,246.0,0.00334314
ONG/BTC,1577715065843,2019-12-30T14:11:05.843Z,sell,1.359e-05,246.0,0.00334314
ONG/BTC,1577719161322,2019-12-30T15:19:21.322Z,sell,1.365e-05,21.0,0.00028665
ONG/BTC,1577719161322,2019-12-30T15:19:21.322Z,sell,1.365e-05,21.0,0.00028665
ONG/BTC,1577719448341,2019-12-30T15:24:08.341Z,sell,1.365e-05,8.0,0.0001092
ONG/BTC,1577719596073,2019-12-30T15:26:36.073Z,buy,1.37e-05,284.0,0.0038908
ONG/BTC,1577719596073,2019-12-30T15:26:36.073Z,buy,1.371e-05,61.0,0.0008363099999999
ONG/BTC,1577719834979,2019-12-30T15:30:34.979Z,sell,1.365e-05,18.0,0.0002457
ONG/BTC,1577719865551,2019-12-30T15:31:05.551Z,sell,1.363e-05,64.0,0.00087232
ONG/BTC,1577719865551,2019-12-30T15:31:05.551Z,sell,1.36e-05,66.0,0.0008976
ONG/BTC,1577720791184,2019-12-30T15:46:31.184Z,sell,1.361e-05,345.0,0.00469545
ONG/BTC,1577721923201,2019-12-30T16:05:23.201Z,sell,1.364e-05,50.0,0.000682
ONG/BTC,1577722730181,2019-12-30T16:18:50.181Z,buy,1.367e-05,37.0,0.00050579
ONG/BTC,1577722730181,2019-12-30T16:18:50.181Z,buy,1.367e-05,37.0,0.00050579
ONG/BTC,1577722762505,2019-12-30T16:19:22.505Z,buy,1.368e-05,121.0,0.0016552799999999
ONG/BTC,1577722762507,2019-12-30T16:19:22.507Z,buy,1.368e-05,53.0,0.0007250399999999
ONG/BTC,1577722897530,2019-12-30T16:21:37.530Z,sell,1.363e-05,358.0,0.00487954
ONG/BTC,1577722897530,2019-12-30T16:21:37.530Z,sell,1.362e-05,1080.0,0.0147096
ONG/BTC,1577723585975,2019-12-30T16:33:05.975Z,buy,1.37e-05,200.0,0.00274
ONG/BTC,1577724107474,2019-12-30T16:41:47.474Z,buy,1.37e-05,8.0,0.0001096
ONG/BTC,1577724914220,2019-12-30T16:55:14.220Z,buy,1.37e-05,117.0,0.0016029
ONG/BTC,1577725501951,2019-12-30T17:05:01.951Z,buy,1.37e-05,1441.0,0.0197416999999999
ONG/BTC,1577725640729,2019-12-30T17:07:20.729Z,sell,1.369e-05,17.0,0.00023273
ONG/BTC,1577726317868,2019-12-30T17:18:37.868Z,sell,1.368e-05,8.0,0.00010944
ONG/BTC,1577726322944,2019-12-30T17:18:42.944Z,buy,1.369e-05,13.0,0.00017797
ONG/BTC,1577726322944,2019-12-30T17:18:42.944Z,buy,1.369e-05,13.0,0.00017797
ONG/BTC,1577726578845,2019-12-30T17:22:58.845Z,buy,1.369e-05,13.0,0.00017797
ONG/BTC,1577728963559,2019-12-30T18:02:43.559Z,buy,1.369e-05,73.0,0.0009993699999999
ONG/BTC,1577728963610,2019-12-30T18:02:43.610Z,buy,1.369e-05,73.0,0.0009993699999999
ONG/BTC,1577729501071,2019-12-30T18:11:41.071Z,buy,1.369e-05,60.0,0.0008213999999999
ONG/BTC,1577729501071,2019-12-30T18:11:41.071Z,buy,1.369e-05,60.0,0.0008213999999999
ONG/BTC,1577730198281,2019-12-30T18:23:18.281Z,sell,1.367e-05,12.0,0.00016404
ONG/BTC,1577730198281,2019-12-30T18:23:18.281Z,sell,1.365e-05,3.0,4.095e-05
ONG/BTC,1577730511244,2019-12-30T18:28:31.244Z,buy,1.367e-05,17.0,0.00023239
ONG/BTC,1577730737909,2019-12-30T18:32:17.909Z,buy,1.367e-05,13.0,0.00017771
ONG/BTC,1577731005402,2019-12-30T18:36:45.402Z,buy,1.367e-05,13.0,0.00017771
ONG/BTC,1577731798002,2019-12-30T18:49:58.002Z,sell,1.366e-05,17.0,0.00023222
ONG/BTC,1577731798002,2019-12-30T18:49:58.002Z,sell,1.365e-05,11.0,0.00015015
ONG/BTC,1577732712512,2019-12-30T19:05:12.512Z,sell,1.366e-05,13.0,0.00017758
ONG/BTC,1577732814370,2019-12-30T19:06:54.370Z,buy,1.366e-05,13.0,0.00017758
ONG/BTC,1577732873949,2019-12-30T19:07:53.949Z,buy,1.366e-05,329.0,0.00449414
ONG/BTC,1577732879844,2019-12-30T19:07:59.844Z,buy,1.366e-05,13.0,0.00017758
ONG/BTC,1577732953014,2019-12-30T19:09:13.014Z,buy,1.366e-05,338.0,0.00461708
ONG/BTC,1577732953028,2019-12-30T19:09:13.028Z,sell,1.365e-05,3.0,4.095e-05
ONG/BTC,1577732953028,2019-12-30T19:09:13.028Z,sell,1.365e-05,3.0,4.095e-05
ONG/BTC,1577733376455,2019-12-30T19:16:16.455Z,buy,1.367e-05,367.0,0.0050168899999999
ONG/BTC,1577733376455,2019-12-30T19:16:16.455Z,buy,1.369e-05,344.0,0.00470936
ONG/BTC,1577733376455,2019-12-30T19:16:16.455Z,buy,1.37e-05,49289.0,0.6752593
ONG/BTC,1577733580403,2019-12-30T19:19:40.403Z,buy,1.369e-05,1549.0,0.02120581
ONG/BTC,1577733580403,2019-12-30T19:19:40.403Z,buy,1.37e-05,1816.0,0.0248791999999999
ONG/BTC,1577733589753,2019-12-30T19:19:49.753Z,buy,1.37e-05,686.0,0.0093981999999999
ONG/BTC,1577733626675,2019-12-30T19:20:26.675Z,buy,1.37e-05,146.0,0.0020001999999999
ONG/BTC,1577735057384,2019-12-30T19:44:17.384Z,sell,1.367e-05,13.0,0.00017771
ONG/BTC,1577735057384,2019-12-30T19:44:17.384Z,sell,1.367e-05,13.0,0.00017771
ONG/BTC,1577736657913,2019-12-30T20:10:57.913Z,sell,1.366e-05,53.0,0.0007239799999999
ONG/BTC,1577736657913,2019-12-30T20:10:57.913Z,sell,1.365e-05,607.0,0.00828555
ONG/BTC,1577737016653,2019-12-30T20:16:56.653Z,sell,1.365e-05,244.0,0.0033306
ONG/BTC,1577737061347,2019-12-30T20:17:41.347Z,sell,1.365e-05,1615.0,0.02204475
ONG/BTC,1577737342929,2019-12-30T20:22:22.929Z,sell,1.363e-05,22.0,0.00029986
ONG/BTC,1577737342929,2019-12-30T20:22:22.929Z,sell,1.36e-05,459.0,0.0062424
ONG/BTC,1577737342929,2019-12-30T20:22:22.929Z,sell,1.359e-05,2100.0,0.028539
ONG/BTC,1577737342929,2019-12-30T20:22:22.929Z,sell,1.358e-05,903.0,0.01226274
ONG/BTC,1577737343113,2019-12-30T20:22:23.113Z,sell,1.36e-05,306.0,0.0041616
ONG/BTC,1577737398123,2019-12-30T20:23:18.123Z,sell,1.36e-05,8.0,0.0001088
ONG/BTC,1577737398123,2019-12-30T20:23:18.123Z,sell,1.358e-05,866.0,0.01176028
ONG/BTC,1577737398123,2019-12-30T20:23:18.123Z,sell,1.357e-05,734.0,0.00996038
ONG/BTC,1577737398123,2019-12-30T20:23:18.123Z,sell,1.356e-05,5551.0,0.07527156
ONG/BTC,1577737398132,2019-12-30T20:23:18.132Z,buy,1.356e-05,242.0,0.00328152
ONG/BTC,1577737401253,2019-12-30T20:23:21.253Z,buy,1.36e-05,176.0,0.0023936
ONG/BTC,1577737401302,2019-12-30T20:23:21.302Z,buy,1.36e-05,110.0,0.001496
ONG/BTC,1577737401321,2019-12-30T20:23:21.321Z,buy,1.36e-05,114.0,0.0015504
ONG/BTC,1577737401765,2019-12-30T20:23:21.765Z,buy,1.363e-05,22.0,0.00029986
ONG/BTC,1577737401765,2019-12-30T20:23:21.765Z,buy,1.364e-05,178.0,0.00242792
ONG/BTC,1577738161917,2019-12-30T20:36:01.917Z,sell,1.36e-05,1657.0,0.0225352
ONG/BTC,1577738210054,2019-12-30T20:36:50.054Z,buy,1.368e-05,2.0,2.736e-05
ONG/BTC,1577738210054,2019-12-30T20:36:50.054Z,buy,1.368e-05,2.0,2.736e-05
ONG/BTC,1577739047057,2019-12-30T20:50:47.057Z,buy,1.366e-05,286.0,0.00390676
ONG/BTC,1577739162329,2019-12-30T20:52:42.329Z,buy,1.366e-05,2.0,2.732e-05
ONG/BTC,1577739309645,2019-12-30T20:55:09.645Z,buy,1.366e-05,576.0,0.0078681599999999
ONG/BTC,1577739309645,2019-12-30T20:55:09.645Z,buy,1.366e-05,576.0,0.0078681599999999
ONG/BTC,1577742242794,2019-12-30T21:44:02.794Z,buy,1.364e-05,266.0,0.00362824
ONG/BTC,1577742245667,2019-12-30T21:44:05.667Z,buy,1.364e-05,60.0,0.0008183999999999
