symbol,timestamp,datetime,side,price,amount,btc_volume
OST/BTC,1570730467648,2019-10-10T18:01:07.648Z,sell,1.53e-06,1998.0,0.0030569399999999
OST/BTC,1570730484793,2019-10-10T18:01:24.793Z,sell,1.53e-06,1446.0,0.00221238
OST/BTC,1570730686170,2019-10-10T18:04:46.170Z,buy,1.54e-06,2500.0,0.00385
OST/BTC,1570730697371,2019-10-10T18:04:57.371Z,sell,1.53e-06,46242.0,0.07075026
OST/BTC,1570730697400,2019-10-10T18:04:57.400Z,buy,1.53e-06,980.0,0.0014994
OST/BTC,1570730697407,2019-10-10T18:04:57.407Z,buy,1.53e-06,242.0,0.0003702599999999
OST/BTC,1570730697496,2019-10-10T18:04:57.496Z,buy,1.53e-06,7666.0,0.01172898
OST/BTC,1570730697691,2019-10-10T18:04:57.691Z,buy,1.53e-06,5262.0,0.00805086
OST/BTC,1570730697960,2019-10-10T18:04:57.960Z,buy,1.53e-06,6439.0,0.00985167
OST/BTC,1570730708067,2019-10-10T18:05:08.067Z,buy,1.53e-06,2404.0,0.00367812
OST/BTC,1570730734202,2019-10-10T18:05:34.202Z,sell,1.52e-06,471.0,0.00071592
OST/BTC,1570730776739,2019-10-10T18:06:16.739Z,buy,1.54e-06,582.0,0.00089628
OST/BTC,1570730787376,2019-10-10T18:06:27.376Z,buy,1.54e-06,126.0,0.00019404
OST/BTC,1570730787799,2019-10-10T18:06:27.799Z,buy,1.54e-06,172.0,0.00026488
OST/BTC,1570730788436,2019-10-10T18:06:28.436Z,buy,1.54e-06,363.0,0.00055902
OST/BTC,1570730788531,2019-10-10T18:06:28.531Z,buy,1.54e-06,1468.0,0.00226072
OST/BTC,1570730788676,2019-10-10T18:06:28.676Z,buy,1.54e-06,3921.0,0.00603834
OST/BTC,1570730789325,2019-10-10T18:06:29.325Z,buy,1.54e-06,1079.0,0.00166166
OST/BTC,1570730789327,2019-10-10T18:06:29.327Z,buy,1.54e-06,974.0,0.00149996
OST/BTC,1570730789372,2019-10-10T18:06:29.372Z,buy,1.54e-06,974.0,0.00149996
OST/BTC,1570730791654,2019-10-10T18:06:31.654Z,buy,1.54e-06,147.0,0.00022638
OST/BTC,1570730797763,2019-10-10T18:06:37.763Z,buy,1.54e-06,348.0,0.00053592
OST/BTC,1570730798042,2019-10-10T18:06:38.042Z,buy,1.54e-06,363.0,0.00055902
OST/BTC,1570730798217,2019-10-10T18:06:38.217Z,sell,1.53e-06,1134.0,0.0017350199999999
OST/BTC,1570730798432,2019-10-10T18:06:38.432Z,buy,1.54e-06,4643.0,0.00715022
OST/BTC,1570730799974,2019-10-10T18:06:39.974Z,buy,1.54e-06,2177.0,0.00335258
OST/BTC,1570730800503,2019-10-10T18:06:40.503Z,buy,1.54e-06,180.0,0.0002772
OST/BTC,1570730801282,2019-10-10T18:06:41.282Z,buy,1.54e-06,147.0,0.00022638
OST/BTC,1570730801430,2019-10-10T18:06:41.430Z,buy,1.54e-06,11609.0,0.01787786
OST/BTC,1570730803933,2019-10-10T18:06:43.933Z,buy,1.54e-06,726.0,0.00111804
OST/BTC,1570730803990,2019-10-10T18:06:43.990Z,buy,1.54e-06,147.0,0.00022638
OST/BTC,1570730804896,2019-10-10T18:06:44.896Z,buy,1.54e-06,147.0,0.00022638
OST/BTC,1570730805075,2019-10-10T18:06:45.075Z,buy,1.54e-06,5515.0,0.0084931
OST/BTC,1570730805944,2019-10-10T18:06:45.944Z,buy,1.54e-06,726.0,0.00111804
OST/BTC,1570730806487,2019-10-10T18:06:46.487Z,buy,1.54e-06,211.0,0.00032494
OST/BTC,1570730808839,2019-10-10T18:06:48.839Z,buy,1.54e-06,372.0,0.00057288
OST/BTC,1570730828363,2019-10-10T18:07:08.363Z,buy,1.54e-06,66.0,0.00010164
OST/BTC,1570730828647,2019-10-10T18:07:08.647Z,buy,1.54e-06,325.0,0.0005005
OST/BTC,1570730828721,2019-10-10T18:07:08.721Z,buy,1.54e-06,195.0,0.0003003
OST/BTC,1570730828805,2019-10-10T18:07:08.805Z,buy,1.54e-06,6494.0,0.01000076
OST/BTC,1570730829181,2019-10-10T18:07:09.181Z,buy,1.54e-06,2597.0,0.00399938
OST/BTC,1570730829526,2019-10-10T18:07:09.526Z,buy,1.54e-06,1299.0,0.00200046
OST/BTC,1570730829677,2019-10-10T18:07:09.677Z,buy,1.54e-06,650.0,0.001001
OST/BTC,1570730829826,2019-10-10T18:07:09.826Z,buy,1.54e-06,12988.0,0.02000152
OST/BTC,1570730830043,2019-10-10T18:07:10.043Z,buy,1.54e-06,66.0,0.00010164
OST/BTC,1570730830181,2019-10-10T18:07:10.181Z,buy,1.54e-06,195.0,0.0003003
OST/BTC,1570730830197,2019-10-10T18:07:10.197Z,buy,1.54e-06,143.0,0.00022022
OST/BTC,1570730830835,2019-10-10T18:07:10.835Z,buy,1.54e-06,974.0,0.00149996
OST/BTC,1570730830884,2019-10-10T18:07:10.884Z,buy,1.54e-06,324.0,0.00049896
OST/BTC,1570730831365,2019-10-10T18:07:11.365Z,buy,1.54e-06,641.0,0.00098714
OST/BTC,1570730831465,2019-10-10T18:07:11.465Z,buy,1.54e-06,1948.0,0.00299992
OST/BTC,1570730831509,2019-10-10T18:07:11.509Z,buy,1.54e-06,363.0,0.00055902
OST/BTC,1570730832168,2019-10-10T18:07:12.168Z,buy,1.54e-06,5844.0,0.00899976
OST/BTC,1570730832206,2019-10-10T18:07:12.206Z,buy,1.54e-06,974.0,0.00149996
OST/BTC,1570730832888,2019-10-10T18:07:12.888Z,buy,1.54e-06,867.0,0.00133518
OST/BTC,1570730833194,2019-10-10T18:07:13.194Z,buy,1.54e-06,387.0,0.00059598
OST/BTC,1570730833297,2019-10-10T18:07:13.297Z,buy,1.54e-06,324.0,0.00049896
OST/BTC,1570730833929,2019-10-10T18:07:13.929Z,buy,1.54e-06,1298.0,0.00199892
OST/BTC,1570730834406,2019-10-10T18:07:14.406Z,buy,1.54e-06,1948.0,0.00299992
OST/BTC,1570730834410,2019-10-10T18:07:14.410Z,buy,1.54e-06,650.0,0.001001
OST/BTC,1570730834558,2019-10-10T18:07:14.558Z,buy,1.54e-06,194.0,0.00029876
OST/BTC,1570730834910,2019-10-10T18:07:14.910Z,buy,1.54e-06,129.0,0.00019866
OST/BTC,1570730835203,2019-10-10T18:07:15.203Z,buy,1.54e-06,6494.0,0.01000076
OST/BTC,1570730835337,2019-10-10T18:07:15.337Z,buy,1.54e-06,129.0,0.00019866
OST/BTC,1570730835499,2019-10-10T18:07:15.499Z,buy,1.54e-06,32467.0,0.04999918
OST/BTC,1570730835819,2019-10-10T18:07:15.819Z,buy,1.54e-06,4871.0,0.00750134
OST/BTC,1570730837956,2019-10-10T18:07:17.956Z,buy,1.54e-06,5230.0,0.0080542
OST/BTC,1570730838286,2019-10-10T18:07:18.286Z,buy,1.54e-06,6493.0,0.00999922
OST/BTC,1570730839477,2019-10-10T18:07:19.477Z,buy,1.54e-06,1299.0,0.00200046
OST/BTC,1570730840039,2019-10-10T18:07:20.039Z,buy,1.54e-06,3247.0,0.00500038
OST/BTC,1570730841884,2019-10-10T18:07:21.884Z,buy,1.54e-06,1298.0,0.00199892
OST/BTC,1570730843218,2019-10-10T18:07:23.218Z,buy,1.54e-06,723.0,0.00111342
OST/BTC,1570730844208,2019-10-10T18:07:24.208Z,buy,1.54e-06,66.0,0.00010164
OST/BTC,1570730844674,2019-10-10T18:07:24.674Z,buy,1.54e-06,715.0,0.0011011
OST/BTC,1570730845409,2019-10-10T18:07:25.409Z,buy,1.54e-06,6064.0,0.00933856
OST/BTC,1570730846083,2019-10-10T18:07:26.083Z,buy,1.54e-06,616.0,0.00094864
OST/BTC,1570730846111,2019-10-10T18:07:26.111Z,buy,1.54e-06,2862.0,0.00440748
OST/BTC,1570730846305,2019-10-10T18:07:26.305Z,buy,1.54e-06,1298.0,0.00199892
OST/BTC,1570730847046,2019-10-10T18:07:27.046Z,buy,1.54e-06,650.0,0.001001
OST/BTC,1570730847084,2019-10-10T18:07:27.084Z,buy,1.54e-06,709.0,0.00109186
OST/BTC,1570730847662,2019-10-10T18:07:27.662Z,buy,1.54e-06,975.0,0.0015015
OST/BTC,1570730847945,2019-10-10T18:07:27.945Z,buy,1.54e-06,3246.0,0.00499884
OST/BTC,1570730848512,2019-10-10T18:07:28.512Z,buy,1.54e-06,66.0,0.00010164
OST/BTC,1570730848534,2019-10-10T18:07:28.534Z,buy,1.54e-06,681.0,0.00104874
OST/BTC,1570730848981,2019-10-10T18:07:28.981Z,buy,1.54e-06,3897.0,0.00600138
OST/BTC,1570730849098,2019-10-10T18:07:29.098Z,buy,1.54e-06,12988.0,0.02000152
OST/BTC,1570730849605,2019-10-10T18:07:29.605Z,buy,1.54e-06,1298.0,0.00199892
OST/BTC,1570730849762,2019-10-10T18:07:29.762Z,buy,1.54e-06,974.0,0.00149996
OST/BTC,1570730849865,2019-10-10T18:07:29.865Z,buy,1.54e-06,260.0,0.0004004
OST/BTC,1570730850281,2019-10-10T18:07:30.281Z,buy,1.54e-06,780.0,0.0012012
OST/BTC,1570730850284,2019-10-10T18:07:30.284Z,buy,1.54e-06,77.0,0.00011858
OST/BTC,1570730850722,2019-10-10T18:07:30.722Z,buy,1.54e-06,650.0,0.001001
OST/BTC,1570730850732,2019-10-10T18:07:30.732Z,buy,1.54e-06,3246.0,0.00499884
OST/BTC,1570730850941,2019-10-10T18:07:30.941Z,buy,1.54e-06,650.0,0.001001
OST/BTC,1570730851137,2019-10-10T18:07:31.137Z,buy,1.54e-06,66.0,0.00010164
OST/BTC,1570730851147,2019-10-10T18:07:31.147Z,buy,1.54e-06,324.0,0.00049896
OST/BTC,1570730851437,2019-10-10T18:07:31.437Z,buy,1.54e-06,280.0,0.0004312
OST/BTC,1570730851739,2019-10-10T18:07:31.739Z,buy,1.54e-06,3766.0,0.00579964
OST/BTC,1570730851809,2019-10-10T18:07:31.809Z,buy,1.54e-06,746.0,0.00114884
OST/BTC,1570730855274,2019-10-10T18:07:35.274Z,buy,1.54e-06,2598.0,0.00400092
OST/BTC,1570730855350,2019-10-10T18:07:35.350Z,buy,1.54e-06,650.0,0.001001
OST/BTC,1570730855472,2019-10-10T18:07:35.472Z,buy,1.54e-06,130.0,0.0002002
OST/BTC,1570730856063,2019-10-10T18:07:36.063Z,buy,1.54e-06,66.0,0.00010164
OST/BTC,1570730856234,2019-10-10T18:07:36.234Z,buy,1.54e-06,1949.0,0.00300146
OST/BTC,1570730856269,2019-10-10T18:07:36.269Z,buy,1.54e-06,325.0,0.0005005
OST/BTC,1570730856409,2019-10-10T18:07:36.409Z,buy,1.54e-06,3247.0,0.00500038
OST/BTC,1570730856425,2019-10-10T18:07:36.425Z,buy,1.54e-06,5195.0,0.0080003
OST/BTC,1570730856434,2019-10-10T18:07:36.434Z,buy,1.54e-06,2598.0,0.00400092
OST/BTC,1570730856491,2019-10-10T18:07:36.491Z,buy,1.54e-06,585.0,0.0009009
OST/BTC,1570730856559,2019-10-10T18:07:36.559Z,buy,1.54e-06,1624.0,0.00250096
OST/BTC,1570730857409,2019-10-10T18:07:37.409Z,buy,1.54e-06,975.0,0.0015015
OST/BTC,1570730857536,2019-10-10T18:07:37.536Z,buy,1.54e-06,130.0,0.0002002
OST/BTC,1570730857537,2019-10-10T18:07:37.537Z,buy,1.54e-06,130.0,0.0002002
OST/BTC,1570730857674,2019-10-10T18:07:37.674Z,buy,1.54e-06,260.0,0.0004004
OST/BTC,1570730857730,2019-10-10T18:07:37.730Z,buy,1.54e-06,308.0,0.00047432
OST/BTC,1570730857768,2019-10-10T18:07:37.768Z,buy,1.54e-06,338.0,0.00052052
OST/BTC,1570730857798,2019-10-10T18:07:37.798Z,buy,1.54e-06,130.0,0.0002002
OST/BTC,1570730857945,2019-10-10T18:07:37.945Z,buy,1.54e-06,650.0,0.001001
OST/BTC,1570730857955,2019-10-10T18:07:37.955Z,buy,1.54e-06,373.0,0.00057442
OST/BTC,1570730858198,2019-10-10T18:07:38.198Z,buy,1.54e-06,338.0,0.00052052
OST/BTC,1570730859996,2019-10-10T18:07:39.996Z,buy,1.54e-06,66.0,0.00010164
OST/BTC,1570730937436,2019-10-10T18:08:57.436Z,buy,1.54e-06,9759.0,0.01502886
OST/BTC,1570730999562,2019-10-10T18:09:59.562Z,buy,1.54e-06,19481.0,0.03000074
OST/BTC,1570731138806,2019-10-10T18:12:18.806Z,buy,1.54e-06,3246.0,0.00499884
OST/BTC,1570731150543,2019-10-10T18:12:30.543Z,sell,1.53e-06,4313.0,0.00659889
OST/BTC,1570731200340,2019-10-10T18:13:20.340Z,sell,1.53e-06,714.0,0.00109242
OST/BTC,1570731331812,2019-10-10T18:15:31.812Z,sell,1.53e-06,16407.0,0.02510271
OST/BTC,1570731331849,2019-10-10T18:15:31.849Z,buy,1.53e-06,424.0,0.00064872
OST/BTC,1570731331865,2019-10-10T18:15:31.865Z,buy,1.53e-06,980.0,0.0014994
OST/BTC,1570731331876,2019-10-10T18:15:31.876Z,buy,1.53e-06,1302.0,0.00199206
OST/BTC,1570731331984,2019-10-10T18:15:31.984Z,buy,1.53e-06,4258.0,0.00651474
OST/BTC,1570731333518,2019-10-10T18:15:33.518Z,buy,1.53e-06,7198.0,0.01101294
OST/BTC,1570731334059,2019-10-10T18:15:34.059Z,sell,1.52e-06,714.0,0.00108528
OST/BTC,1570731353337,2019-10-10T18:15:53.337Z,buy,1.53e-06,106.0,0.00016218
OST/BTC,1570731375166,2019-10-10T18:16:15.166Z,buy,1.53e-06,3267.0,0.00499851
OST/BTC,1570731465189,2019-10-10T18:17:45.189Z,sell,1.52e-06,2018.0,0.00306736
OST/BTC,1570731502700,2019-10-10T18:18:22.700Z,sell,1.52e-06,44380.0,0.0674576
OST/BTC,1570731502799,2019-10-10T18:18:22.799Z,sell,1.52e-06,30000.0,0.0456
OST/BTC,1570731503634,2019-10-10T18:18:23.634Z,sell,1.52e-06,30000.0,0.0456
OST/BTC,1570731511968,2019-10-10T18:18:31.968Z,buy,1.53e-06,1038.0,0.00158814
OST/BTC,1570731515847,2019-10-10T18:18:35.847Z,buy,1.53e-06,1036.0,0.00158508
OST/BTC,1570731519557,2019-10-10T18:18:39.557Z,buy,1.53e-06,1036.0,0.00158508
OST/BTC,1570731523623,2019-10-10T18:18:43.623Z,buy,1.53e-06,1036.0,0.00158508
OST/BTC,1570731527488,2019-10-10T18:18:47.488Z,buy,1.53e-06,1036.0,0.00158508
OST/BTC,1570731529415,2019-10-10T18:18:49.415Z,sell,1.52e-06,33126.0,0.05035152
OST/BTC,1570731529433,2019-10-10T18:18:49.433Z,buy,1.52e-06,436.0,0.00066272
OST/BTC,1570731529481,2019-10-10T18:18:49.481Z,buy,1.52e-06,424.0,0.00064448
OST/BTC,1570731529491,2019-10-10T18:18:49.491Z,buy,1.52e-06,2863.0,0.00435176
OST/BTC,1570731529555,2019-10-10T18:18:49.555Z,buy,1.52e-06,65304.0,0.09926208
OST/BTC,1570731531150,2019-10-10T18:18:51.150Z,buy,1.53e-06,1036.0,0.00158508
OST/BTC,1570731535055,2019-10-10T18:18:55.055Z,buy,1.53e-06,1036.0,0.00158508
OST/BTC,1570731537309,2019-10-10T18:18:57.309Z,buy,1.53e-06,3202.0,0.00489906
OST/BTC,1570731538823,2019-10-10T18:18:58.823Z,buy,1.53e-06,1036.0,0.00158508
OST/BTC,1570731539692,2019-10-10T18:18:59.692Z,buy,1.53e-06,290.0,0.0004437
OST/BTC,1570731542849,2019-10-10T18:19:02.849Z,buy,1.53e-06,1036.0,0.00158508
OST/BTC,1570731546774,2019-10-10T18:19:06.774Z,buy,1.53e-06,1036.0,0.00158508
OST/BTC,1570731550949,2019-10-10T18:19:10.949Z,buy,1.53e-06,1036.0,0.00158508
OST/BTC,1570731555120,2019-10-10T18:19:15.120Z,buy,1.53e-06,1036.0,0.00158508
OST/BTC,1570731558916,2019-10-10T18:19:18.916Z,buy,1.53e-06,1036.0,0.00158508
OST/BTC,1570731559776,2019-10-10T18:19:19.776Z,buy,1.53e-06,2941.0,0.0044997299999999
OST/BTC,1570731562756,2019-10-10T18:19:22.756Z,buy,1.53e-06,1036.0,0.00158508
OST/BTC,1570731566622,2019-10-10T18:19:26.622Z,buy,1.53e-06,1036.0,0.00158508
OST/BTC,1570731570336,2019-10-10T18:19:30.336Z,buy,1.53e-06,1036.0,0.00158508
OST/BTC,1570731574057,2019-10-10T18:19:34.057Z,buy,1.53e-06,1036.0,0.00158508
OST/BTC,1570731577711,2019-10-10T18:19:37.711Z,buy,1.53e-06,1036.0,0.00158508
OST/BTC,1570731581396,2019-10-10T18:19:41.396Z,buy,1.53e-06,1036.0,0.00158508
OST/BTC,1570731585389,2019-10-10T18:19:45.389Z,buy,1.53e-06,1036.0,0.00158508
OST/BTC,1570731589380,2019-10-10T18:19:49.380Z,buy,1.53e-06,1036.0,0.00158508
OST/BTC,1570731593558,2019-10-10T18:19:53.558Z,buy,1.53e-06,1036.0,0.00158508
OST/BTC,1570731597409,2019-10-10T18:19:57.409Z,buy,1.53e-06,1036.0,0.00158508
OST/BTC,1570731601103,2019-10-10T18:20:01.103Z,buy,1.53e-06,1036.0,0.00158508
OST/BTC,1570731604780,2019-10-10T18:20:04.780Z,buy,1.53e-06,1036.0,0.00158508
OST/BTC,1570731608643,2019-10-10T18:20:08.643Z,buy,1.53e-06,1036.0,0.00158508
OST/BTC,1570731612825,2019-10-10T18:20:12.825Z,buy,1.53e-06,1036.0,0.00158508
OST/BTC,1570731616690,2019-10-10T18:20:16.690Z,buy,1.53e-06,1036.0,0.00158508
OST/BTC,1570731620889,2019-10-10T18:20:20.889Z,buy,1.53e-06,1036.0,0.00158508
OST/BTC,1570731622399,2019-10-10T18:20:22.399Z,sell,1.52e-06,1281.0,0.00194712
OST/BTC,1570731624961,2019-10-10T18:20:24.961Z,buy,1.53e-06,1036.0,0.00158508
OST/BTC,1570731628833,2019-10-10T18:20:28.833Z,buy,1.53e-06,1036.0,0.00158508
OST/BTC,1570731632919,2019-10-10T18:20:32.919Z,buy,1.53e-06,1036.0,0.00158508
OST/BTC,1570731637397,2019-10-10T18:20:37.397Z,buy,1.53e-06,1036.0,0.00158508
OST/BTC,1570731641461,2019-10-10T18:20:41.461Z,buy,1.53e-06,1036.0,0.00158508
OST/BTC,1570731645177,2019-10-10T18:20:45.177Z,buy,1.53e-06,1036.0,0.00158508
OST/BTC,1570731648854,2019-10-10T18:20:48.854Z,buy,1.53e-06,1036.0,0.00158508
OST/BTC,1570731653163,2019-10-10T18:20:53.163Z,buy,1.53e-06,1036.0,0.00158508
OST/BTC,1570731657130,2019-10-10T18:20:57.130Z,buy,1.53e-06,1036.0,0.00158508
OST/BTC,1570731660862,2019-10-10T18:21:00.862Z,buy,1.53e-06,1036.0,0.00158508
OST/BTC,1570731677419,2019-10-10T18:21:17.419Z,buy,1.53e-06,1036.0,0.00158508
OST/BTC,1570731677925,2019-10-10T18:21:17.925Z,buy,1.53e-06,1038.0,0.00158814
OST/BTC,1570731678108,2019-10-10T18:21:18.108Z,buy,1.53e-06,1038.0,0.00158814
OST/BTC,1570731678431,2019-10-10T18:21:18.431Z,buy,1.53e-06,1038.0,0.00158814
OST/BTC,1570731678930,2019-10-10T18:21:18.930Z,buy,1.53e-06,1038.0,0.00158814
OST/BTC,1570731679113,2019-10-10T18:21:19.113Z,buy,1.53e-06,1038.0,0.00158814
OST/BTC,1570731679291,2019-10-10T18:21:19.291Z,buy,1.53e-06,1038.0,0.00158814
OST/BTC,1570731679627,2019-10-10T18:21:19.627Z,buy,1.53e-06,1038.0,0.00158814
OST/BTC,1570731691794,2019-10-10T18:21:31.794Z,buy,1.53e-06,859.0,0.00131427
OST/BTC,1570731774286,2019-10-10T18:22:54.286Z,buy,1.53e-06,578.0,0.00088434
OST/BTC,1570731972169,2019-10-10T18:26:12.169Z,buy,1.53e-06,29554.0,0.04521762
OST/BTC,1570732020164,2019-10-10T18:27:00.164Z,buy,1.53e-06,9519.0,0.01456407
OST/BTC,1570732062247,2019-10-10T18:27:42.247Z,buy,1.53e-06,1499.0,0.00229347
OST/BTC,1570732251804,2019-10-10T18:30:51.804Z,sell,1.52e-06,7198.0,0.01094096
OST/BTC,1570732291904,2019-10-10T18:31:31.904Z,sell,1.52e-06,2982.0,0.00453264
OST/BTC,1570732291927,2019-10-10T18:31:31.927Z,buy,1.52e-06,10509.0,0.01597368
OST/BTC,1570732297113,2019-10-10T18:31:37.113Z,buy,1.52e-06,32500.0,0.0494
OST/BTC,1570732623732,2019-10-10T18:37:03.732Z,sell,1.52e-06,784.0,0.00119168
OST/BTC,1570732712790,2019-10-10T18:38:32.790Z,sell,1.51e-06,71892.0,0.10855692
OST/BTC,1570732712790,2019-10-10T18:38:32.790Z,sell,1.51e-06,880.0,0.0013288
OST/BTC,1570732764061,2019-10-10T18:39:24.061Z,buy,1.52e-06,40105.0,0.0609596
OST/BTC,1570732764258,2019-10-10T18:39:24.258Z,sell,1.51e-06,325.0,0.00049075
OST/BTC,1570732801573,2019-10-10T18:40:01.573Z,sell,1.51e-06,8873.0,0.0133982299999999
OST/BTC,1570732860154,2019-10-10T18:41:00.154Z,sell,1.51e-06,83.0,0.00012533
OST/BTC,1570732893303,2019-10-10T18:41:33.303Z,sell,1.51e-06,252578.0,0.38139278
OST/BTC,1570732893407,2019-10-10T18:41:33.407Z,sell,1.51e-06,62500.0,0.094375
OST/BTC,1570732966418,2019-10-10T18:42:46.418Z,sell,1.51e-06,19987.0,0.0301803699999999
OST/BTC,1570733132295,2019-10-10T18:45:32.295Z,sell,1.51e-06,590.0,0.0008908999999999
OST/BTC,1570733240966,2019-10-10T18:47:20.966Z,sell,1.51e-06,9132.0,0.0137893199999999
OST/BTC,1570733241100,2019-10-10T18:47:21.100Z,buy,1.51e-06,1930.0,0.0029143
OST/BTC,1570733243391,2019-10-10T18:47:23.391Z,buy,1.51e-06,4564.0,0.00689164
OST/BTC,1570733244547,2019-10-10T18:47:24.547Z,buy,1.51e-06,2105.0,0.00317855
OST/BTC,1570733254557,2019-10-10T18:47:34.557Z,buy,1.51e-06,649.0,0.00097999
OST/BTC,1570733256599,2019-10-10T18:47:36.599Z,buy,1.51e-06,3860.0,0.0058286
OST/BTC,1570733258576,2019-10-10T18:47:38.576Z,buy,1.51e-06,774.0,0.00116874
OST/BTC,1570733297538,2019-10-10T18:48:17.538Z,buy,1.51e-06,1500.0,0.002265
OST/BTC,1570733328627,2019-10-10T18:48:48.627Z,buy,1.51e-06,369.0,0.0005571899999999
OST/BTC,1570733486171,2019-10-10T18:51:26.171Z,sell,1.5e-06,30000.0,0.045
OST/BTC,1570733569916,2019-10-10T18:52:49.916Z,sell,1.5e-06,13143.0,0.0197145
OST/BTC,1570733583107,2019-10-10T18:53:03.107Z,buy,1.51e-06,1000.0,0.0015099999999999
OST/BTC,1570733632200,2019-10-10T18:53:52.200Z,buy,1.51e-06,4081.0,0.00616231
OST/BTC,1570733711378,2019-10-10T18:55:11.378Z,buy,1.51e-06,19867.0,0.02999917
OST/BTC,1570733714847,2019-10-10T18:55:14.847Z,buy,1.51e-06,8158.0,0.0123185799999999
OST/BTC,1570733826417,2019-10-10T18:57:06.417Z,buy,1.51e-06,30000.0,0.0453
OST/BTC,1570733871616,2019-10-10T18:57:51.616Z,buy,1.51e-06,326.0,0.00049226
OST/BTC,1570733871616,2019-10-10T18:57:51.616Z,buy,1.51e-06,326.0,0.00049226
OST/BTC,1570734094930,2019-10-10T19:01:34.930Z,buy,1.51e-06,2216.0,0.00334616
OST/BTC,1570734141466,2019-10-10T19:02:21.466Z,buy,1.51e-06,102.0,0.00015402
OST/BTC,1570734162631,2019-10-10T19:02:42.631Z,buy,1.51e-06,6806.0,0.01027706
OST/BTC,1570734186761,2019-10-10T19:03:06.761Z,buy,1.51e-06,7223.0,0.01090673
OST/BTC,1570734263763,2019-10-10T19:04:23.763Z,buy,1.51e-06,6189.0,0.00934539
OST/BTC,1570734403695,2019-10-10T19:06:43.695Z,sell,1.5e-06,54591.0,0.0818865
OST/BTC,1570734403695,2019-10-10T19:06:43.695Z,sell,1.5e-06,1445.0,0.0021675
OST/BTC,1570734560198,2019-10-10T19:09:20.198Z,buy,1.51e-06,6667.0,0.01006717
OST/BTC,1570734641385,2019-10-10T19:10:41.385Z,sell,1.5e-06,341938.0,0.512907
OST/BTC,1570734641411,2019-10-10T19:10:41.411Z,buy,1.5e-06,10385.0,0.0155775
OST/BTC,1570734641419,2019-10-10T19:10:41.419Z,buy,1.5e-06,1351.0,0.0020265
OST/BTC,1570734641429,2019-10-10T19:10:41.429Z,buy,1.5e-06,810.0,0.001215
OST/BTC,1570734641433,2019-10-10T19:10:41.433Z,buy,1.5e-06,436.0,0.000654
OST/BTC,1570734641440,2019-10-10T19:10:41.440Z,buy,1.5e-06,7731.0,0.0115965
OST/BTC,1570734707350,2019-10-10T19:11:47.350Z,sell,1.5e-06,2501.0,0.0037515
OST/BTC,1570734756701,2019-10-10T19:12:36.701Z,buy,1.51e-06,79.0,0.0001192899999999
OST/BTC,1570734761488,2019-10-10T19:12:41.488Z,buy,1.51e-06,78.0,0.00011778
OST/BTC,1570734761675,2019-10-10T19:12:41.675Z,buy,1.51e-06,79.0,0.0001192899999999
OST/BTC,1570734762175,2019-10-10T19:12:42.175Z,buy,1.51e-06,79.0,0.0001192899999999
OST/BTC,1570734762709,2019-10-10T19:12:42.709Z,buy,1.51e-06,79.0,0.0001192899999999
OST/BTC,1570734763171,2019-10-10T19:12:43.171Z,buy,1.51e-06,79.0,0.0001192899999999
OST/BTC,1570734763352,2019-10-10T19:12:43.352Z,buy,1.51e-06,79.0,0.0001192899999999
OST/BTC,1570734763673,2019-10-10T19:12:43.673Z,buy,1.51e-06,79.0,0.0001192899999999
OST/BTC,1570734763716,2019-10-10T19:12:43.716Z,buy,1.51e-06,5169.0,0.00780519
OST/BTC,1570734764169,2019-10-10T19:12:44.169Z,buy,1.51e-06,79.0,0.0001192899999999
OST/BTC,1570734847524,2019-10-10T19:14:07.524Z,buy,1.51e-06,8609.0,0.01299959
OST/BTC,1570734861907,2019-10-10T19:14:21.907Z,sell,1.5e-06,100179.0,0.1502685
OST/BTC,1570734861907,2019-10-10T19:14:21.907Z,sell,1.49e-06,11770.0,0.0175373
OST/BTC,1570734863716,2019-10-10T19:14:23.716Z,sell,1.49e-06,1976.0,0.00294424
OST/BTC,1570734865161,2019-10-10T19:14:25.161Z,buy,1.5e-06,243.0,0.0003645
OST/BTC,1570734869134,2019-10-10T19:14:29.134Z,buy,1.5e-06,181.0,0.0002715
OST/BTC,1570734869862,2019-10-10T19:14:29.862Z,buy,1.5e-06,223.0,0.0003345
OST/BTC,1570734902096,2019-10-10T19:15:02.096Z,sell,1.49e-06,19445.0,0.02897305
OST/BTC,1570734902614,2019-10-10T19:15:02.614Z,buy,1.5e-06,357.0,0.0005355
OST/BTC,1570734904879,2019-10-10T19:15:04.879Z,buy,1.5e-06,120.0,0.00018
OST/BTC,1570734910067,2019-10-10T19:15:10.067Z,buy,1.5e-06,1298.0,0.001947
OST/BTC,1570734923140,2019-10-10T19:15:23.140Z,buy,1.5e-06,740.0,0.00111
OST/BTC,1570734923141,2019-10-10T19:15:23.141Z,buy,1.5e-06,740.0,0.00111
OST/BTC,1570734923176,2019-10-10T19:15:23.176Z,buy,1.5e-06,1000.0,0.0015
OST/BTC,1570734924288,2019-10-10T19:15:24.288Z,buy,1.5e-06,743.0,0.0011145
OST/BTC,1570734993862,2019-10-10T19:16:33.862Z,buy,1.5e-06,6208.0,0.009312
OST/BTC,1570735032951,2019-10-10T19:17:12.951Z,buy,1.5e-06,522.0,0.000783
OST/BTC,1570735045381,2019-10-10T19:17:25.381Z,buy,1.5e-06,5726.0,0.008589
OST/BTC,1570735048068,2019-10-10T19:17:28.068Z,buy,1.5e-06,2557.0,0.0038355
OST/BTC,1570735061463,2019-10-10T19:17:41.463Z,buy,1.5e-06,318.0,0.000477
OST/BTC,1570735109931,2019-10-10T19:18:29.931Z,buy,1.5e-06,2500.0,0.00375
OST/BTC,1570735132301,2019-10-10T19:18:52.301Z,buy,1.5e-06,6208.0,0.009312
OST/BTC,1570735216698,2019-10-10T19:20:16.698Z,buy,1.5e-06,472.0,0.000708
OST/BTC,1570735231259,2019-10-10T19:20:31.259Z,buy,1.5e-06,471.0,0.0007065
OST/BTC,1570735292192,2019-10-10T19:21:32.192Z,buy,1.5e-06,3355.0,0.0050325
OST/BTC,1570735322667,2019-10-10T19:22:02.667Z,buy,1.51e-06,88296.0,0.13332696
OST/BTC,1570735550058,2019-10-10T19:25:50.058Z,buy,1.51e-06,365.0,0.0005511499999999
OST/BTC,1570735651607,2019-10-10T19:27:31.607Z,sell,1.5e-06,77216.0,0.115824
OST/BTC,1570735666051,2019-10-10T19:27:46.051Z,sell,1.5e-06,14473.0,0.0217095
OST/BTC,1570735680452,2019-10-10T19:28:00.452Z,sell,1.5e-06,3028.0,0.004542
OST/BTC,1570735701999,2019-10-10T19:28:21.999Z,sell,1.5e-06,45164.0,0.067746
OST/BTC,1570735701999,2019-10-10T19:28:21.999Z,sell,1.49e-06,201310.0,0.2999519
OST/BTC,1570735702109,2019-10-10T19:28:22.109Z,sell,1.49e-06,61000.0,0.09089
OST/BTC,1570735702908,2019-10-10T19:28:22.908Z,sell,1.49e-06,7452.0,0.0111034799999999
OST/BTC,1570735702908,2019-10-10T19:28:22.908Z,sell,1.48e-06,29548.0,0.04373104
OST/BTC,1570735702908,2019-10-10T19:28:22.908Z,sell,1.48e-06,6660.0,0.0098568
OST/BTC,1570735703898,2019-10-10T19:28:23.898Z,sell,1.49e-06,90.0,0.0001340999999999
OST/BTC,1570735705517,2019-10-10T19:28:25.517Z,sell,1.48e-06,13231.0,0.01958188
OST/BTC,1570735706791,2019-10-10T19:28:26.791Z,sell,1.48e-06,4444.0,0.00657712
OST/BTC,1570735709255,2019-10-10T19:28:29.255Z,buy,1.49e-06,153.0,0.00022797
OST/BTC,1570735743816,2019-10-10T19:29:03.816Z,buy,1.5e-06,2013.0,0.0030195
OST/BTC,1570735757297,2019-10-10T19:29:17.297Z,sell,1.49e-06,300.0,0.0004469999999999
OST/BTC,1570735839286,2019-10-10T19:30:39.286Z,buy,1.5e-06,5395.0,0.0080925
OST/BTC,1570736010193,2019-10-10T19:33:30.193Z,buy,1.5e-06,1728.0,0.002592
OST/BTC,1570736075394,2019-10-10T19:34:35.394Z,buy,1.5e-06,6666.0,0.009999
OST/BTC,1570736133866,2019-10-10T19:35:33.866Z,buy,1.5e-06,200.0,0.0003
OST/BTC,1570736150422,2019-10-10T19:35:50.422Z,buy,1.5e-06,594.0,0.000891
OST/BTC,1570736274352,2019-10-10T19:37:54.352Z,sell,1.5e-06,6888.0,0.010332
OST/BTC,1570736274352,2019-10-10T19:37:54.352Z,sell,1.49e-06,14057.0,0.02094493
OST/BTC,1570736480331,2019-10-10T19:41:20.331Z,sell,1.49e-06,70867.0,0.10559183
OST/BTC,1570736480332,2019-10-10T19:41:20.332Z,sell,1.49e-06,29856.0,0.04448544
OST/BTC,1570736482122,2019-10-10T19:41:22.122Z,sell,1.49e-06,100.0,0.000149
OST/BTC,1570736483372,2019-10-10T19:41:23.372Z,sell,1.49e-06,7087.0,0.0105596299999999
OST/BTC,1570736532115,2019-10-10T19:42:12.115Z,sell,1.49e-06,12086.0,0.01800814
OST/BTC,1570736533718,2019-10-10T19:42:13.718Z,buy,1.49e-06,200.0,0.000298
OST/BTC,1570736540120,2019-10-10T19:42:20.120Z,buy,1.49e-06,2596.0,0.0038680399999999
OST/BTC,1570736551589,2019-10-10T19:42:31.589Z,sell,1.48e-06,142.0,0.00021016
OST/BTC,1570736588054,2019-10-10T19:43:08.054Z,sell,1.48e-06,1494.0,0.00221112
OST/BTC,1570736611169,2019-10-10T19:43:31.169Z,sell,1.48e-06,112157.0,0.16599236
OST/BTC,1570736611722,2019-10-10T19:43:31.722Z,sell,1.48e-06,96.0,0.00014208
OST/BTC,1570736660243,2019-10-10T19:44:20.243Z,sell,1.48e-06,193.0,0.00028564
OST/BTC,1570736677158,2019-10-10T19:44:37.158Z,buy,1.49e-06,21134.0,0.0314896599999999
OST/BTC,1570736683624,2019-10-10T19:44:43.624Z,buy,1.49e-06,9177.0,0.0136737299999999
OST/BTC,1570736683624,2019-10-10T19:44:43.624Z,buy,1.5e-06,41275.0,0.0619125
OST/BTC,1570736688239,2019-10-10T19:44:48.239Z,sell,1.5e-06,2166.0,0.003249
OST/BTC,1570736798614,2019-10-10T19:46:38.614Z,sell,1.5e-06,25876.0,0.038814
OST/BTC,1570736895971,2019-10-10T19:48:15.971Z,sell,1.5e-06,14639.0,0.0219585
OST/BTC,1570736929843,2019-10-10T19:48:49.843Z,sell,1.5e-06,1406.0,0.002109
OST/BTC,1570737132316,2019-10-10T19:52:12.316Z,buy,1.51e-06,777.0,0.00117327
OST/BTC,1570737188602,2019-10-10T19:53:08.602Z,buy,1.51e-06,118289.0,0.1786163899999999
OST/BTC,1570737188800,2019-10-10T19:53:08.800Z,buy,1.51e-06,8513.0,0.0128546299999999
OST/BTC,1570737199211,2019-10-10T19:53:19.211Z,sell,1.5e-06,4844.0,0.007266
OST/BTC,1570737220084,2019-10-10T19:53:40.084Z,sell,1.49e-06,11191.0,0.01667459
OST/BTC,1570737231639,2019-10-10T19:53:51.639Z,sell,1.49e-06,78408.0,0.1168279199999999
OST/BTC,1570737232314,2019-10-10T19:53:52.314Z,sell,1.49e-06,61500.0,0.091635
OST/BTC,1570737245133,2019-10-10T19:54:05.133Z,sell,1.49e-06,8905.0,0.01326845
OST/BTC,1570737248302,2019-10-10T19:54:08.302Z,buy,1.49e-06,300.0,0.0004469999999999
OST/BTC,1570737274168,2019-10-10T19:54:34.168Z,buy,1.49e-06,16469.0,0.0245388099999999
OST/BTC,1570737278873,2019-10-10T19:54:38.873Z,buy,1.49e-06,1218.0,0.00181482
OST/BTC,1570737334722,2019-10-10T19:55:34.722Z,sell,1.49e-06,3201.0,0.0047694899999999
OST/BTC,1570737334722,2019-10-10T19:55:34.722Z,sell,1.48e-06,151589.0,0.22435172
OST/BTC,1570737392390,2019-10-10T19:56:32.390Z,sell,1.48e-06,7565.0,0.0111962
OST/BTC,1570737413818,2019-10-10T19:56:53.818Z,sell,1.48e-06,154791.0,0.22909068
OST/BTC,1570737413818,2019-10-10T19:56:53.818Z,sell,1.48e-06,154791.0,0.22909068
OST/BTC,1570737508715,2019-10-10T19:58:28.715Z,sell,1.48e-06,1000.0,0.00148
OST/BTC,1570737546035,2019-10-10T19:59:06.035Z,sell,1.48e-06,87954.0,0.13017192
OST/BTC,1570737869130,2019-10-10T20:04:29.130Z,buy,1.49e-06,29258.0,0.0435944199999999
OST/BTC,1570737869446,2019-10-10T20:04:29.446Z,buy,1.49e-06,1276.0,0.00190124
OST/BTC,1570737937949,2019-10-10T20:05:37.949Z,buy,1.49e-06,125492.0,0.18698308
OST/BTC,1570737945093,2019-10-10T20:05:45.093Z,sell,1.48e-06,8074.0,0.01194952
OST/BTC,1570737958110,2019-10-10T20:05:58.110Z,sell,1.48e-06,1684.0,0.00249232
OST/BTC,1570737964159,2019-10-10T20:06:04.159Z,buy,1.49e-06,1453.0,0.00216497
OST/BTC,1570738002360,2019-10-10T20:06:42.360Z,sell,1.48e-06,19582.0,0.02898136
OST/BTC,1570738015369,2019-10-10T20:06:55.369Z,sell,1.48e-06,19691.0,0.02914268
OST/BTC,1570738111091,2019-10-10T20:08:31.091Z,sell,1.48e-06,1696.0,0.00251008
OST/BTC,1570738115540,2019-10-10T20:08:35.540Z,sell,1.48e-06,1446.0,0.00214008
OST/BTC,1570738180046,2019-10-10T20:09:40.046Z,sell,1.48e-06,1525.0,0.002257
OST/BTC,1570738183113,2019-10-10T20:09:43.113Z,sell,1.48e-06,138.0,0.00020424
OST/BTC,1570738237841,2019-10-10T20:10:37.841Z,buy,1.49e-06,6320.0,0.0094168
OST/BTC,1570738257106,2019-10-10T20:10:57.106Z,sell,1.48e-06,839.0,0.00124172
OST/BTC,1570738265093,2019-10-10T20:11:05.093Z,sell,1.48e-06,808.0,0.00119584
OST/BTC,1570738306208,2019-10-10T20:11:46.208Z,buy,1.49e-06,135.0,0.0002011499999999
OST/BTC,1570738331474,2019-10-10T20:12:11.474Z,sell,1.48e-06,50677.0,0.07500196
OST/BTC,1570738381082,2019-10-10T20:13:01.082Z,sell,1.48e-06,175.0,0.000259
OST/BTC,1570738412088,2019-10-10T20:13:32.088Z,sell,1.48e-06,175.0,0.000259
OST/BTC,1570738432379,2019-10-10T20:13:52.379Z,sell,1.48e-06,1085.0,0.0016058
OST/BTC,1570738443146,2019-10-10T20:14:03.146Z,sell,1.48e-06,175.0,0.000259
OST/BTC,1570738448315,2019-10-10T20:14:08.315Z,buy,1.49e-06,104105.0,0.15511645
OST/BTC,1570738455147,2019-10-10T20:14:15.147Z,sell,1.48e-06,159.0,0.00023532
OST/BTC,1570738504712,2019-10-10T20:15:04.712Z,sell,1.48e-06,730.0,0.0010804
OST/BTC,1570738508545,2019-10-10T20:15:08.545Z,sell,1.48e-06,117500.0,0.1739
OST/BTC,1570738509597,2019-10-10T20:15:09.597Z,sell,1.48e-06,117500.0,0.1739
OST/BTC,1570738509627,2019-10-10T20:15:09.627Z,buy,1.49e-06,36000.0,0.05364
OST/BTC,1570738510462,2019-10-10T20:15:10.462Z,buy,1.49e-06,6000.0,0.00894
OST/BTC,1570738514027,2019-10-10T20:15:14.027Z,buy,1.49e-06,68.0,0.00010132
OST/BTC,1570738624979,2019-10-10T20:17:04.979Z,sell,1.48e-06,10500.0,0.01554
OST/BTC,1570738637601,2019-10-10T20:17:17.601Z,sell,1.48e-06,301.0,0.00044548
OST/BTC,1570738682152,2019-10-10T20:18:02.152Z,sell,1.48e-06,19199.0,0.02841452
OST/BTC,1570738682559,2019-10-10T20:18:02.559Z,sell,1.47e-06,615.0,0.00090405
OST/BTC,1570738682559,2019-10-10T20:18:02.559Z,sell,1.47e-06,3725.0,0.00547575
OST/BTC,1570738682559,2019-10-10T20:18:02.559Z,sell,1.47e-06,41441.0,0.06091827
OST/BTC,1570738682967,2019-10-10T20:18:02.967Z,sell,1.47e-06,4083.0,0.0060020099999999
OST/BTC,1570738687455,2019-10-10T20:18:07.455Z,sell,1.47e-06,6837.0,0.01005039
OST/BTC,1570738910255,2019-10-10T20:21:50.255Z,sell,1.47e-06,72562.0,0.1066661399999999
OST/BTC,1570738921829,2019-10-10T20:22:01.829Z,sell,1.47e-06,103077.0,0.15152319
OST/BTC,1570738925716,2019-10-10T20:22:05.716Z,sell,1.47e-06,17208.0,0.0252957599999999
OST/BTC,1570739033963,2019-10-10T20:23:53.963Z,sell,1.47e-06,1442.0,0.0021197399999999
OST/BTC,1570739046280,2019-10-10T20:24:06.280Z,sell,1.47e-06,1577.0,0.00231819
OST/BTC,1570739361368,2019-10-10T20:29:21.368Z,sell,1.47e-06,1337.0,0.00196539
OST/BTC,1570739391409,2019-10-10T20:29:51.409Z,sell,1.47e-06,100000.0,0.147
OST/BTC,1570739839123,2019-10-10T20:37:19.123Z,sell,1.47e-06,9749.0,0.01433103
OST/BTC,1570740156520,2019-10-10T20:42:36.520Z,buy,1.48e-06,1633.0,0.00241684
OST/BTC,1570740232913,2019-10-10T20:43:52.913Z,buy,1.48e-06,16362.0,0.02421576
OST/BTC,1570740292961,2019-10-10T20:44:52.961Z,buy,1.48e-06,15216.0,0.02251968
OST/BTC,1570740429360,2019-10-10T20:47:09.360Z,buy,1.48e-06,1110.0,0.0016428
OST/BTC,1570740471808,2019-10-10T20:47:51.808Z,sell,1.47e-06,16224.0,0.0238492799999999
OST/BTC,1570740527938,2019-10-10T20:48:47.938Z,sell,1.47e-06,16225.0,0.0238507499999999
OST/BTC,1570740531618,2019-10-10T20:48:51.618Z,buy,1.48e-06,1142.0,0.00169016
OST/BTC,1570740592688,2019-10-10T20:49:52.688Z,sell,1.47e-06,1054.0,0.00154938
OST/BTC,1570740637550,2019-10-10T20:50:37.550Z,sell,1.47e-06,252.0,0.00037044
OST/BTC,1570740649500,2019-10-10T20:50:49.500Z,sell,1.47e-06,2434.0,0.0035779799999999
OST/BTC,1570740768352,2019-10-10T20:52:48.352Z,buy,1.48e-06,2707.0,0.00400636
OST/BTC,1570740900443,2019-10-10T20:55:00.443Z,sell,1.47e-06,6993.0,0.01027971
OST/BTC,1570740916182,2019-10-10T20:55:16.182Z,buy,1.48e-06,35227.0,0.05213596
OST/BTC,1570740927184,2019-10-10T20:55:27.184Z,sell,1.47e-06,4347.0,0.0063900899999999
OST/BTC,1570740927184,2019-10-10T20:55:27.184Z,sell,1.47e-06,4347.0,0.0063900899999999
OST/BTC,1570741215390,2019-10-10T21:00:15.390Z,buy,1.48e-06,131.0,0.00019388
OST/BTC,1570741322985,2019-10-10T21:02:02.985Z,sell,1.47e-06,851.0,0.00125097
OST/BTC,1570741501041,2019-10-10T21:05:01.041Z,buy,1.48e-06,2702.0,0.00399896
OST/BTC,1570741691978,2019-10-10T21:08:11.978Z,buy,1.48e-06,1000.0,0.00148
OST/BTC,1570742102842,2019-10-10T21:15:02.842Z,buy,1.48e-06,540.0,0.0007992
OST/BTC,1570742111384,2019-10-10T21:15:11.384Z,sell,1.47e-06,121.0,0.0001778699999999
OST/BTC,1570742531812,2019-10-10T21:22:11.812Z,buy,1.48e-06,23510.0,0.0347948
OST/BTC,1570742576057,2019-10-10T21:22:56.057Z,buy,1.48e-06,938.0,0.00138824
OST/BTC,1570742644415,2019-10-10T21:24:04.415Z,sell,1.47e-06,15964.0,0.0234670799999999
OST/BTC,1570742729620,2019-10-10T21:25:29.620Z,buy,1.48e-06,6756.0,0.00999888
OST/BTC,1570743142396,2019-10-10T21:32:22.396Z,buy,1.48e-06,32126.0,0.04754648
OST/BTC,1570743272142,2019-10-10T21:34:32.142Z,buy,1.48e-06,4681.0,0.00692788
OST/BTC,1570743291835,2019-10-10T21:34:51.835Z,buy,1.49e-06,25760.0,0.0383824
OST/BTC,1570743333158,2019-10-10T21:35:33.158Z,buy,1.49e-06,22026.0,0.03281874
OST/BTC,1570743493209,2019-10-10T21:38:13.209Z,sell,1.49e-06,4709.0,0.00701641
OST/BTC,1570743603812,2019-10-10T21:40:03.812Z,sell,1.49e-06,1017.0,0.0015153299999999
OST/BTC,1570743770240,2019-10-10T21:42:50.240Z,sell,1.49e-06,536.0,0.00079864
OST/BTC,1570744285220,2019-10-10T21:51:25.220Z,sell,1.48e-06,22704.0,0.03360192
OST/BTC,1570744286172,2019-10-10T21:51:26.172Z,sell,1.48e-06,88.0,0.00013024
OST/BTC,1570744392962,2019-10-10T21:53:12.962Z,sell,1.48e-06,25940.0,0.0383912
OST/BTC,1570744392962,2019-10-10T21:53:12.962Z,sell,1.48e-06,25940.0,0.0383912
OST/BTC,1570744815326,2019-10-10T22:00:15.326Z,buy,1.48e-06,78.0,0.00011544
OST/BTC,1570744818227,2019-10-10T22:00:18.227Z,buy,1.48e-06,2702.0,0.00399896
OST/BTC,1570744958301,2019-10-10T22:02:38.301Z,sell,1.47e-06,2099.0,0.00308553
OST/BTC,1570745318236,2019-10-10T22:08:38.236Z,buy,1.48e-06,770.0,0.0011396
OST/BTC,1570745341906,2019-10-10T22:09:01.906Z,buy,1.48e-06,6756.0,0.00999888
OST/BTC,1570745473656,2019-10-10T22:11:13.656Z,buy,1.48e-06,2865.0,0.0042402
OST/BTC,1570745479718,2019-10-10T22:11:19.718Z,sell,1.48e-06,15385.0,0.0227698
OST/BTC,1570745577675,2019-10-10T22:12:57.675Z,sell,1.48e-06,16624.0,0.02460352
OST/BTC,1570745712687,2019-10-10T22:15:12.687Z,sell,1.47e-06,82.0,0.00012054
OST/BTC,1570746134058,2019-10-10T22:22:14.058Z,sell,1.48e-06,2097.0,0.00310356
OST/BTC,1570746255618,2019-10-10T22:24:15.618Z,sell,1.47e-06,3256.0,0.0047863199999999
OST/BTC,1570746258915,2019-10-10T22:24:18.915Z,buy,1.48e-06,3061.0,0.00453028
OST/BTC,1570746275798,2019-10-10T22:24:35.798Z,buy,1.48e-06,21331.0,0.03156988
OST/BTC,1570746304831,2019-10-10T22:25:04.831Z,buy,1.48e-06,300.0,0.000444
OST/BTC,1570746305312,2019-10-10T22:25:05.312Z,sell,1.48e-06,6455.0,0.0095534
OST/BTC,1570746670696,2019-10-10T22:31:10.696Z,sell,1.48e-06,3260.0,0.0048248
OST/BTC,1570746741066,2019-10-10T22:32:21.066Z,sell,1.48e-06,14409.0,0.02132532
OST/BTC,1570746980975,2019-10-10T22:36:20.975Z,buy,1.49e-06,170.0,0.0002533
OST/BTC,1570746982961,2019-10-10T22:36:22.961Z,buy,1.49e-06,169.0,0.00025181
OST/BTC,1570746987136,2019-10-10T22:36:27.136Z,buy,1.49e-06,169.0,0.00025181
OST/BTC,1570746991339,2019-10-10T22:36:31.339Z,buy,1.49e-06,169.0,0.00025181
OST/BTC,1570746995149,2019-10-10T22:36:35.149Z,buy,1.49e-06,169.0,0.00025181
OST/BTC,1570746999397,2019-10-10T22:36:39.397Z,buy,1.49e-06,169.0,0.00025181
OST/BTC,1570747003478,2019-10-10T22:36:43.478Z,buy,1.49e-06,169.0,0.00025181
OST/BTC,1570747007346,2019-10-10T22:36:47.346Z,buy,1.49e-06,169.0,0.00025181
OST/BTC,1570747011367,2019-10-10T22:36:51.367Z,buy,1.49e-06,169.0,0.00025181
OST/BTC,1570747015225,2019-10-10T22:36:55.225Z,buy,1.49e-06,169.0,0.00025181
OST/BTC,1570747019067,2019-10-10T22:36:59.067Z,buy,1.49e-06,169.0,0.00025181
OST/BTC,1570747026785,2019-10-10T22:37:06.785Z,buy,1.49e-06,169.0,0.00025181
OST/BTC,1570747027308,2019-10-10T22:37:07.308Z,buy,1.49e-06,170.0,0.0002533
OST/BTC,1570747027463,2019-10-10T22:37:07.463Z,buy,1.49e-06,170.0,0.0002533
OST/BTC,1570747027791,2019-10-10T22:37:07.791Z,buy,1.49e-06,170.0,0.0002533
OST/BTC,1570747797080,2019-10-10T22:49:57.080Z,sell,1.48e-06,1356.0,0.00200688
OST/BTC,1570747797251,2019-10-10T22:49:57.251Z,sell,1.48e-06,2003.0,0.00296444
OST/BTC,1570747902250,2019-10-10T22:51:42.250Z,sell,1.48e-06,8473.0,0.01254004
OST/BTC,1570747902250,2019-10-10T22:51:42.250Z,sell,1.48e-06,8473.0,0.01254004
OST/BTC,1570748069529,2019-10-10T22:54:29.529Z,buy,1.49e-06,34133.0,0.0508581699999999
OST/BTC,1570748180566,2019-10-10T22:56:20.566Z,buy,1.49e-06,7324.0,0.0109127599999999
OST/BTC,1570748180602,2019-10-10T22:56:20.602Z,sell,1.49e-06,4305.0,0.0064144499999999
OST/BTC,1570748180630,2019-10-10T22:56:20.630Z,sell,1.49e-06,765.0,0.00113985
OST/BTC,1570748181085,2019-10-10T22:56:21.085Z,sell,1.49e-06,1333.0,0.0019861699999999
OST/BTC,1570748193082,2019-10-10T22:56:33.082Z,sell,1.49e-06,16821.0,0.02506329
OST/BTC,1570748196149,2019-10-10T22:56:36.149Z,sell,1.49e-06,16821.0,0.02506329
OST/BTC,1570748206092,2019-10-10T22:56:46.092Z,sell,1.49e-06,16817.0,0.02505733
OST/BTC,1570748208861,2019-10-10T22:56:48.861Z,sell,1.49e-06,10083.0,0.01502367
OST/BTC,1570748281197,2019-10-10T22:58:01.197Z,buy,1.5e-06,166067.0,0.2491005
OST/BTC,1570748281197,2019-10-10T22:58:01.197Z,sell,1.49e-06,539.0,0.00080311
OST/BTC,1570748365076,2019-10-10T22:59:25.076Z,sell,1.49e-06,4040.0,0.0060196
OST/BTC,1570748365646,2019-10-10T22:59:25.646Z,sell,1.49e-06,5365.0,0.00799385
OST/BTC,1570748630493,2019-10-10T23:03:50.493Z,sell,1.49e-06,223.0,0.0003322699999999
OST/BTC,1570748646787,2019-10-10T23:04:06.787Z,sell,1.49e-06,1116.0,0.0016628399999999
OST/BTC,1570749173581,2019-10-10T23:12:53.581Z,sell,1.49e-06,200.0,0.000298
OST/BTC,1570749177247,2019-10-10T23:12:57.247Z,sell,1.49e-06,1276.0,0.00190124
OST/BTC,1570749235585,2019-10-10T23:13:55.585Z,sell,1.49e-06,53562.0,0.07980738
OST/BTC,1570749235585,2019-10-10T23:13:55.585Z,sell,1.48e-06,1938.0,0.00286824
OST/BTC,1570749236361,2019-10-10T23:13:56.361Z,buy,1.49e-06,102.0,0.00015198
OST/BTC,1570749236572,2019-10-10T23:13:56.572Z,sell,1.49e-06,1807.0,0.00269243
OST/BTC,1570749236573,2019-10-10T23:13:56.573Z,sell,1.49e-06,775.0,0.00115475
OST/BTC,1570749267470,2019-10-10T23:14:27.470Z,sell,1.48e-06,2194.0,0.00324712
OST/BTC,1570749290370,2019-10-10T23:14:50.370Z,sell,1.48e-06,69000.0,0.10212
OST/BTC,1570749290393,2019-10-10T23:14:50.393Z,sell,1.48e-06,249.0,0.00036852
OST/BTC,1570749290413,2019-10-10T23:14:50.413Z,buy,1.48e-06,169.0,0.00025012
OST/BTC,1570749290422,2019-10-10T23:14:50.422Z,buy,1.48e-06,675.0,0.000999
OST/BTC,1570749323495,2019-10-10T23:15:23.495Z,sell,1.48e-06,68.0,0.00010064
OST/BTC,1570749323495,2019-10-10T23:15:23.495Z,sell,1.47e-06,29637.0,0.0435663899999999
OST/BTC,1570749333269,2019-10-10T23:15:33.269Z,buy,1.48e-06,3000.0,0.00444
OST/BTC,1570749358106,2019-10-10T23:15:58.106Z,buy,1.48e-06,1417.0,0.00209716
OST/BTC,1570749426968,2019-10-10T23:17:06.968Z,buy,1.48e-06,82.0,0.00012136
OST/BTC,1570749517817,2019-10-10T23:18:37.817Z,buy,1.48e-06,3215.0,0.0047582
OST/BTC,1570749565132,2019-10-10T23:19:25.132Z,sell,1.47e-06,23761.0,0.0349286699999999
OST/BTC,1570749871767,2019-10-10T23:24:31.767Z,sell,1.47e-06,1833.0,0.00269451
OST/BTC,1570749876234,2019-10-10T23:24:36.234Z,buy,1.48e-06,680.0,0.0010064
OST/BTC,1570750217512,2019-10-10T23:30:17.512Z,buy,1.48e-06,120.0,0.0001776
OST/BTC,1570750237002,2019-10-10T23:30:37.002Z,sell,1.47e-06,25775.0,0.03788925
OST/BTC,1570750237170,2019-10-10T23:30:37.170Z,sell,1.47e-06,22000.0,0.03234
OST/BTC,1570750282168,2019-10-10T23:31:22.168Z,sell,1.46e-06,51128.0,0.07464688
OST/BTC,1570750282168,2019-10-10T23:31:22.168Z,sell,1.46e-06,91559.0,0.13367614
OST/BTC,1570750282567,2019-10-10T23:31:22.567Z,buy,1.47e-06,436.0,0.00064092
OST/BTC,1570750282840,2019-10-10T23:31:22.840Z,buy,1.47e-06,169.0,0.00024843
OST/BTC,1570750283087,2019-10-10T23:31:23.087Z,buy,1.47e-06,3041.0,0.0044702699999999
OST/BTC,1570750283818,2019-10-10T23:31:23.818Z,buy,1.47e-06,4212.0,0.00619164
OST/BTC,1570750320580,2019-10-10T23:32:00.580Z,sell,1.46e-06,680.0,0.0009928
OST/BTC,1570750418723,2019-10-10T23:33:38.723Z,buy,1.47e-06,685.0,0.00100695
OST/BTC,1570750535378,2019-10-10T23:35:35.378Z,buy,1.47e-06,131853.0,0.19382391
OST/BTC,1570750547522,2019-10-10T23:35:47.522Z,buy,1.47e-06,4000.0,0.00588
OST/BTC,1570750687571,2019-10-10T23:38:07.571Z,buy,1.47e-06,685.0,0.00100695
OST/BTC,1570751114311,2019-10-10T23:45:14.311Z,sell,1.46e-06,110.0,0.0001606
OST/BTC,1570751114311,2019-10-10T23:45:14.311Z,sell,1.46e-06,110.0,0.0001606
OST/BTC,1570751735005,2019-10-10T23:55:35.005Z,sell,1.47e-06,743.0,0.00109221
OST/BTC,1570751735005,2019-10-10T23:55:35.005Z,sell,1.46e-06,5370.0,0.0078402
OST/BTC,1570751756920,2019-10-10T23:55:56.920Z,buy,1.48e-06,27855.0,0.0412254
OST/BTC,1570751967567,2019-10-10T23:59:27.567Z,sell,1.47e-06,999.0,0.00146853
OST/BTC,1570752191323,2019-10-11T00:03:11.323Z,sell,1.47e-06,654.0,0.00096138
OST/BTC,1570752197063,2019-10-11T00:03:17.063Z,sell,1.47e-06,501.0,0.0007364699999999
OST/BTC,1570752572494,2019-10-11T00:09:32.494Z,sell,1.47e-06,81.0,0.00011907
OST/BTC,1570752916395,2019-10-11T00:15:16.395Z,buy,1.47e-06,264.0,0.0003880799999999
OST/BTC,1570752952609,2019-10-11T00:15:52.609Z,buy,1.47e-06,680.0,0.0009996
OST/BTC,1570752952625,2019-10-11T00:15:52.625Z,buy,1.47e-06,415.0,0.00061005
OST/BTC,1570752952653,2019-10-11T00:15:52.653Z,buy,1.47e-06,680.0,0.0009996
OST/BTC,1570752954999,2019-10-11T00:15:54.999Z,sell,1.46e-06,207.0,0.00030222
OST/BTC,1570753347740,2019-10-11T00:22:27.740Z,sell,1.46e-06,175310.0,0.2559526
OST/BTC,1570753513343,2019-10-11T00:25:13.343Z,sell,1.46e-06,1650.0,0.002409
OST/BTC,1570753529206,2019-10-11T00:25:29.206Z,buy,1.47e-06,3302.0,0.0048539399999999
OST/BTC,1570753529208,2019-10-11T00:25:29.208Z,buy,1.47e-06,3302.0,0.0048539399999999
OST/BTC,1570753529212,2019-10-11T00:25:29.212Z,buy,1.47e-06,3302.0,0.0048539399999999
OST/BTC,1570753529225,2019-10-11T00:25:29.225Z,buy,1.47e-06,3305.0,0.00485835
OST/BTC,1570753532199,2019-10-11T00:25:32.199Z,buy,1.47e-06,169.0,0.00024843
OST/BTC,1570753532213,2019-10-11T00:25:32.213Z,buy,1.47e-06,680.0,0.0009996
OST/BTC,1570753550266,2019-10-11T00:25:50.266Z,buy,1.47e-06,2907.0,0.00427329
OST/BTC,1570753550269,2019-10-11T00:25:50.269Z,buy,1.47e-06,2907.0,0.00427329
OST/BTC,1570753550271,2019-10-11T00:25:50.271Z,buy,1.47e-06,2907.0,0.00427329
OST/BTC,1570753811326,2019-10-11T00:30:11.326Z,sell,1.47e-06,269.0,0.00039543
OST/BTC,1570753811326,2019-10-11T00:30:11.326Z,sell,1.47e-06,269.0,0.00039543
OST/BTC,1570754717398,2019-10-11T00:45:17.398Z,buy,1.48e-06,174.0,0.00025752
OST/BTC,1570754753938,2019-10-11T00:45:53.938Z,sell,1.46e-06,12067.0,0.01761782
OST/BTC,1570755611362,2019-10-11T01:00:11.362Z,sell,1.46e-06,163.0,0.00023798
OST/BTC,1570755668089,2019-10-11T01:01:08.089Z,buy,1.47e-06,1354.0,0.00199038
OST/BTC,1570756018180,2019-10-11T01:06:58.180Z,buy,1.47e-06,161.0,0.00023667
OST/BTC,1570756438300,2019-10-11T01:13:58.300Z,sell,1.47e-06,613.0,0.0009011099999999
OST/BTC,1570756466807,2019-10-11T01:14:26.807Z,sell,1.46e-06,470.0,0.0006862
OST/BTC,1570756992193,2019-10-11T01:23:12.193Z,sell,1.46e-06,5257.0,0.00767522
OST/BTC,1570756992193,2019-10-11T01:23:12.193Z,sell,1.46e-06,5257.0,0.00767522
OST/BTC,1570757636319,2019-10-11T01:33:56.319Z,sell,1.46e-06,9272.0,0.01353712
OST/BTC,1570758340005,2019-10-11T01:45:40.005Z,buy,1.47e-06,305.0,0.00044835
OST/BTC,1570758340030,2019-10-11T01:45:40.030Z,buy,1.48e-06,449.0,0.00066452
OST/BTC,1570758340040,2019-10-11T01:45:40.040Z,buy,1.48e-06,1013.0,0.00149924
OST/BTC,1570758344434,2019-10-11T01:45:44.434Z,sell,1.47e-06,1414.0,0.00207858
OST/BTC,1570758384758,2019-10-11T01:46:24.758Z,buy,1.47e-06,81.0,0.00011907
OST/BTC,1570758879294,2019-10-11T01:54:39.294Z,buy,1.47e-06,680.0,0.0009996
OST/BTC,1570759096679,2019-10-11T01:58:16.679Z,buy,1.47e-06,129.0,0.0001896299999999
OST/BTC,1570759606187,2019-10-11T02:06:46.187Z,buy,1.47e-06,10000.0,0.0147
OST/BTC,1570760120294,2019-10-11T02:15:20.294Z,buy,1.47e-06,5742.0,0.0084407399999999
OST/BTC,1570760120318,2019-10-11T02:15:20.318Z,sell,1.47e-06,4308.0,0.00633276
OST/BTC,1570760120455,2019-10-11T02:15:20.455Z,sell,1.47e-06,269.0,0.00039543
OST/BTC,1570760121082,2019-10-11T02:15:21.082Z,sell,1.47e-06,1471.0,0.00216237
OST/BTC,1570760330171,2019-10-11T02:18:50.171Z,sell,1.47e-06,34743.0,0.05107221
OST/BTC,1570760334680,2019-10-11T02:18:54.680Z,sell,1.46e-06,99363.0,0.14506998
OST/BTC,1570760430683,2019-10-11T02:20:30.683Z,sell,1.46e-06,69500.0,0.10147
OST/BTC,1570760455080,2019-10-11T02:20:55.080Z,sell,1.46e-06,135.0,0.0001971
OST/BTC,1570760573349,2019-10-11T02:22:53.349Z,sell,1.46e-06,59.0,8.614e-05
OST/BTC,1570760573349,2019-10-11T02:22:53.349Z,sell,1.46e-06,59.0,8.614e-05
OST/BTC,1570761079353,2019-10-11T02:31:19.353Z,buy,1.47e-06,681.0,0.00100107
OST/BTC,1570761594497,2019-10-11T02:39:54.497Z,sell,1.45e-06,12488.0,0.0181076
OST/BTC,1570761899253,2019-10-11T02:44:59.253Z,buy,1.47e-06,681.0,0.00100107
OST/BTC,1570762015992,2019-10-11T02:46:55.992Z,buy,1.47e-06,30000.0,0.0441
OST/BTC,1570762032468,2019-10-11T02:47:12.468Z,sell,1.45e-06,246.0,0.0003567
OST/BTC,1570762592098,2019-10-11T02:56:32.098Z,buy,1.46e-06,4096.0,0.00598016
OST/BTC,1570762790457,2019-10-11T02:59:50.457Z,sell,1.45e-06,101.0,0.00014645
OST/BTC,1570762831097,2019-10-11T03:00:31.097Z,buy,1.46e-06,3070.0,0.0044822
OST/BTC,1570762834253,2019-10-11T03:00:34.253Z,buy,1.46e-06,930.0,0.0013578
OST/BTC,1570763262065,2019-10-11T03:07:42.065Z,buy,1.46e-06,620.0,0.0009052
OST/BTC,1570763884235,2019-10-11T03:18:04.235Z,buy,1.46e-06,12592.0,0.01838432
OST/BTC,1570763938152,2019-10-11T03:18:58.152Z,buy,1.46e-06,684.0,0.00099864
OST/BTC,1570763938168,2019-10-11T03:18:58.168Z,buy,1.46e-06,859.0,0.00125414
OST/BTC,1570764060709,2019-10-11T03:21:00.709Z,buy,1.46e-06,4109.0,0.00599914
OST/BTC,1570764060709,2019-10-11T03:21:00.709Z,buy,1.46e-06,4109.0,0.00599914
OST/BTC,1570764309598,2019-10-11T03:25:09.598Z,buy,1.46e-06,1027.0,0.00149942
OST/BTC,1570764309648,2019-10-11T03:25:09.648Z,buy,1.46e-06,1027.0,0.00149942
OST/BTC,1570764319523,2019-10-11T03:25:19.523Z,buy,1.46e-06,539.0,0.00078694
OST/BTC,1570765653861,2019-10-11T03:47:33.861Z,sell,1.46e-06,83.0,0.00012118
OST/BTC,1570765817280,2019-10-11T03:50:17.280Z,sell,1.46e-06,44131.0,0.06443126
OST/BTC,1570765838935,2019-10-11T03:50:38.935Z,sell,1.46e-06,2684.0,0.00391864
OST/BTC,1570766039825,2019-10-11T03:53:59.825Z,sell,1.46e-06,21595.0,0.0315287
OST/BTC,1570766518945,2019-10-11T04:01:58.945Z,buy,1.46e-06,5628.0,0.00821688
OST/BTC,1570766518945,2019-10-11T04:01:58.945Z,buy,1.47e-06,60060.0,0.0882882
OST/BTC,1570766525778,2019-10-11T04:02:05.778Z,buy,1.47e-06,28988.0,0.0426123599999999
OST/BTC,1570766526099,2019-10-11T04:02:06.099Z,sell,1.47e-06,69.0,0.00010143
OST/BTC,1570766526102,2019-10-11T04:02:06.102Z,sell,1.47e-06,6172.0,0.0090728399999999
OST/BTC,1570766529748,2019-10-11T04:02:09.748Z,sell,1.47e-06,2141.0,0.0031472699999999
OST/BTC,1570766539533,2019-10-11T04:02:19.533Z,sell,1.47e-06,11906.0,0.0175018199999999
OST/BTC,1570766553029,2019-10-11T04:02:33.029Z,buy,1.48e-06,136494.0,0.20201112
OST/BTC,1570766553067,2019-10-11T04:02:33.067Z,sell,1.48e-06,3805.0,0.0056314
OST/BTC,1570766553124,2019-10-11T04:02:33.124Z,sell,1.48e-06,322.0,0.00047656
OST/BTC,1570766553132,2019-10-11T04:02:33.132Z,sell,1.48e-06,169.0,0.00025012
OST/BTC,1570766553174,2019-10-11T04:02:33.174Z,sell,1.48e-06,1005.0,0.0014874
OST/BTC,1570766553234,2019-10-11T04:02:33.234Z,sell,1.48e-06,661.0,0.00097828
OST/BTC,1570766553261,2019-10-11T04:02:33.261Z,sell,1.48e-06,11130.0,0.0164724
OST/BTC,1570766563889,2019-10-11T04:02:43.889Z,sell,1.47e-06,6423.0,0.00944181
OST/BTC,1570766592351,2019-10-11T04:03:12.351Z,sell,1.47e-06,2815.0,0.00413805
OST/BTC,1570766612035,2019-10-11T04:03:32.035Z,buy,1.47e-06,300.0,0.000441
OST/BTC,1570767525224,2019-10-11T04:18:45.224Z,sell,1.46e-06,19422.0,0.02835612
OST/BTC,1570767525224,2019-10-11T04:18:45.224Z,sell,1.46e-06,19422.0,0.02835612
OST/BTC,1570768427707,2019-10-11T04:33:47.707Z,buy,1.47e-06,1414.0,0.00207858
OST/BTC,1570768427707,2019-10-11T04:33:47.707Z,buy,1.48e-06,86.0,0.00012728
OST/BTC,1570768538653,2019-10-11T04:35:38.653Z,buy,1.47e-06,111.0,0.00016317
OST/BTC,1570768538653,2019-10-11T04:35:38.653Z,buy,1.48e-06,149889.0,0.22183572
OST/BTC,1570768578187,2019-10-11T04:36:18.187Z,buy,1.48e-06,642.0,0.00095016
OST/BTC,1570768578187,2019-10-11T04:36:18.187Z,buy,1.49e-06,149358.0,0.22254342
OST/BTC,1570768579331,2019-10-11T04:36:19.331Z,sell,1.48e-06,243.0,0.00035964
OST/BTC,1570768579541,2019-10-11T04:36:19.541Z,sell,1.48e-06,78.0,0.00011544
OST/BTC,1570768579651,2019-10-11T04:36:19.651Z,sell,1.48e-06,3202.0,0.00473896
OST/BTC,1570768579676,2019-10-11T04:36:19.676Z,sell,1.47e-06,720.0,0.0010584
OST/BTC,1570768580734,2019-10-11T04:36:20.734Z,buy,1.48e-06,1036.0,0.00153328
OST/BTC,1570768591995,2019-10-11T04:36:31.995Z,buy,1.48e-06,1125.0,0.001665
OST/BTC,1570768591995,2019-10-11T04:36:31.995Z,buy,1.49e-06,35720.0,0.0532228
OST/BTC,1570768591995,2019-10-11T04:36:31.995Z,buy,1.5e-06,22173.0,0.0332595
OST/BTC,1570768592133,2019-10-11T04:36:32.133Z,sell,1.48e-06,436.0,0.00064528
OST/BTC,1570768592231,2019-10-11T04:36:32.231Z,sell,1.48e-06,1374.0,0.00203352
OST/BTC,1570768593556,2019-10-11T04:36:33.556Z,buy,1.49e-06,243.0,0.00036207
OST/BTC,1570768594595,2019-10-11T04:36:34.595Z,buy,1.49e-06,78.0,0.00011622
OST/BTC,1570768595340,2019-10-11T04:36:35.340Z,buy,1.49e-06,1036.0,0.00154364
OST/BTC,1570768595812,2019-10-11T04:36:35.812Z,buy,1.49e-06,336.0,0.00050064
OST/BTC,1570768598323,2019-10-11T04:36:38.323Z,buy,1.49e-06,117.0,0.00017433
OST/BTC,1570768598323,2019-10-11T04:36:38.323Z,buy,1.5e-06,14136.0,0.021204
OST/BTC,1570768606626,2019-10-11T04:36:46.626Z,buy,1.5e-06,3469.0,0.0052035
OST/BTC,1570768609532,2019-10-11T04:36:49.532Z,buy,1.49e-06,867.0,0.0012918299999999
OST/BTC,1570768611943,2019-10-11T04:36:51.943Z,buy,1.49e-06,297.0,0.0004425299999999
OST/BTC,1570768623995,2019-10-11T04:37:03.995Z,sell,1.48e-06,5600.0,0.008288
OST/BTC,1570768626581,2019-10-11T04:37:06.581Z,buy,1.48e-06,300.0,0.000444
OST/BTC,1570768628256,2019-10-11T04:37:08.256Z,buy,1.48e-06,300.0,0.000444
OST/BTC,1570768628429,2019-10-11T04:37:08.429Z,buy,1.48e-06,3790.0,0.0056092
OST/BTC,1570768884137,2019-10-11T04:41:24.137Z,buy,1.49e-06,135.0,0.0002011499999999
OST/BTC,1570768908456,2019-10-11T04:41:48.456Z,sell,1.48e-06,4754.0,0.00703592
OST/BTC,1570768908456,2019-10-11T04:41:48.456Z,sell,1.47e-06,5502.0,0.00808794
OST/BTC,1570769066372,2019-10-11T04:44:26.372Z,buy,1.48e-06,1013.0,0.00149924
OST/BTC,1570769211086,2019-10-11T04:46:51.086Z,sell,1.47e-06,17026.0,0.0250282199999999
OST/BTC,1570769222089,2019-10-11T04:47:02.089Z,sell,1.47e-06,8532.0,0.0125420399999999
OST/BTC,1570769236138,2019-10-11T04:47:16.138Z,sell,1.47e-06,1704.0,0.0025048799999999
OST/BTC,1570769237057,2019-10-11T04:47:17.057Z,sell,1.47e-06,2614.0,0.00384258
OST/BTC,1570769237057,2019-10-11T04:47:17.057Z,sell,1.46e-06,2078.0,0.00303388
OST/BTC,1570769241008,2019-10-11T04:47:21.008Z,sell,1.47e-06,1036.0,0.0015229199999999
OST/BTC,1570769242750,2019-10-11T04:47:22.750Z,buy,1.47e-06,78.0,0.0001146599999999
OST/BTC,1570769375333,2019-10-11T04:49:35.333Z,sell,1.46e-06,118289.0,0.17270194
OST/BTC,1570769376232,2019-10-11T04:49:36.232Z,sell,1.46e-06,1964.0,0.00286744
OST/BTC,1570769386445,2019-10-11T04:49:46.445Z,sell,1.46e-06,9884.0,0.01443064
OST/BTC,1570769386445,2019-10-11T04:49:46.445Z,sell,1.45e-06,52042.0,0.0754609
OST/BTC,1570769386853,2019-10-11T04:49:46.853Z,buy,1.46e-06,2106.0,0.00307476
OST/BTC,1570769386874,2019-10-11T04:49:46.874Z,buy,1.46e-06,2675.0,0.0039055
OST/BTC,1570769403307,2019-10-11T04:50:03.307Z,buy,1.46e-06,9990.0,0.0145854
OST/BTC,1570769403622,2019-10-11T04:50:03.622Z,sell,1.45e-06,4326.0,0.0062727
OST/BTC,1570769403802,2019-10-11T04:50:03.802Z,sell,1.45e-06,56500.0,0.081925
OST/BTC,1570769404033,2019-10-11T04:50:04.033Z,buy,1.46e-06,136.0,0.00019856
OST/BTC,1570769413089,2019-10-11T04:50:13.089Z,sell,1.45e-06,167331.0,0.24262995
OST/BTC,1570769422246,2019-10-11T04:50:22.246Z,sell,1.45e-06,139306.0,0.2019937
OST/BTC,1570769422775,2019-10-11T04:50:22.775Z,buy,1.45e-06,71.0,0.00010295
OST/BTC,1570769424281,2019-10-11T04:50:24.281Z,buy,1.45e-06,40885.0,0.05928325
OST/BTC,1570769425587,2019-10-11T04:50:25.587Z,buy,1.46e-06,2061.0,0.00300906
OST/BTC,1570769441222,2019-10-11T04:50:41.222Z,buy,1.45e-06,81.0,0.00011745
OST/BTC,1570769443683,2019-10-11T04:50:43.683Z,sell,1.44e-06,8513.0,0.0122587199999999
OST/BTC,1570769443683,2019-10-11T04:50:43.683Z,sell,1.44e-06,33610.0,0.0483984
OST/BTC,1570769443683,2019-10-11T04:50:43.683Z,sell,1.44e-06,7320.0,0.0105408
OST/BTC,1570769443683,2019-10-11T04:50:43.683Z,sell,1.44e-06,3155.0,0.0045432
OST/BTC,1570769443683,2019-10-11T04:50:43.683Z,sell,1.44e-06,6756.0,0.00972864
OST/BTC,1570769452126,2019-10-11T04:50:52.126Z,buy,1.45e-06,497.0,0.00072065
OST/BTC,1570769542572,2019-10-11T04:52:22.572Z,sell,1.44e-06,136.0,0.00019584
OST/BTC,1570769547354,2019-10-11T04:52:27.354Z,sell,1.44e-06,369.0,0.00053136
OST/BTC,1570769551400,2019-10-11T04:52:31.400Z,sell,1.44e-06,3974.0,0.00572256
OST/BTC,1570769570566,2019-10-11T04:52:50.566Z,sell,1.44e-06,4180.0,0.0060192
OST/BTC,1570769612435,2019-10-11T04:53:32.435Z,buy,1.45e-06,7208.0,0.0104516
OST/BTC,1570769619520,2019-10-11T04:53:39.520Z,sell,1.44e-06,2554.0,0.00367776
OST/BTC,1570769621469,2019-10-11T04:53:41.469Z,buy,1.45e-06,4662.0,0.0067599
OST/BTC,1570769711231,2019-10-11T04:55:11.231Z,sell,1.44e-06,60483.0,0.08709552
OST/BTC,1570769711237,2019-10-11T04:55:11.237Z,sell,1.44e-06,77789.0,0.11201616
OST/BTC,1570769722214,2019-10-11T04:55:22.214Z,sell,1.44e-06,93.0,0.00013392
OST/BTC,1570769763948,2019-10-11T04:56:03.948Z,sell,1.44e-06,34731.0,0.05001264
OST/BTC,1570769824533,2019-10-11T04:57:04.533Z,sell,1.44e-06,51465.0,0.0741096
OST/BTC,1570770064281,2019-10-11T05:01:04.281Z,sell,1.44e-06,2009.0,0.00289296
OST/BTC,1570770097382,2019-10-11T05:01:37.382Z,sell,1.44e-06,336.0,0.00048384
OST/BTC,1570770198463,2019-10-11T05:03:18.463Z,sell,1.44e-06,16452.0,0.02369088
OST/BTC,1570770287431,2019-10-11T05:04:47.431Z,sell,1.44e-06,21105.0,0.0303912
OST/BTC,1570770325674,2019-10-11T05:05:25.674Z,sell,1.44e-06,99.0,0.00014256
OST/BTC,1570770334354,2019-10-11T05:05:34.354Z,sell,1.44e-06,9900.0,0.014256
OST/BTC,1570770348628,2019-10-11T05:05:48.628Z,sell,1.44e-06,4013.0,0.00577872
OST/BTC,1570770352564,2019-10-11T05:05:52.564Z,sell,1.43e-06,19702.0,0.02817386
OST/BTC,1570770352564,2019-10-11T05:05:52.564Z,sell,1.43e-06,6944.0,0.00992992
OST/BTC,1570770352564,2019-10-11T05:05:52.564Z,sell,1.43e-06,6666.0,0.00953238
OST/BTC,1570770352851,2019-10-11T05:05:52.851Z,sell,1.43e-06,350.0,0.0005005
OST/BTC,1570770362591,2019-10-11T05:06:02.591Z,sell,1.43e-06,69021.0,0.09870003
OST/BTC,1570770374555,2019-10-11T05:06:14.555Z,sell,1.43e-06,974.0,0.00139282
OST/BTC,1570770415212,2019-10-11T05:06:55.212Z,buy,1.44e-06,2476.0,0.00356544
OST/BTC,1570770586317,2019-10-11T05:09:46.317Z,sell,1.43e-06,133.0,0.00019019
OST/BTC,1570770667094,2019-10-11T05:11:07.094Z,buy,1.44e-06,2654.0,0.00382176
OST/BTC,1570770874436,2019-10-11T05:14:34.436Z,buy,1.44e-06,9900.0,0.014256
OST/BTC,1570770891608,2019-10-11T05:14:51.608Z,sell,1.43e-06,10724.0,0.01533532
OST/BTC,1570770941381,2019-10-11T05:15:41.381Z,buy,1.44e-06,44878.0,0.06462432
OST/BTC,1570770941427,2019-10-11T05:15:41.427Z,buy,1.44e-06,9503.0,0.01368432
OST/BTC,1570770949318,2019-10-11T05:15:49.318Z,buy,1.44e-06,27000.0,0.03888
OST/BTC,1570770959634,2019-10-11T05:15:59.634Z,buy,1.44e-06,122000.0,0.17568
OST/BTC,1570770960392,2019-10-11T05:16:00.392Z,buy,1.44e-06,20270.0,0.0291888
OST/BTC,1570770993175,2019-10-11T05:16:33.175Z,sell,1.43e-06,49941.0,0.07141563
OST/BTC,1570770993217,2019-10-11T05:16:33.217Z,buy,1.43e-06,379.0,0.00054197
OST/BTC,1570770994175,2019-10-11T05:16:34.175Z,sell,1.42e-06,2597.0,0.0036877399999999
OST/BTC,1570770994175,2019-10-11T05:16:34.175Z,sell,1.42e-06,11235.0,0.0159537
OST/BTC,1570770994175,2019-10-11T05:16:34.175Z,sell,1.42e-06,11235.0,0.0159537
OST/BTC,1570770994175,2019-10-11T05:16:34.175Z,sell,1.42e-06,3333.0,0.00473286
OST/BTC,1570770994175,2019-10-11T05:16:34.175Z,sell,1.42e-06,2500.0,0.0035499999999999
OST/BTC,1570770994175,2019-10-11T05:16:34.175Z,sell,1.42e-06,7320.0,0.0103944
OST/BTC,1570770994175,2019-10-11T05:16:34.175Z,sell,1.42e-06,8575.0,0.0121765
OST/BTC,1570770997054,2019-10-11T05:16:37.054Z,buy,1.43e-06,436.0,0.00062348
OST/BTC,1570771000388,2019-10-11T05:16:40.388Z,sell,1.42e-06,300.0,0.000426
OST/BTC,1570771004093,2019-10-11T05:16:44.093Z,buy,1.43e-06,7676.0,0.01097668
OST/BTC,1570771008259,2019-10-11T05:16:48.259Z,sell,1.42e-06,813.0,0.00115446
OST/BTC,1570771011034,2019-10-11T05:16:51.034Z,buy,1.43e-06,24012.0,0.03433716
OST/BTC,1570771012322,2019-10-11T05:16:52.322Z,buy,1.44e-06,81.0,0.00011664
OST/BTC,1570771013540,2019-10-11T05:16:53.540Z,buy,1.44e-06,308.0,0.00044352
OST/BTC,1570771015659,2019-10-11T05:16:55.659Z,sell,1.42e-06,1946.0,0.00276332
OST/BTC,1570771017408,2019-10-11T05:16:57.408Z,sell,1.42e-06,718.0,0.0010195599999999
OST/BTC,1570771031018,2019-10-11T05:17:11.018Z,buy,1.43e-06,387.0,0.00055341
OST/BTC,1570771031300,2019-10-11T05:17:11.300Z,sell,1.43e-06,376.0,0.00053768
OST/BTC,1570771046319,2019-10-11T05:17:26.319Z,buy,1.44e-06,44885.0,0.0646344
OST/BTC,1570771073486,2019-10-11T05:17:53.486Z,sell,1.43e-06,26694.0,0.03817242
OST/BTC,1570771074677,2019-10-11T05:17:54.677Z,sell,1.43e-06,1357.0,0.00194051
OST/BTC,1570771074677,2019-10-11T05:17:54.677Z,sell,1.42e-06,2643.0,0.00375306
OST/BTC,1570771076618,2019-10-11T05:17:56.618Z,buy,1.43e-06,321.0,0.00045903
OST/BTC,1570771077085,2019-10-11T05:17:57.085Z,sell,1.43e-06,1036.0,0.00148148
OST/BTC,1570771079528,2019-10-11T05:17:59.528Z,sell,1.43e-06,973.0,0.00139139
OST/BTC,1570771079528,2019-10-11T05:17:59.528Z,sell,1.43e-06,973.0,0.00139139
OST/BTC,1570771146984,2019-10-11T05:19:06.984Z,sell,1.43e-06,300.0,0.000429
OST/BTC,1570771297897,2019-10-11T05:21:37.897Z,sell,1.43e-06,176.0,0.00025168
OST/BTC,1570771317301,2019-10-11T05:21:57.301Z,sell,1.43e-06,176.0,0.00025168
OST/BTC,1570771345431,2019-10-11T05:22:25.431Z,buy,1.44e-06,83.0,0.00011952
OST/BTC,1570771501882,2019-10-11T05:25:01.882Z,buy,1.44e-06,844.0,0.00121536
OST/BTC,1570771501882,2019-10-11T05:25:01.882Z,buy,1.44e-06,844.0,0.00121536
OST/BTC,1570771501891,2019-10-11T05:25:01.891Z,buy,1.44e-06,694.0,0.00099936
OST/BTC,1570771589814,2019-10-11T05:26:29.814Z,sell,1.43e-06,56140.0,0.0802802
OST/BTC,1570771592742,2019-10-11T05:26:32.742Z,buy,1.44e-06,8276.0,0.01191744
OST/BTC,1570771622118,2019-10-11T05:27:02.118Z,sell,1.44e-06,388.0,0.00055872
OST/BTC,1570771644148,2019-10-11T05:27:24.148Z,buy,1.45e-06,2083.0,0.00302035
OST/BTC,1570771723070,2019-10-11T05:28:43.070Z,buy,1.45e-06,30768.0,0.0446136
OST/BTC,1570771740996,2019-10-11T05:29:00.996Z,buy,1.46e-06,65194.0,0.09518324
OST/BTC,1570771758917,2019-10-11T05:29:18.917Z,sell,1.45e-06,2099.0,0.00304355
OST/BTC,1570771786790,2019-10-11T05:29:46.790Z,sell,1.45e-06,9567.0,0.01387215
OST/BTC,1570771818427,2019-10-11T05:30:18.427Z,sell,1.44e-06,6152.0,0.00885888
OST/BTC,1570771844651,2019-10-11T05:30:44.651Z,sell,1.44e-06,120000.0,0.1728
OST/BTC,1570771844930,2019-10-11T05:30:44.930Z,sell,1.44e-06,26882.0,0.03871008
OST/BTC,1570771845121,2019-10-11T05:30:45.121Z,sell,1.44e-06,4000.0,0.0057599999999999
OST/BTC,1570771847032,2019-10-11T05:30:47.032Z,buy,1.45e-06,4000.0,0.0058
OST/BTC,1570771852166,2019-10-11T05:30:52.166Z,sell,1.44e-06,180.0,0.0002592
OST/BTC,1570772027961,2019-10-11T05:33:47.961Z,sell,1.44e-06,5660.0,0.0081504
OST/BTC,1570772389128,2019-10-11T05:39:49.128Z,sell,1.44e-06,308.0,0.00044352
OST/BTC,1570772456565,2019-10-11T05:40:56.565Z,buy,1.45e-06,216.0,0.0003132
OST/BTC,1570772600075,2019-10-11T05:43:20.075Z,sell,1.44e-06,52493.0,0.07558992
OST/BTC,1570772715437,2019-10-11T05:45:15.437Z,buy,1.45e-06,127.0,0.00018415
OST/BTC,1570773204659,2019-10-11T05:53:24.659Z,sell,1.43e-06,11743.0,0.01679249
OST/BTC,1570773295730,2019-10-11T05:54:55.730Z,sell,1.43e-06,237554.0,0.33970222
OST/BTC,1570773295756,2019-10-11T05:54:55.756Z,buy,1.43e-06,1048.0,0.00149864
OST/BTC,1570773295757,2019-10-11T05:54:55.757Z,buy,1.43e-06,436.0,0.00062348
OST/BTC,1570773301323,2019-10-11T05:55:01.323Z,sell,1.42e-06,1142.0,0.00162164
OST/BTC,1570773301586,2019-10-11T05:55:01.586Z,sell,1.42e-06,4054.0,0.00575668
OST/BTC,1570773323799,2019-10-11T05:55:23.799Z,buy,1.43e-06,10854.0,0.01552122
OST/BTC,1570773341754,2019-10-11T05:55:41.754Z,buy,1.43e-06,44386.0,0.06347198
OST/BTC,1570773377732,2019-10-11T05:56:17.732Z,sell,1.42e-06,156070.0,0.2216194
OST/BTC,1570773387396,2019-10-11T05:56:27.396Z,sell,1.42e-06,4259.0,0.00604778
OST/BTC,1570773387396,2019-10-11T05:56:27.396Z,sell,1.41e-06,2534.0,0.00357294
OST/BTC,1570773387396,2019-10-11T05:56:27.396Z,sell,1.41e-06,3500.0,0.004935
OST/BTC,1570773387396,2019-10-11T05:56:27.396Z,sell,1.41e-06,13513.0,0.01905333
OST/BTC,1570773387396,2019-10-11T05:56:27.396Z,sell,1.41e-06,48576.0,0.06849216
OST/BTC,1570773387396,2019-10-11T05:56:27.396Z,sell,1.41e-06,9793.0,0.01380813
OST/BTC,1570773391051,2019-10-11T05:56:31.051Z,sell,1.41e-06,860.0,0.0012126
OST/BTC,1570773393131,2019-10-11T05:56:33.131Z,sell,1.41e-06,78639.0,0.11088099
OST/BTC,1570773393228,2019-10-11T05:56:33.228Z,buy,1.42e-06,2411.0,0.00342362
OST/BTC,1570773394318,2019-10-11T05:56:34.318Z,buy,1.43e-06,320.0,0.0004576
OST/BTC,1570773425350,2019-10-11T05:57:05.350Z,sell,1.41e-06,5459.0,0.00769719
OST/BTC,1570773465521,2019-10-11T05:57:45.521Z,sell,1.41e-06,6723.0,0.00947943
OST/BTC,1570773535835,2019-10-11T05:58:55.835Z,buy,1.42e-06,380.0,0.0005396
OST/BTC,1570773614729,2019-10-11T06:00:14.729Z,sell,1.42e-06,90.0,0.0001278
OST/BTC,1570773872705,2019-10-11T06:04:32.705Z,sell,1.42e-06,436.0,0.00061912
OST/BTC,1570774024554,2019-10-11T06:07:04.554Z,sell,1.42e-06,55299.0,0.07852458
OST/BTC,1570774050096,2019-10-11T06:07:30.096Z,buy,1.43e-06,340.0,0.0004862
OST/BTC,1570774050214,2019-10-11T06:07:30.214Z,buy,1.43e-06,10914.0,0.01560702
OST/BTC,1570774076437,2019-10-11T06:07:56.437Z,buy,1.43e-06,48051.0,0.06871293
OST/BTC,1570774076437,2019-10-11T06:07:56.437Z,buy,1.44e-06,210849.0,0.30362256
OST/BTC,1570774076437,2019-10-11T06:07:56.437Z,buy,1.45e-06,106523.0,0.15445835
OST/BTC,1570774076702,2019-10-11T06:07:56.702Z,buy,1.45e-06,12500.0,0.018125
OST/BTC,1570774077537,2019-10-11T06:07:57.537Z,sell,1.44e-06,169.0,0.00024336
OST/BTC,1570774077618,2019-10-11T06:07:57.618Z,sell,1.44e-06,85.0,0.0001224
OST/BTC,1570774078481,2019-10-11T06:07:58.481Z,buy,1.44e-06,1036.0,0.00149184
OST/BTC,1570774079205,2019-10-11T06:07:59.205Z,buy,1.44e-06,243.0,0.00034992
OST/BTC,1570774079483,2019-10-11T06:07:59.483Z,buy,1.44e-06,78.0,0.00011232
OST/BTC,1570774084088,2019-10-11T06:08:04.088Z,buy,1.45e-06,3658.0,0.0053041
OST/BTC,1570774089978,2019-10-11T06:08:09.978Z,buy,1.45e-06,44618.0,0.0646961
OST/BTC,1570774089978,2019-10-11T06:08:09.978Z,buy,1.46e-06,882.0,0.00128772
OST/BTC,1570774091269,2019-10-11T06:08:11.269Z,sell,1.44e-06,254.0,0.0003657599999999
OST/BTC,1570774092143,2019-10-11T06:08:12.143Z,buy,1.44e-06,78.0,0.00011232
OST/BTC,1570774092428,2019-10-11T06:08:12.428Z,buy,1.44e-06,1036.0,0.00149184
OST/BTC,1570774093183,2019-10-11T06:08:13.183Z,buy,1.44e-06,243.0,0.00034992
OST/BTC,1570774116064,2019-10-11T06:08:36.064Z,buy,1.44e-06,719.0,0.00103536
OST/BTC,1570774116064,2019-10-11T06:08:36.064Z,buy,1.45e-06,37.0,5.365e-05
OST/BTC,1570774147695,2019-10-11T06:09:07.695Z,buy,1.45e-06,689.0,0.00099905
OST/BTC,1570774172932,2019-10-11T06:09:32.932Z,buy,1.45e-06,23401.0,0.03393145
OST/BTC,1570774172932,2019-10-11T06:09:32.932Z,buy,1.46e-06,1162.0,0.00169652
OST/BTC,1570774467822,2019-10-11T06:14:27.822Z,buy,1.45e-06,2299.0,0.00333355
OST/BTC,1570774467845,2019-10-11T06:14:27.845Z,sell,1.45e-06,5603.0,0.00812435
OST/BTC,1570774467875,2019-10-11T06:14:27.875Z,sell,1.45e-06,1682.0,0.0024389
OST/BTC,1570774467962,2019-10-11T06:14:27.962Z,sell,1.45e-06,346.0,0.0005017
OST/BTC,1570774468065,2019-10-11T06:14:28.065Z,sell,1.45e-06,316.0,0.0004582
OST/BTC,1570774468091,2019-10-11T06:14:28.091Z,sell,1.45e-06,13186.0,0.0191197
OST/BTC,1570774468109,2019-10-11T06:14:28.109Z,sell,1.45e-06,3419.0,0.00495755
OST/BTC,1570774474624,2019-10-11T06:14:34.624Z,buy,1.45e-06,246.0,0.0003567
OST/BTC,1570774474624,2019-10-11T06:14:34.624Z,buy,1.45e-06,246.0,0.0003567
OST/BTC,1570774952615,2019-10-11T06:22:32.615Z,buy,1.45e-06,57542.0,0.0834359
OST/BTC,1570774952737,2019-10-11T06:22:32.737Z,sell,1.45e-06,186.0,0.0002697
OST/BTC,1570774952737,2019-10-11T06:22:32.737Z,sell,1.45e-06,1387.0,0.00201115
OST/BTC,1570774953083,2019-10-11T06:22:33.083Z,sell,1.45e-06,7267.0,0.01053715
OST/BTC,1570774957096,2019-10-11T06:22:37.096Z,sell,1.45e-06,1384.0,0.0020068
OST/BTC,1570775003622,2019-10-11T06:23:23.622Z,buy,1.46e-06,179.0,0.00026134
OST/BTC,1570775090442,2019-10-11T06:24:50.442Z,sell,1.45e-06,169.0,0.00024505
OST/BTC,1570775104822,2019-10-11T06:25:04.822Z,buy,1.46e-06,196.0,0.00028616
OST/BTC,1570775465822,2019-10-11T06:31:05.822Z,buy,1.46e-06,948.0,0.00138408
OST/BTC,1570775498432,2019-10-11T06:31:38.432Z,buy,1.46e-06,15690.0,0.0229074
OST/BTC,1570775611392,2019-10-11T06:33:31.392Z,buy,1.46e-06,2381.0,0.00347626
OST/BTC,1570775867263,2019-10-11T06:37:47.263Z,buy,1.46e-06,15000.0,0.0219
OST/BTC,1570775993988,2019-10-11T06:39:53.988Z,buy,1.46e-06,274.0,0.00040004
OST/BTC,1570776116238,2019-10-11T06:41:56.238Z,buy,1.46e-06,136.0,0.00019856
OST/BTC,1570776133468,2019-10-11T06:42:13.468Z,sell,1.45e-06,11547.0,0.01674315
OST/BTC,1570776147230,2019-10-11T06:42:27.230Z,sell,1.45e-06,9655.0,0.01399975
OST/BTC,1570776188182,2019-10-11T06:43:08.182Z,buy,1.45e-06,69.0,0.00010005
OST/BTC,1570776230076,2019-10-11T06:43:50.076Z,buy,1.45e-06,23071.0,0.03345295
OST/BTC,1570776240682,2019-10-11T06:44:00.682Z,buy,1.46e-06,179.0,0.00026134
OST/BTC,1570776331184,2019-10-11T06:45:31.184Z,buy,1.46e-06,38965.0,0.0568889
OST/BTC,1570776373218,2019-10-11T06:46:13.218Z,buy,1.46e-06,19746.0,0.02882916
OST/BTC,1570776522750,2019-10-11T06:48:42.750Z,buy,1.46e-06,4794.0,0.00699924
OST/BTC,1570776525721,2019-10-11T06:48:45.721Z,buy,1.46e-06,365.0,0.0005329
OST/BTC,1570776597652,2019-10-11T06:49:57.652Z,buy,1.46e-06,7893.0,0.01152378
OST/BTC,1570776771123,2019-10-11T06:52:51.123Z,buy,1.46e-06,5524.0,0.00806504
OST/BTC,1570777129881,2019-10-11T06:58:49.881Z,buy,1.46e-06,5000.0,0.0073
OST/BTC,1570777395443,2019-10-11T07:03:15.443Z,buy,1.46e-06,17762.0,0.02593252
OST/BTC,1570777461105,2019-10-11T07:04:21.105Z,buy,1.46e-06,753.0,0.00109938
OST/BTC,1570777519087,2019-10-11T07:05:19.087Z,buy,1.46e-06,135183.0,0.19736718
OST/BTC,1570777519140,2019-10-11T07:05:19.140Z,sell,1.46e-06,919.0,0.00134174
OST/BTC,1570777519149,2019-10-11T07:05:19.149Z,sell,1.46e-06,611.0,0.00089206
OST/BTC,1570777519152,2019-10-11T07:05:19.152Z,sell,1.46e-06,1611.0,0.00235206
OST/BTC,1570777519217,2019-10-11T07:05:19.217Z,buy,1.47e-06,57500.0,0.0845249999999999
OST/BTC,1570777520106,2019-10-11T07:05:20.106Z,sell,1.46e-06,762.0,0.00111252
OST/BTC,1570777520313,2019-10-11T07:05:20.313Z,buy,1.47e-06,13793.0,0.02027571
OST/BTC,1570777534173,2019-10-11T07:05:34.173Z,sell,1.46e-06,2978.0,0.00434788
OST/BTC,1570777546650,2019-10-11T07:05:46.650Z,sell,1.46e-06,2654.0,0.00387484
OST/BTC,1570777655378,2019-10-11T07:07:35.378Z,buy,1.47e-06,175.0,0.00025725
OST/BTC,1570777680189,2019-10-11T07:08:00.189Z,buy,1.47e-06,1565.0,0.0023005499999999
OST/BTC,1570778039140,2019-10-11T07:13:59.140Z,sell,1.46e-06,760.0,0.0011096
OST/BTC,1570778039439,2019-10-11T07:13:59.439Z,sell,1.46e-06,760.0,0.0011096
OST/BTC,1570778039806,2019-10-11T07:13:59.806Z,sell,1.46e-06,760.0,0.0011096
OST/BTC,1570778039806,2019-10-11T07:13:59.806Z,sell,1.46e-06,760.0,0.0011096
OST/BTC,1570778201391,2019-10-11T07:16:41.391Z,sell,1.46e-06,126.0,0.00018396
OST/BTC,1570778226235,2019-10-11T07:17:06.235Z,sell,1.46e-06,380.0,0.0005548
OST/BTC,1570778290486,2019-10-11T07:18:10.486Z,sell,1.46e-06,2758.0,0.00402668
OST/BTC,1570778602039,2019-10-11T07:23:22.039Z,sell,1.46e-06,13678.0,0.01996988
OST/BTC,1570778603902,2019-10-11T07:23:23.902Z,sell,1.46e-06,89.0,0.00012994
OST/BTC,1570778610941,2019-10-11T07:23:30.941Z,sell,1.46e-06,41036.0,0.05991256
OST/BTC,1570778695367,2019-10-11T07:24:55.367Z,buy,1.47e-06,30285.0,0.0445189499999999
OST/BTC,1570778704879,2019-10-11T07:25:04.879Z,buy,1.47e-06,32809.0,0.04822923
OST/BTC,1570778713748,2019-10-11T07:25:13.748Z,buy,1.47e-06,5008.0,0.0073617599999999
OST/BTC,1570778713881,2019-10-11T07:25:13.881Z,sell,1.47e-06,10534.0,0.0154849799999999
OST/BTC,1570778741821,2019-10-11T07:25:41.821Z,sell,1.47e-06,689.0,0.00101283
OST/BTC,1570778768237,2019-10-11T07:26:08.237Z,sell,1.47e-06,69.0,0.00010143
OST/BTC,1570778855806,2019-10-11T07:27:35.806Z,buy,1.48e-06,6800.0,0.010064
OST/BTC,1570778873203,2019-10-11T07:27:53.203Z,buy,1.48e-06,40787.0,0.06036476
OST/BTC,1570778888619,2019-10-11T07:28:08.619Z,buy,1.48e-06,40788.0,0.06036624
OST/BTC,1570778948014,2019-10-11T07:29:08.014Z,buy,1.48e-06,45000.0,0.0666
OST/BTC,1570779043790,2019-10-11T07:30:43.790Z,sell,1.47e-06,2491.0,0.00366177
OST/BTC,1570779170221,2019-10-11T07:32:50.221Z,buy,1.48e-06,198.0,0.00029304
OST/BTC,1570779270026,2019-10-11T07:34:30.026Z,buy,1.48e-06,69.0,0.00010212
OST/BTC,1570779270026,2019-10-11T07:34:30.026Z,buy,1.49e-06,6427.0,0.00957623
OST/BTC,1570779270971,2019-10-11T07:34:30.971Z,sell,1.48e-06,243.0,0.00035964
OST/BTC,1570779271275,2019-10-11T07:34:31.275Z,sell,1.48e-06,791.0,0.00117068
OST/BTC,1570779271306,2019-10-11T07:34:31.306Z,sell,1.48e-06,245.0,0.0003626
OST/BTC,1570779272619,2019-10-11T07:34:32.619Z,buy,1.48e-06,78.0,0.00011544
OST/BTC,1570779290051,2019-10-11T07:34:50.051Z,sell,1.48e-06,300.0,0.000444
OST/BTC,1570779491131,2019-10-11T07:38:11.131Z,sell,1.47e-06,169.0,0.00024843
OST/BTC,1570779787940,2019-10-11T07:43:07.940Z,buy,1.48e-06,396.0,0.00058608
OST/BTC,1570779844316,2019-10-11T07:44:04.316Z,buy,1.48e-06,18053.0,0.02671844
OST/BTC,1570779844355,2019-10-11T07:44:04.355Z,sell,1.48e-06,3892.0,0.00576016
OST/BTC,1570779844373,2019-10-11T07:44:04.373Z,sell,1.48e-06,1006.0,0.00148888
OST/BTC,1570779845205,2019-10-11T07:44:05.205Z,sell,1.48e-06,565.0,0.0008362
OST/BTC,1570779858412,2019-10-11T07:44:18.412Z,sell,1.48e-06,672.0,0.00099456
OST/BTC,1570779865839,2019-10-11T07:44:25.839Z,buy,1.49e-06,198.0,0.00029502
OST/BTC,1570779915542,2019-10-11T07:45:15.542Z,sell,1.48e-06,75.0,0.000111
OST/BTC,1570780006161,2019-10-11T07:46:46.161Z,sell,1.48e-06,5000.0,0.0074
OST/BTC,1570780018075,2019-10-11T07:46:58.075Z,buy,1.49e-06,175781.0,0.26191369
OST/BTC,1570780018240,2019-10-11T07:46:58.240Z,sell,1.49e-06,436.0,0.0006496399999999
OST/BTC,1570780018359,2019-10-11T07:46:58.359Z,sell,1.49e-06,169.0,0.00025181
OST/BTC,1570780020040,2019-10-11T07:47:00.040Z,sell,1.49e-06,94.0,0.0001400599999999
OST/BTC,1570780039843,2019-10-11T07:47:19.843Z,buy,1.5e-06,277.0,0.0004155
OST/BTC,1570780041487,2019-10-11T07:47:21.487Z,sell,1.49e-06,681.0,0.00101469
OST/BTC,1570780041906,2019-10-11T07:47:21.906Z,sell,1.49e-06,685.0,0.00102065
OST/BTC,1570780042623,2019-10-11T07:47:22.623Z,sell,1.49e-06,685.0,0.00102065
OST/BTC,1570780042627,2019-10-11T07:47:22.627Z,sell,1.49e-06,681.0,0.00101469
OST/BTC,1570780053896,2019-10-11T07:47:33.896Z,sell,1.49e-06,741.0,0.0011040899999999
OST/BTC,1570780065412,2019-10-11T07:47:45.412Z,buy,1.5e-06,20000.0,0.03
OST/BTC,1570780109906,2019-10-11T07:48:29.906Z,buy,1.5e-06,3334.0,0.005001
OST/BTC,1570780109930,2019-10-11T07:48:29.930Z,buy,1.5e-06,7573.0,0.0113595
OST/BTC,1570780109959,2019-10-11T07:48:29.959Z,buy,1.5e-06,11359.0,0.0170385
OST/BTC,1570780109998,2019-10-11T07:48:29.998Z,buy,1.5e-06,11359.0,0.0170385
OST/BTC,1570780110012,2019-10-11T07:48:30.012Z,buy,1.5e-06,1266.0,0.001899
OST/BTC,1570780110013,2019-10-11T07:48:30.013Z,buy,1.5e-06,11400.0,0.0171
OST/BTC,1570780110222,2019-10-11T07:48:30.222Z,buy,1.5e-06,3334.0,0.005001
OST/BTC,1570780110242,2019-10-11T07:48:30.242Z,buy,1.5e-06,4000.0,0.006
OST/BTC,1570780110267,2019-10-11T07:48:30.267Z,buy,1.5e-06,1334.0,0.002001
OST/BTC,1570780110298,2019-10-11T07:48:30.298Z,buy,1.5e-06,1000.0,0.0015
OST/BTC,1570780110319,2019-10-11T07:48:30.319Z,buy,1.5e-06,4000.0,0.006
OST/BTC,1570780151108,2019-10-11T07:49:11.108Z,buy,1.5e-06,7573.0,0.0113595
OST/BTC,1570780151429,2019-10-11T07:49:11.429Z,buy,1.5e-06,1334.0,0.002001
OST/BTC,1570780151879,2019-10-11T07:49:11.879Z,buy,1.5e-06,3334.0,0.005001
OST/BTC,1570780152034,2019-10-11T07:49:12.034Z,buy,1.5e-06,4000.0,0.006
OST/BTC,1570780152271,2019-10-11T07:49:12.271Z,buy,1.5e-06,4000.0,0.006
OST/BTC,1570780157110,2019-10-11T07:49:17.110Z,sell,1.49e-06,1726.0,0.00257174
OST/BTC,1570780266582,2019-10-11T07:51:06.582Z,sell,1.49e-06,1022.0,0.0015227799999999
OST/BTC,1570780291584,2019-10-11T07:51:31.584Z,sell,1.49e-06,672.0,0.00100128
OST/BTC,1570780291679,2019-10-11T07:51:31.679Z,sell,1.49e-06,7984.0,0.01189616
OST/BTC,1570780291701,2019-10-11T07:51:31.701Z,sell,1.49e-06,189.0,0.00028161
OST/BTC,1570780295530,2019-10-11T07:51:35.530Z,sell,1.49e-06,670.0,0.0009983
OST/BTC,1570780295621,2019-10-11T07:51:35.621Z,sell,1.49e-06,174.0,0.00025926
OST/BTC,1570780303012,2019-10-11T07:51:43.012Z,sell,1.49e-06,1070.0,0.0015942999999999
OST/BTC,1570780307240,2019-10-11T07:51:47.240Z,buy,1.5e-06,1765.0,0.0026475
OST/BTC,1570780390002,2019-10-11T07:53:10.002Z,sell,1.49e-06,271.0,0.0004037899999999
OST/BTC,1570780443206,2019-10-11T07:54:03.206Z,buy,1.5e-06,197.0,0.0002955
OST/BTC,1570780479544,2019-10-11T07:54:39.544Z,buy,1.5e-06,5145.0,0.0077175
OST/BTC,1570780484373,2019-10-11T07:54:44.373Z,sell,1.49e-06,33000.0,0.04917
OST/BTC,1570780494263,2019-10-11T07:54:54.263Z,sell,1.49e-06,39000.0,0.0581099999999999
OST/BTC,1570780531909,2019-10-11T07:55:31.909Z,sell,1.49e-06,154236.0,0.2298116399999999
OST/BTC,1570780532026,2019-10-11T07:55:32.026Z,sell,1.49e-06,7678.0,0.01144022
OST/BTC,1570780535128,2019-10-11T07:55:35.128Z,sell,1.49e-06,6712.0,0.01000088
OST/BTC,1570780537082,2019-10-11T07:55:37.082Z,sell,1.49e-06,2695.0,0.00401555
OST/BTC,1570780538086,2019-10-11T07:55:38.086Z,sell,1.49e-06,3032.0,0.00451768
OST/BTC,1570780538229,2019-10-11T07:55:38.229Z,sell,1.49e-06,985.0,0.00146765
OST/BTC,1570780541968,2019-10-11T07:55:41.968Z,sell,1.49e-06,6711.0,0.0099993899999999
OST/BTC,1570780562219,2019-10-11T07:56:02.219Z,buy,1.5e-06,198.0,0.000297
OST/BTC,1570780571900,2019-10-11T07:56:11.900Z,buy,1.5e-06,365.0,0.0005475
OST/BTC,1570780585283,2019-10-11T07:56:25.283Z,buy,1.5e-06,5349.0,0.0080235
OST/BTC,1570780585919,2019-10-11T07:56:25.919Z,sell,1.49e-06,765.0,0.00113985
OST/BTC,1570780596980,2019-10-11T07:56:36.980Z,sell,1.49e-06,326.0,0.0004857399999999
OST/BTC,1570780608309,2019-10-11T07:56:48.309Z,sell,1.49e-06,417.0,0.00062133
OST/BTC,1570780619286,2019-10-11T07:56:59.286Z,sell,1.49e-06,273.0,0.00040677
OST/BTC,1570780630362,2019-10-11T07:57:10.362Z,sell,1.49e-06,388.0,0.00057812
OST/BTC,1570780640026,2019-10-11T07:57:20.026Z,buy,1.5e-06,157.0,0.0002355
OST/BTC,1570780647688,2019-10-11T07:57:27.688Z,buy,1.5e-06,3925.0,0.0058875
OST/BTC,1570780655993,2019-10-11T07:57:35.993Z,buy,1.5e-06,91571.0,0.1373565
OST/BTC,1570780660093,2019-10-11T07:57:40.093Z,sell,1.49e-06,16846.0,0.0251005399999999
OST/BTC,1570780660859,2019-10-11T07:57:40.859Z,sell,1.49e-06,60104.0,0.0895549599999999
OST/BTC,1570780677454,2019-10-11T07:57:57.454Z,sell,1.49e-06,93.0,0.00013857
OST/BTC,1570780715019,2019-10-11T07:58:35.019Z,buy,1.5e-06,216.0,0.000324
OST/BTC,1570780723200,2019-10-11T07:58:43.200Z,buy,1.5e-06,327.0,0.0004905
OST/BTC,1570780724634,2019-10-11T07:58:44.634Z,buy,1.5e-06,74957.0,0.1124355
OST/BTC,1570780767745,2019-10-11T07:59:27.745Z,buy,1.5e-06,249.0,0.0003735
OST/BTC,1570780857553,2019-10-11T08:00:57.553Z,buy,1.5e-06,16769.0,0.0251535
OST/BTC,1570780895260,2019-10-11T08:01:35.260Z,buy,1.5e-06,150.0,0.000225
OST/BTC,1570780980875,2019-10-11T08:03:00.875Z,sell,1.49e-06,6993.0,0.01041957
OST/BTC,1570780997443,2019-10-11T08:03:17.443Z,buy,1.5e-06,98.0,0.000147
OST/BTC,1570781172891,2019-10-11T08:06:12.891Z,buy,1.5e-06,33050.0,0.049575
OST/BTC,1570781194095,2019-10-11T08:06:34.095Z,buy,1.5e-06,33050.0,0.049575
OST/BTC,1570781195610,2019-10-11T08:06:35.610Z,sell,1.5e-06,1210.0,0.001815
OST/BTC,1570781196308,2019-10-11T08:06:36.308Z,sell,1.5e-06,456.0,0.000684
OST/BTC,1570781198123,2019-10-11T08:06:38.123Z,sell,1.5e-06,1321.0,0.0019815
OST/BTC,1570781201156,2019-10-11T08:06:41.156Z,sell,1.5e-06,7502.0,0.011253
OST/BTC,1570781216660,2019-10-11T08:06:56.660Z,sell,1.49e-06,680.0,0.0010132
OST/BTC,1570781241680,2019-10-11T08:07:21.680Z,sell,1.5e-06,5610.0,0.008415
OST/BTC,1570781241742,2019-10-11T08:07:21.742Z,sell,1.5e-06,5103.0,0.0076545
OST/BTC,1570781241783,2019-10-11T08:07:21.783Z,sell,1.5e-06,424.0,0.000636
OST/BTC,1570781241886,2019-10-11T08:07:21.886Z,sell,1.5e-06,2695.0,0.0040425
OST/BTC,1570781242226,2019-10-11T08:07:22.226Z,sell,1.5e-06,2766.0,0.004149
OST/BTC,1570781335742,2019-10-11T08:08:55.742Z,buy,1.51e-06,663.0,0.00100113
OST/BTC,1570781357398,2019-10-11T08:09:17.398Z,sell,1.5e-06,665.0,0.0009975
OST/BTC,1570781406863,2019-10-11T08:10:06.863Z,sell,1.49e-06,2080.0,0.0030992
OST/BTC,1570781406863,2019-10-11T08:10:06.863Z,sell,1.49e-06,14979.0,0.02231871
OST/BTC,1570781471053,2019-10-11T08:11:11.053Z,buy,1.51e-06,3355.0,0.00506605
OST/BTC,1570781480270,2019-10-11T08:11:20.270Z,sell,1.5e-06,1036.0,0.001554
OST/BTC,1570781492913,2019-10-11T08:11:32.913Z,buy,1.51e-06,245.0,0.0003699499999999
OST/BTC,1570781519277,2019-10-11T08:11:59.277Z,sell,1.49e-06,4796.0,0.0071460399999999
OST/BTC,1570781531203,2019-10-11T08:12:11.203Z,buy,1.5e-06,101.0,0.0001515
OST/BTC,1570781565359,2019-10-11T08:12:45.359Z,buy,1.5e-06,6666.0,0.009999
OST/BTC,1570781613988,2019-10-11T08:13:33.988Z,sell,1.49e-06,208750.0,0.3110374999999999
OST/BTC,1570781614400,2019-10-11T08:13:34.400Z,sell,1.49e-06,18891.0,0.02814759
OST/BTC,1570781614893,2019-10-11T08:13:34.893Z,sell,1.49e-06,7406.0,0.01103494
OST/BTC,1570781614893,2019-10-11T08:13:34.893Z,sell,1.49e-06,7406.0,0.01103494
OST/BTC,1570781702390,2019-10-11T08:15:02.390Z,buy,1.5e-06,98.0,0.000147
OST/BTC,1570781727019,2019-10-11T08:15:27.019Z,buy,1.5e-06,320.0,0.00048
OST/BTC,1570781804300,2019-10-11T08:16:44.300Z,sell,1.49e-06,33557.0,0.04999993
OST/BTC,1570781919199,2019-10-11T08:18:39.199Z,buy,1.5e-06,98.0,0.000147
OST/BTC,1570782073108,2019-10-11T08:21:13.108Z,sell,1.49e-06,3372.0,0.00502428
OST/BTC,1570782078833,2019-10-11T08:21:18.833Z,sell,1.49e-06,1216.0,0.00181184
OST/BTC,1570782296214,2019-10-11T08:24:56.214Z,sell,1.49e-06,29423.0,0.04384027
OST/BTC,1570782296278,2019-10-11T08:24:56.278Z,buy,1.49e-06,11087.0,0.01651963
OST/BTC,1570782297024,2019-10-11T08:24:57.024Z,sell,1.49e-06,1901.0,0.00283249
OST/BTC,1570782297024,2019-10-11T08:24:57.024Z,sell,1.48e-06,74592.0,0.11039616
OST/BTC,1570782297291,2019-10-11T08:24:57.291Z,sell,1.48e-06,24000.0,0.03552
OST/BTC,1570782311251,2019-10-11T08:25:11.251Z,sell,1.48e-06,11264.0,0.01667072
OST/BTC,1570782320760,2019-10-11T08:25:20.760Z,sell,1.48e-06,24000.0,0.03552
OST/BTC,1570782367056,2019-10-11T08:26:07.056Z,buy,1.49e-06,1657.0,0.00246893
OST/BTC,1570782367056,2019-10-11T08:26:07.056Z,buy,1.5e-06,89.0,0.0001335
OST/BTC,1570782374561,2019-10-11T08:26:14.561Z,buy,1.5e-06,1976.0,0.002964
OST/BTC,1570782386349,2019-10-11T08:26:26.349Z,buy,1.49e-06,756.0,0.00112644
OST/BTC,1570782425537,2019-10-11T08:27:05.537Z,sell,1.48e-06,7075.0,0.010471
OST/BTC,1570782764190,2019-10-11T08:32:44.190Z,buy,1.49e-06,145.0,0.00021605
OST/BTC,1570782772444,2019-10-11T08:32:52.444Z,buy,1.49e-06,855.0,0.00127395
OST/BTC,1570782772444,2019-10-11T08:32:52.444Z,buy,1.5e-06,485.0,0.0007275
OST/BTC,1570783025378,2019-10-11T08:37:05.378Z,buy,1.5e-06,2618.0,0.003927
OST/BTC,1570783393290,2019-10-11T08:43:13.290Z,sell,1.49e-06,80.0,0.0001192
OST/BTC,1570783512619,2019-10-11T08:45:12.619Z,buy,1.49e-06,251.0,0.00037399
OST/BTC,1570783788516,2019-10-11T08:49:48.516Z,buy,1.49e-06,6711.0,0.0099993899999999
OST/BTC,1570784112259,2019-10-11T08:55:12.259Z,buy,1.49e-06,7052.0,0.01050748
OST/BTC,1570784112259,2019-10-11T08:55:12.259Z,buy,1.5e-06,948.0,0.001422
OST/BTC,1570784339442,2019-10-11T08:58:59.442Z,buy,1.49e-06,164.0,0.00024436
OST/BTC,1570784349946,2019-10-11T08:59:09.946Z,buy,1.49e-06,2887.0,0.00430163
OST/BTC,1570784411235,2019-10-11T09:00:11.235Z,sell,1.48e-06,249.0,0.00036852
OST/BTC,1570784479310,2019-10-11T09:01:19.310Z,sell,1.48e-06,7811.0,0.01156028
OST/BTC,1570784531537,2019-10-11T09:02:11.537Z,sell,1.48e-06,64270.0,0.0951196
OST/BTC,1570784644735,2019-10-11T09:04:04.735Z,buy,1.49e-06,1738.0,0.00258962
OST/BTC,1570784644735,2019-10-11T09:04:04.735Z,buy,1.5e-06,98.0,0.000147
OST/BTC,1570785061102,2019-10-11T09:11:01.102Z,buy,1.49e-06,589.0,0.0008776099999999
OST/BTC,1570785061102,2019-10-11T09:11:01.102Z,buy,1.5e-06,11.0,1.65e-05
OST/BTC,1570785172098,2019-10-11T09:12:52.098Z,sell,1.49e-06,424.0,0.00063176
OST/BTC,1570785172098,2019-10-11T09:12:52.098Z,sell,1.49e-06,424.0,0.00063176
OST/BTC,1570785707256,2019-10-11T09:21:47.256Z,buy,1.5e-06,146.0,0.000219
OST/BTC,1570785734402,2019-10-11T09:22:14.402Z,buy,1.5e-06,10498.0,0.015747
OST/BTC,1570785779605,2019-10-11T09:22:59.605Z,buy,1.5e-06,167.0,0.0002505
OST/BTC,1570786064106,2019-10-11T09:27:44.106Z,sell,1.49e-06,5801.0,0.00864349
OST/BTC,1570786129697,2019-10-11T09:28:49.697Z,buy,1.5e-06,6150.0,0.009225
OST/BTC,1570786419932,2019-10-11T09:33:39.932Z,buy,1.5e-06,676.0,0.001014
OST/BTC,1570786895347,2019-10-11T09:41:35.347Z,buy,1.5e-06,2575.0,0.0038625
OST/BTC,1570786957616,2019-10-11T09:42:37.616Z,sell,1.49e-06,2996.0,0.00446404
OST/BTC,1570786958133,2019-10-11T09:42:38.133Z,sell,1.49e-06,424.0,0.00063176
OST/BTC,1570786959741,2019-10-11T09:42:39.741Z,sell,1.49e-06,1481.0,0.00220669
OST/BTC,1570786976083,2019-10-11T09:42:56.083Z,sell,1.49e-06,2996.0,0.00446404
OST/BTC,1570786979628,2019-10-11T09:42:59.628Z,sell,1.49e-06,2995.0,0.00446255
OST/BTC,1570786999443,2019-10-11T09:43:19.443Z,sell,1.49e-06,2995.0,0.00446255
OST/BTC,1570787010557,2019-10-11T09:43:30.557Z,sell,1.49e-06,2857.0,0.00425693
OST/BTC,1570787047679,2019-10-11T09:44:07.679Z,sell,1.49e-06,2857.0,0.00425693
OST/BTC,1570787063759,2019-10-11T09:44:23.759Z,sell,1.49e-06,1350.0,0.0020115
OST/BTC,1570787199216,2019-10-11T09:46:39.216Z,buy,1.5e-06,100016.0,0.150024
OST/BTC,1570787274231,2019-10-11T09:47:54.231Z,buy,1.5e-06,10442.0,0.015663
OST/BTC,1570787436067,2019-10-11T09:50:36.067Z,sell,1.49e-06,1425.0,0.0021232499999999
OST/BTC,1570787585228,2019-10-11T09:53:05.228Z,buy,1.5e-06,323.0,0.0004845
OST/BTC,1570787771990,2019-10-11T09:56:11.990Z,sell,1.49e-06,141673.0,0.2110927699999999
OST/BTC,1570787772190,2019-10-11T09:56:12.190Z,sell,1.49e-06,105.0,0.0001564499999999
OST/BTC,1570787778495,2019-10-11T09:56:18.495Z,sell,1.49e-06,400.0,0.000596
OST/BTC,1570787810497,2019-10-11T09:56:50.497Z,sell,1.49e-06,73293.0,0.1092065699999999
OST/BTC,1570787841349,2019-10-11T09:57:21.349Z,buy,1.49e-06,180.0,0.0002681999999999
OST/BTC,1570787842025,2019-10-11T09:57:22.025Z,buy,1.49e-06,183.0,0.00027267
OST/BTC,1570787842484,2019-10-11T09:57:22.484Z,buy,1.49e-06,176.0,0.00026224
OST/BTC,1570787894994,2019-10-11T09:58:14.994Z,buy,1.49e-06,9395.0,0.0139985499999999
OST/BTC,1570788012749,2019-10-11T10:00:12.749Z,buy,1.49e-06,255.0,0.00037995
OST/BTC,1570788096901,2019-10-11T10:01:36.901Z,sell,1.48e-06,91479.0,0.13538892
OST/BTC,1570788146421,2019-10-11T10:02:26.421Z,buy,1.49e-06,10010.0,0.0149149
OST/BTC,1570788146421,2019-10-11T10:02:26.421Z,buy,1.49e-06,10010.0,0.0149149
OST/BTC,1570788911273,2019-10-11T10:15:11.273Z,sell,1.48e-06,249.0,0.00036852
OST/BTC,1570789160800,2019-10-11T10:19:20.800Z,sell,1.48e-06,5192.0,0.00768416
OST/BTC,1570789373378,2019-10-11T10:22:53.378Z,sell,1.48e-06,43331.0,0.06412988
OST/BTC,1570789404734,2019-10-11T10:23:24.734Z,sell,1.48e-06,10748.0,0.01590704
OST/BTC,1570789404767,2019-10-11T10:23:24.767Z,buy,1.48e-06,318.0,0.00047064
OST/BTC,1570789404802,2019-10-11T10:23:24.802Z,buy,1.48e-06,424.0,0.00062752
OST/BTC,1570789404912,2019-10-11T10:23:24.912Z,buy,1.48e-06,253.0,0.00037444
OST/BTC,1570789413588,2019-10-11T10:23:33.588Z,buy,1.48e-06,8053.0,0.01191844
OST/BTC,1570790238686,2019-10-11T10:37:18.686Z,sell,1.48e-06,10500.0,0.01554
OST/BTC,1570790292307,2019-10-11T10:38:12.307Z,sell,1.48e-06,22485.0,0.0332778
OST/BTC,1570790324517,2019-10-11T10:38:44.517Z,buy,1.48e-06,10073.0,0.01490804
OST/BTC,1570790337996,2019-10-11T10:38:57.996Z,buy,1.48e-06,675.0,0.000999
OST/BTC,1570790369925,2019-10-11T10:39:29.925Z,buy,1.48e-06,675.0,0.000999
OST/BTC,1570790403859,2019-10-11T10:40:03.859Z,buy,1.48e-06,841.0,0.00124468
OST/BTC,1570790403862,2019-10-11T10:40:03.862Z,buy,1.48e-06,675.0,0.000999
OST/BTC,1570790403867,2019-10-11T10:40:03.867Z,buy,1.48e-06,841.0,0.00124468
OST/BTC,1570790403887,2019-10-11T10:40:03.887Z,buy,1.48e-06,484.0,0.00071632
OST/BTC,1570790528544,2019-10-11T10:42:08.544Z,sell,1.48e-06,6841.0,0.01012468
OST/BTC,1570790706285,2019-10-11T10:45:06.285Z,buy,1.48e-06,675.0,0.000999
OST/BTC,1570790712514,2019-10-11T10:45:12.514Z,buy,1.48e-06,251.0,0.00037148
OST/BTC,1570790733748,2019-10-11T10:45:33.748Z,buy,1.48e-06,5194.0,0.00768712
OST/BTC,1570790808909,2019-10-11T10:46:48.909Z,buy,1.48e-06,16129.0,0.02387092
OST/BTC,1570791129480,2019-10-11T10:52:09.480Z,buy,1.48e-06,3835.0,0.0056758
OST/BTC,1570791152587,2019-10-11T10:52:32.587Z,buy,1.49e-06,4034.0,0.0060106599999999
OST/BTC,1570791293034,2019-10-11T10:54:53.034Z,sell,1.48e-06,17000.0,0.02516
OST/BTC,1570791472030,2019-10-11T10:57:52.030Z,sell,1.48e-06,10737.0,0.01589076
OST/BTC,1570791611422,2019-10-11T11:00:11.422Z,sell,1.47e-06,238.0,0.0003498599999999
OST/BTC,1570791676996,2019-10-11T11:01:16.996Z,buy,1.48e-06,1554.0,0.00229992
OST/BTC,1570791676996,2019-10-11T11:01:16.996Z,buy,1.48e-06,1554.0,0.00229992
OST/BTC,1570791770751,2019-10-11T11:02:50.751Z,sell,1.47e-06,64610.0,0.0949767
OST/BTC,1570791772365,2019-10-11T11:02:52.365Z,sell,1.46e-06,3098.0,0.00452308
OST/BTC,1570791772365,2019-10-11T11:02:52.365Z,sell,1.46e-06,25284.0,0.03691464
OST/BTC,1570791777967,2019-10-11T11:02:57.967Z,buy,1.47e-06,13193.0,0.0193937099999999
OST/BTC,1570791840259,2019-10-11T11:04:00.259Z,buy,1.47e-06,567.0,0.00083349
OST/BTC,1570791891929,2019-10-11T11:04:51.929Z,buy,1.47e-06,200.0,0.000294
OST/BTC,1570791906350,2019-10-11T11:05:06.350Z,sell,1.46e-06,843.0,0.00123078
OST/BTC,1570791906533,2019-10-11T11:05:06.533Z,buy,1.47e-06,2456.0,0.0036103199999999
OST/BTC,1570791913649,2019-10-11T11:05:13.649Z,buy,1.47e-06,689.0,0.00101283
OST/BTC,1570791918189,2019-10-11T11:05:18.189Z,buy,1.47e-06,491.0,0.0007217699999999
OST/BTC,1570791918189,2019-10-11T11:05:18.189Z,buy,1.48e-06,9.0,1.332e-05
OST/BTC,1570791922801,2019-10-11T11:05:22.801Z,sell,1.46e-06,1113.0,0.00162498
OST/BTC,1570792050025,2019-10-11T11:07:30.025Z,buy,1.48e-06,375.0,0.000555
OST/BTC,1570792068758,2019-10-11T11:07:48.758Z,buy,1.48e-06,207.0,0.00030636
OST/BTC,1570792069192,2019-10-11T11:07:49.192Z,buy,1.48e-06,207.0,0.00030636
OST/BTC,1570792314584,2019-10-11T11:11:54.584Z,sell,1.47e-06,78.0,0.0001146599999999
OST/BTC,1570792314584,2019-10-11T11:11:54.584Z,sell,1.46e-06,752.0,0.00109792
OST/BTC,1570792329678,2019-10-11T11:12:09.678Z,buy,1.48e-06,98.0,0.00014504
OST/BTC,1570792355231,2019-10-11T11:12:35.231Z,buy,1.48e-06,1704.0,0.00252192
OST/BTC,1570792511469,2019-10-11T11:15:11.469Z,buy,1.48e-06,183.0,0.00027084
OST/BTC,1570792698428,2019-10-11T11:18:18.428Z,sell,1.46e-06,168925.0,0.2466305
OST/BTC,1570792698550,2019-10-11T11:18:18.550Z,sell,1.46e-06,17772.0,0.02594712
OST/BTC,1570792781672,2019-10-11T11:19:41.672Z,sell,1.46e-06,3421.0,0.00499466
OST/BTC,1570792785967,2019-10-11T11:19:45.967Z,sell,1.45e-06,2616.0,0.0037932
OST/BTC,1570792785967,2019-10-11T11:19:45.967Z,sell,1.45e-06,3921.0,0.00568545
OST/BTC,1570792788467,2019-10-11T11:19:48.467Z,sell,1.46e-06,243.0,0.00035478
OST/BTC,1570792788674,2019-10-11T11:19:48.674Z,sell,1.46e-06,78.0,0.00011388
OST/BTC,1570792788747,2019-10-11T11:19:48.747Z,sell,1.46e-06,1036.0,0.00151256
OST/BTC,1570792801891,2019-10-11T11:20:01.891Z,sell,1.46e-06,300.0,0.000438
OST/BTC,1570792822352,2019-10-11T11:20:22.352Z,buy,1.47e-06,143.0,0.0002102099999999
OST/BTC,1570793065136,2019-10-11T11:24:25.136Z,sell,1.46e-06,192.0,0.00028032
OST/BTC,1570793065136,2019-10-11T11:24:25.136Z,sell,1.45e-06,258385.0,0.37465825
OST/BTC,1570793065566,2019-10-11T11:24:25.566Z,buy,1.46e-06,1027.0,0.00149942
OST/BTC,1570793065566,2019-10-11T11:24:25.566Z,buy,1.46e-06,306.0,0.00044676
OST/BTC,1570793065591,2019-10-11T11:24:25.591Z,buy,1.46e-06,306.0,0.00044676
OST/BTC,1570793065609,2019-10-11T11:24:25.609Z,buy,1.46e-06,1027.0,0.00149942
OST/BTC,1570793066415,2019-10-11T11:24:26.415Z,sell,1.45e-06,130.0,0.0001885
OST/BTC,1570793099839,2019-10-11T11:24:59.839Z,buy,1.46e-06,269.0,0.00039274
OST/BTC,1570793102802,2019-10-11T11:25:02.802Z,buy,1.46e-06,684.0,0.00099864
OST/BTC,1570793102850,2019-10-11T11:25:02.850Z,buy,1.46e-06,684.0,0.00099864
OST/BTC,1570793102936,2019-10-11T11:25:02.936Z,buy,1.46e-06,10780.0,0.0157388
OST/BTC,1570793115290,2019-10-11T11:25:15.290Z,buy,1.46e-06,3931.0,0.00573926
OST/BTC,1570793410324,2019-10-11T11:30:10.324Z,buy,1.46e-06,662.0,0.00096652
OST/BTC,1570793411181,2019-10-11T11:30:11.181Z,sell,1.45e-06,157.0,0.00022765
OST/BTC,1570793411622,2019-10-11T11:30:11.622Z,buy,1.46e-06,1348.0,0.00196808
OST/BTC,1570793415290,2019-10-11T11:30:15.290Z,buy,1.46e-06,3380.0,0.0049348
OST/BTC,1570793415393,2019-10-11T11:30:15.393Z,buy,1.46e-06,8357.0,0.01220122
OST/BTC,1570793415605,2019-10-11T11:30:15.605Z,buy,1.46e-06,13709.0,0.02001514
OST/BTC,1570793415950,2019-10-11T11:30:15.950Z,buy,1.46e-06,14332.0,0.02092472
OST/BTC,1570793445121,2019-10-11T11:30:45.121Z,buy,1.47e-06,2420.0,0.0035573999999999
OST/BTC,1570793462942,2019-10-11T11:31:02.942Z,buy,1.47e-06,18340.0,0.0269598
OST/BTC,1570793517114,2019-10-11T11:31:57.114Z,buy,1.47e-06,10000.0,0.0147
OST/BTC,1570793522057,2019-10-11T11:32:02.057Z,sell,1.46e-06,82.0,0.00011972
OST/BTC,1570793601032,2019-10-11T11:33:21.032Z,sell,1.46e-06,1332.0,0.00194472
OST/BTC,1570793601120,2019-10-11T11:33:21.120Z,buy,1.46e-06,10907.0,0.01592422
OST/BTC,1570793654368,2019-10-11T11:34:14.368Z,buy,1.47e-06,96.0,0.00014112
OST/BTC,1570793715338,2019-10-11T11:35:15.338Z,buy,1.47e-06,4143.0,0.0060902099999999
OST/BTC,1570794178927,2019-10-11T11:42:58.927Z,buy,1.47e-06,847.0,0.00124509
OST/BTC,1570794178927,2019-10-11T11:42:58.927Z,buy,1.47e-06,847.0,0.00124509
OST/BTC,1570794178929,2019-10-11T11:42:58.929Z,buy,1.47e-06,680.0,0.0009996
OST/BTC,1570794190607,2019-10-11T11:43:10.607Z,buy,1.47e-06,98754.0,0.1451683799999999
OST/BTC,1570794375515,2019-10-11T11:46:15.515Z,sell,1.46e-06,82.0,0.00011972
OST/BTC,1570794375515,2019-10-11T11:46:15.515Z,sell,1.45e-06,316.0,0.0004582
OST/BTC,1570794378009,2019-10-11T11:46:18.009Z,sell,1.46e-06,243.0,0.00035478
OST/BTC,1570794400046,2019-10-11T11:46:40.046Z,sell,1.46e-06,416.0,0.00060736
OST/BTC,1570794454641,2019-10-11T11:47:34.641Z,buy,1.47e-06,326.0,0.00047922
OST/BTC,1570794468002,2019-10-11T11:47:48.002Z,sell,1.46e-06,246.0,0.00035916
OST/BTC,1570794469193,2019-10-11T11:47:49.193Z,sell,1.46e-06,99.0,0.00014454
OST/BTC,1570794490824,2019-10-11T11:48:10.824Z,buy,1.47e-06,427.0,0.00062769
OST/BTC,1570794688001,2019-10-11T11:51:28.001Z,buy,1.47e-06,208.0,0.0003057599999999
OST/BTC,1570794694827,2019-10-11T11:51:34.827Z,buy,1.47e-06,193.0,0.00028371
OST/BTC,1570794808385,2019-10-11T11:53:28.385Z,buy,1.47e-06,420.0,0.0006173999999999
OST/BTC,1570794808385,2019-10-11T11:53:28.385Z,buy,1.48e-06,55.0,8.14e-05
OST/BTC,1570795114261,2019-10-11T11:58:34.261Z,buy,1.48e-06,135.0,0.0001998
OST/BTC,1570795114261,2019-10-11T11:58:34.261Z,buy,1.48e-06,135.0,0.0001998
OST/BTC,1570795308783,2019-10-11T12:01:48.783Z,sell,1.47e-06,1064.0,0.0015640799999999
OST/BTC,1570795371339,2019-10-11T12:02:51.339Z,sell,1.46e-06,6821.0,0.00995866
OST/BTC,1570795376198,2019-10-11T12:02:56.198Z,buy,1.47e-06,937.0,0.0013773899999999
OST/BTC,1570795414347,2019-10-11T12:03:34.347Z,buy,1.48e-06,10893.0,0.01612164
OST/BTC,1570795422798,2019-10-11T12:03:42.798Z,sell,1.46e-06,482.0,0.00070372
OST/BTC,1570795451089,2019-10-11T12:04:11.089Z,buy,1.48e-06,177.0,0.00026196
OST/BTC,1570795633229,2019-10-11T12:07:13.229Z,buy,1.47e-06,130.0,0.0001910999999999
OST/BTC,1570795640095,2019-10-11T12:07:20.095Z,buy,1.48e-06,3520.0,0.0052096
OST/BTC,1570795640341,2019-10-11T12:07:20.341Z,buy,1.48e-06,5715.0,0.0084582
OST/BTC,1570795642064,2019-10-11T12:07:22.064Z,buy,1.48e-06,3220.0,0.0047656
OST/BTC,1570795643689,2019-10-11T12:07:23.689Z,buy,1.48e-06,3568.0,0.00528064
OST/BTC,1570795643941,2019-10-11T12:07:23.941Z,buy,1.48e-06,3235.0,0.0047878
OST/BTC,1570795647922,2019-10-11T12:07:27.922Z,buy,1.48e-06,3238.0,0.00479224
OST/BTC,1570795650785,2019-10-11T12:07:30.785Z,buy,1.48e-06,3587.0,0.00530876
OST/BTC,1570795652651,2019-10-11T12:07:32.651Z,buy,1.48e-06,3219.0,0.00476412
OST/BTC,1570795723161,2019-10-11T12:08:43.161Z,buy,1.48e-06,3469.0,0.00513412
OST/BTC,1570795724497,2019-10-11T12:08:44.497Z,buy,1.48e-06,3557.0,0.00526436
OST/BTC,1570795832067,2019-10-11T12:10:32.067Z,buy,1.48e-06,699.0,0.00103452
OST/BTC,1570795833050,2019-10-11T12:10:33.050Z,buy,1.48e-06,696.0,0.00103008
OST/BTC,1570795928530,2019-10-11T12:12:08.530Z,buy,1.48e-06,361.0,0.00053428
OST/BTC,1570796003678,2019-10-11T12:13:23.678Z,buy,1.48e-06,331.0,0.00048988
OST/BTC,1570796003696,2019-10-11T12:13:23.696Z,sell,1.48e-06,30.0,4.44e-05
OST/BTC,1570796297523,2019-10-11T12:18:17.523Z,buy,1.48e-06,520.0,0.0007696
OST/BTC,1570796370451,2019-10-11T12:19:30.451Z,buy,1.48e-06,4180.0,0.0061864
OST/BTC,1570796370465,2019-10-11T12:19:30.465Z,sell,1.48e-06,279.0,0.00041292
OST/BTC,1570796458427,2019-10-11T12:20:58.427Z,sell,1.47e-06,1495.0,0.0021976499999999
OST/BTC,1570796458462,2019-10-11T12:20:58.462Z,buy,1.47e-06,1431.0,0.00210357
OST/BTC,1570796562615,2019-10-11T12:22:42.615Z,sell,1.47e-06,89.0,0.00013083
OST/BTC,1570796722902,2019-10-11T12:25:22.902Z,sell,1.47e-06,2721.0,0.00399987
OST/BTC,1570797240751,2019-10-11T12:34:00.751Z,sell,1.47e-06,6027.0,0.00885969
OST/BTC,1570797244293,2019-10-11T12:34:04.293Z,sell,1.47e-06,6026.0,0.00885822
OST/BTC,1570797603816,2019-10-11T12:40:03.816Z,sell,1.47e-06,58452.0,0.0859244399999999
OST/BTC,1570797603849,2019-10-11T12:40:03.849Z,buy,1.47e-06,304.0,0.00044688
OST/BTC,1570797603852,2019-10-11T12:40:03.852Z,buy,1.47e-06,1020.0,0.0014994
OST/BTC,1570797603898,2019-10-11T12:40:03.898Z,buy,1.47e-06,1020.0,0.0014994
OST/BTC,1570797669423,2019-10-11T12:41:09.423Z,sell,1.46e-06,64696.0,0.09445616
OST/BTC,1570797683884,2019-10-11T12:41:23.884Z,buy,1.47e-06,694.0,0.0010201799999999
OST/BTC,1570797713342,2019-10-11T12:41:53.342Z,buy,1.47e-06,376.0,0.0005527199999999
OST/BTC,1570797745097,2019-10-11T12:42:25.097Z,buy,1.47e-06,172.0,0.00025284
OST/BTC,1570797887112,2019-10-11T12:44:47.112Z,sell,1.46e-06,13699.0,0.02000054
OST/BTC,1570797946367,2019-10-11T12:45:46.367Z,buy,1.47e-06,370.0,0.0005438999999999
OST/BTC,1570797949896,2019-10-11T12:45:49.896Z,buy,1.47e-06,369.0,0.00054243
OST/BTC,1570798017696,2019-10-11T12:46:57.696Z,buy,1.47e-06,9341.0,0.0137312699999999
OST/BTC,1570798115245,2019-10-11T12:48:35.245Z,buy,1.47e-06,1234.0,0.00181398
OST/BTC,1570798115245,2019-10-11T12:48:35.245Z,buy,1.48e-06,122.0,0.00018056
OST/BTC,1570798117145,2019-10-11T12:48:37.145Z,sell,1.47e-06,78.0,0.0001146599999999
OST/BTC,1570798131822,2019-10-11T12:48:51.822Z,buy,1.47e-06,769.0,0.00113043
OST/BTC,1570798131822,2019-10-11T12:48:51.822Z,buy,1.48e-06,47.0,6.956e-05
OST/BTC,1570798188114,2019-10-11T12:49:48.114Z,buy,1.48e-06,170.0,0.0002516
OST/BTC,1570798232495,2019-10-11T12:50:32.495Z,sell,1.47e-06,20408.0,0.0299997599999999
OST/BTC,1570798552148,2019-10-11T12:55:52.148Z,buy,1.48e-06,98.0,0.00014504
OST/BTC,1570798659573,2019-10-11T12:57:39.573Z,buy,1.48e-06,280.0,0.0004144
OST/BTC,1570798660894,2019-10-11T12:57:40.894Z,buy,1.48e-06,276.0,0.00040848
OST/BTC,1570798661056,2019-10-11T12:57:41.056Z,buy,1.48e-06,294.0,0.00043512
OST/BTC,1570798667681,2019-10-11T12:57:47.681Z,buy,1.48e-06,295.0,0.0004366
OST/BTC,1570798679971,2019-10-11T12:57:59.971Z,buy,1.48e-06,6757.0,0.01000036
OST/BTC,1570798679971,2019-10-11T12:57:59.971Z,buy,1.48e-06,6757.0,0.01000036
OST/BTC,1570798864942,2019-10-11T13:01:04.942Z,buy,1.48e-06,4047.0,0.00598956
OST/BTC,1570798949769,2019-10-11T13:02:29.769Z,buy,1.48e-06,12736.0,0.01884928
OST/BTC,1570798952013,2019-10-11T13:02:32.013Z,buy,1.48e-06,9552.0,0.01413696
OST/BTC,1570798953512,2019-10-11T13:02:33.512Z,buy,1.48e-06,7164.0,0.01060272
OST/BTC,1570798954938,2019-10-11T13:02:34.938Z,buy,1.48e-06,3436.0,0.00508528
OST/BTC,1570798954966,2019-10-11T13:02:34.966Z,sell,1.48e-06,627.0,0.00092796
OST/BTC,1570798954967,2019-10-11T13:02:34.967Z,sell,1.48e-06,1310.0,0.0019388
OST/BTC,1570798955252,2019-10-11T13:02:35.252Z,sell,1.47e-06,306.0,0.0004498199999999
OST/BTC,1570798974464,2019-10-11T13:02:54.464Z,buy,1.48e-06,4000.0,0.00592
OST/BTC,1570798980616,2019-10-11T13:03:00.616Z,buy,1.48e-06,3000.0,0.00444
OST/BTC,1570798988500,2019-10-11T13:03:08.500Z,buy,1.48e-06,1612.0,0.00238576
OST/BTC,1570798996100,2019-10-11T13:03:16.100Z,sell,1.48e-06,700.0,0.001036
OST/BTC,1570799019119,2019-10-11T13:03:39.119Z,sell,1.48e-06,6809.0,0.01007732
OST/BTC,1570799030224,2019-10-11T13:03:50.224Z,sell,1.47e-06,700.0,0.001029
OST/BTC,1570799277751,2019-10-11T13:07:57.751Z,buy,1.49e-06,170.0,0.0002533
OST/BTC,1570799319842,2019-10-11T13:08:39.842Z,sell,1.48e-06,19326.0,0.02860248
OST/BTC,1570799773511,2019-10-11T13:16:13.511Z,buy,1.48e-06,5000.0,0.0074
OST/BTC,1570799778624,2019-10-11T13:16:18.624Z,buy,1.48e-06,29115.0,0.0430902
OST/BTC,1570799796175,2019-10-11T13:16:36.175Z,buy,1.48e-06,131.0,0.00019388
OST/BTC,1570799823102,2019-10-11T13:17:03.102Z,sell,1.48e-06,1355.0,0.0020054
OST/BTC,1570799870126,2019-10-11T13:17:50.126Z,sell,1.48e-06,3014.0,0.00446072
OST/BTC,1570799887599,2019-10-11T13:18:07.599Z,buy,1.48e-06,363.0,0.00053724
OST/BTC,1570799896259,2019-10-11T13:18:16.259Z,buy,1.49e-06,307.0,0.00045743
OST/BTC,1570799897526,2019-10-11T13:18:17.526Z,buy,1.48e-06,78.0,0.00011544
OST/BTC,1570799898358,2019-10-11T13:18:18.358Z,buy,1.48e-06,243.0,0.00035964
OST/BTC,1570799904423,2019-10-11T13:18:24.423Z,buy,1.48e-06,300.0,0.000444
OST/BTC,1570800076195,2019-10-11T13:21:16.195Z,buy,1.49e-06,126.0,0.00018774
OST/BTC,1570800250037,2019-10-11T13:24:10.037Z,buy,1.49e-06,5594.0,0.00833506
OST/BTC,1570800606957,2019-10-11T13:30:06.957Z,sell,1.48e-06,2911.0,0.00430828
OST/BTC,1570800617412,2019-10-11T13:30:17.412Z,sell,1.48e-06,24259.0,0.03590332
OST/BTC,1570800617571,2019-10-11T13:30:17.571Z,sell,1.48e-06,94.0,0.00013912
OST/BTC,1570801161309,2019-10-11T13:39:21.309Z,sell,1.48e-06,2848.0,0.00421504
OST/BTC,1570801246659,2019-10-11T13:40:46.659Z,sell,1.48e-06,35396.0,0.05238608
OST/BTC,1570801570065,2019-10-11T13:46:10.065Z,sell,1.47e-06,2322.0,0.00341334
OST/BTC,1570801972799,2019-10-11T13:52:52.799Z,sell,1.47e-06,743.0,0.00109221
OST/BTC,1570802049519,2019-10-11T13:54:09.519Z,sell,1.47e-06,922.0,0.00135534
OST/BTC,1570802138833,2019-10-11T13:55:38.833Z,buy,1.48e-06,206599.0,0.30576652
OST/BTC,1570802139098,2019-10-11T13:55:39.098Z,sell,1.48e-06,94.0,0.00013912
OST/BTC,1570802144275,2019-10-11T13:55:44.275Z,sell,1.48e-06,40773.0,0.06034404
OST/BTC,1570802146698,2019-10-11T13:55:46.698Z,sell,1.48e-06,2480.0,0.0036704
OST/BTC,1570802168113,2019-10-11T13:56:08.113Z,sell,1.48e-06,69.0,0.00010212
OST/BTC,1570802198681,2019-10-11T13:56:38.681Z,buy,1.48e-06,1904.0,0.00281792
OST/BTC,1570802198681,2019-10-11T13:56:38.681Z,buy,1.48e-06,1904.0,0.00281792
OST/BTC,1570802347034,2019-10-11T13:59:07.034Z,buy,1.48e-06,9341.0,0.01382468
OST/BTC,1570802688959,2019-10-11T14:04:48.959Z,buy,1.48e-06,32640.0,0.0483072
OST/BTC,1570802935655,2019-10-11T14:08:55.655Z,buy,1.48e-06,33849.0,0.05009652
OST/BTC,1570802942288,2019-10-11T14:09:02.288Z,sell,1.48e-06,2027.0,0.00299996
OST/BTC,1570803711075,2019-10-11T14:21:51.075Z,sell,1.47e-06,221.0,0.00032487
OST/BTC,1570803777348,2019-10-11T14:22:57.348Z,sell,1.47e-06,14062.0,0.0206711399999999
OST/BTC,1570803925550,2019-10-11T14:25:25.550Z,buy,1.48e-06,8587.0,0.01270876
OST/BTC,1570803948291,2019-10-11T14:25:48.291Z,buy,1.48e-06,124.0,0.00018352
OST/BTC,1570803988632,2019-10-11T14:26:28.632Z,buy,1.49e-06,170.0,0.0002533
OST/BTC,1570804141788,2019-10-11T14:29:01.788Z,buy,1.49e-06,5000.0,0.00745
