symbol,timestamp,datetime,side,price,amount,btc_volume
PIVX/BTC,1606673241234,2020-11-29T18:07:21.234Z,buy,2.169e-05,55.0,0.00119295
PIVX/BTC,1606673241234,2020-11-29T18:07:21.234Z,buy,2.173e-05,131.0,0.00284663
PIVX/BTC,1606673301920,2020-11-29T18:08:21.920Z,sell,2.165e-05,32.0,0.0006928
PIVX/BTC,1606673558130,2020-11-29T18:12:38.130Z,buy,2.175e-05,293.0,0.00637275
PIVX/BTC,1606673558130,2020-11-29T18:12:38.130Z,buy,2.178e-05,55.0,0.0011979
PIVX/BTC,1606673558130,2020-11-29T18:12:38.130Z,buy,2.182e-05,55.0,0.0012001
PIVX/BTC,1606673558130,2020-11-29T18:12:38.130Z,buy,2.183e-05,501.0,0.01093683
PIVX/BTC,1606673558130,2020-11-29T18:12:38.130Z,buy,2.184e-05,34.0,0.00074256
PIVX/BTC,1606673558130,2020-11-29T18:12:38.130Z,buy,2.187e-05,55.0,0.0012028499999999
PIVX/BTC,1606673558130,2020-11-29T18:12:38.130Z,buy,2.191e-05,50.0,0.0010955
PIVX/BTC,1606673558130,2020-11-29T18:12:38.130Z,buy,2.192e-05,1585.0,0.0347432
PIVX/BTC,1606673560906,2020-11-29T18:12:40.906Z,sell,2.183e-05,55.0,0.00120065
PIVX/BTC,1606673562714,2020-11-29T18:12:42.714Z,sell,2.179e-05,55.0,0.00119845
PIVX/BTC,1606673562714,2020-11-29T18:12:42.714Z,sell,2.174e-05,55.0,0.0011956999999999
PIVX/BTC,1606673562714,2020-11-29T18:12:42.714Z,sell,2.173e-05,76.0,0.00165148
PIVX/BTC,1606673562714,2020-11-29T18:12:42.714Z,sell,2.172e-05,14.0,0.00030408
PIVX/BTC,1606673562758,2020-11-29T18:12:42.758Z,sell,2.171e-05,50.0,0.0010855
PIVX/BTC,1606673565492,2020-11-29T18:12:45.492Z,sell,2.174e-05,50.0,0.0010869999999999
PIVX/BTC,1606673567516,2020-11-29T18:12:47.516Z,sell,2.174e-05,7.0,0.00015218
PIVX/BTC,1606673584302,2020-11-29T18:13:04.302Z,sell,2.175e-05,28.0,0.000609
PIVX/BTC,1606673587646,2020-11-29T18:13:07.646Z,sell,2.176e-05,5.0,0.0001087999999999
PIVX/BTC,1606673672871,2020-11-29T18:14:32.871Z,buy,2.182e-05,55.0,0.0012001
PIVX/BTC,1606673814949,2020-11-29T18:16:54.949Z,buy,2.184e-05,34.0,0.00074256
PIVX/BTC,1606673814949,2020-11-29T18:16:54.949Z,buy,2.187e-05,55.0,0.0012028499999999
PIVX/BTC,1606673947970,2020-11-29T18:19:07.970Z,sell,2.19e-05,5.0,0.0001095
PIVX/BTC,1606673947985,2020-11-29T18:19:07.985Z,sell,2.19e-05,73.0,0.0015987
PIVX/BTC,1606674093003,2020-11-29T18:21:33.003Z,sell,2.19e-05,33.0,0.0007227
PIVX/BTC,1606674306376,2020-11-29T18:25:06.376Z,buy,2.191e-05,55.0,0.0012050499999999
PIVX/BTC,1606675464458,2020-11-29T18:44:24.458Z,sell,2.188e-05,55.0,0.0012034
PIVX/BTC,1606675464458,2020-11-29T18:44:24.458Z,sell,2.188e-05,55.0,0.0012034
PIVX/BTC,1606676293857,2020-11-29T18:58:13.857Z,sell,2.188e-05,50.0,0.001094
PIVX/BTC,1606676293857,2020-11-29T18:58:13.857Z,sell,2.187e-05,100.0,0.0021869999999999
PIVX/BTC,1606676556631,2020-11-29T19:02:36.631Z,sell,2.183e-05,55.0,0.00120065
PIVX/BTC,1606676556631,2020-11-29T19:02:36.631Z,sell,2.181e-05,445.0,0.00970545
PIVX/BTC,1606676570974,2020-11-29T19:02:50.974Z,sell,2.183e-05,447.0,0.00975801
PIVX/BTC,1606676672880,2020-11-29T19:04:32.880Z,buy,2.191e-05,55.0,0.0012050499999999
PIVX/BTC,1606676672918,2020-11-29T19:04:32.918Z,sell,2.192e-05,221.0,0.00484432
PIVX/BTC,1606676673110,2020-11-29T19:04:33.110Z,sell,2.192e-05,110.0,0.0024112
PIVX/BTC,1606676673312,2020-11-29T19:04:33.312Z,sell,2.192e-05,55.0,0.0012056
PIVX/BTC,1606677183110,2020-11-29T19:13:03.110Z,buy,2.193e-05,114.0,0.00250002
PIVX/BTC,1606677183110,2020-11-29T19:13:03.110Z,buy,2.194e-05,500.0,0.01097
PIVX/BTC,1606677183292,2020-11-29T19:13:03.292Z,buy,2.195e-05,123.0,0.00269985
PIVX/BTC,1606677183392,2020-11-29T19:13:03.392Z,buy,2.196e-05,55.0,0.0012078
PIVX/BTC,1606677183392,2020-11-29T19:13:03.392Z,buy,2.196e-05,55.0,0.0012078
PIVX/BTC,1606679414003,2020-11-29T19:50:14.003Z,sell,2.189e-05,12.0,0.00026268
PIVX/BTC,1606679425044,2020-11-29T19:50:25.044Z,sell,2.189e-05,30.0,0.0006567
PIVX/BTC,1606679425044,2020-11-29T19:50:25.044Z,sell,2.188e-05,37.0,0.00080956
PIVX/BTC,1606679776776,2020-11-29T19:56:16.776Z,sell,2.188e-05,18.0,0.00039384
PIVX/BTC,1606679776776,2020-11-29T19:56:16.776Z,sell,2.186e-05,236.0,0.00515896
PIVX/BTC,1606679776776,2020-11-29T19:56:16.776Z,sell,2.188e-05,18.0,0.00039384
PIVX/BTC,1606679776776,2020-11-29T19:56:16.776Z,sell,2.186e-05,236.0,0.00515896
PIVX/BTC,1606680972512,2020-11-29T20:16:12.512Z,sell,2.184e-05,12.0,0.00026208
PIVX/BTC,1606681363167,2020-11-29T20:22:43.167Z,sell,2.185e-05,22.0,0.0004807
PIVX/BTC,1606681646695,2020-11-29T20:27:26.695Z,sell,2.185e-05,203.0,0.00443555
PIVX/BTC,1606681741529,2020-11-29T20:29:01.529Z,sell,2.185e-05,243.0,0.00530955
PIVX/BTC,1606682711326,2020-11-29T20:45:11.326Z,sell,2.184e-05,830.0,0.0181272
PIVX/BTC,1606682790926,2020-11-29T20:46:30.926Z,sell,2.184e-05,25.0,0.000546
PIVX/BTC,1606682856049,2020-11-29T20:47:36.049Z,sell,2.184e-05,248.0,0.00541632
PIVX/BTC,1606682856049,2020-11-29T20:47:36.049Z,sell,2.183e-05,555.0,0.01211565
PIVX/BTC,1606682856049,2020-11-29T20:47:36.049Z,sell,2.182e-05,1616.0,0.03526112
PIVX/BTC,1606682856049,2020-11-29T20:47:36.049Z,sell,2.181e-05,124.0,0.00270444
PIVX/BTC,1606682856049,2020-11-29T20:47:36.049Z,sell,2.18e-05,368.0,0.0080224
PIVX/BTC,1606682856200,2020-11-29T20:47:36.200Z,sell,2.179e-05,314.0,0.00684206
PIVX/BTC,1606682856607,2020-11-29T20:47:36.607Z,sell,2.174e-05,140.0,0.0030435999999999
PIVX/BTC,1606682895772,2020-11-29T20:48:15.772Z,sell,2.177e-05,5.0,0.00010885
PIVX/BTC,1606682895772,2020-11-29T20:48:15.772Z,sell,2.171e-05,34.0,0.00073814
PIVX/BTC,1606682895772,2020-11-29T20:48:15.772Z,sell,2.17e-05,55.0,0.0011935
PIVX/BTC,1606682958700,2020-11-29T20:49:18.700Z,buy,2.168e-05,5.0,0.0001083999999999
PIVX/BTC,1606683187981,2020-11-29T20:53:07.981Z,buy,2.168e-05,5.0,0.0001083999999999
PIVX/BTC,1606683187981,2020-11-29T20:53:07.981Z,buy,2.168e-05,5.0,0.0001083999999999
PIVX/BTC,1606683694327,2020-11-29T21:01:34.327Z,buy,2.167e-05,158.0,0.00342386
PIVX/BTC,1606683740740,2020-11-29T21:02:20.740Z,buy,2.167e-05,259.0,0.00561253
PIVX/BTC,1606683743133,2020-11-29T21:02:23.133Z,buy,2.167e-05,311.0,0.00673937
PIVX/BTC,1606683746786,2020-11-29T21:02:26.786Z,sell,2.165e-05,23.0,0.00049795
PIVX/BTC,1606683746786,2020-11-29T21:02:26.786Z,sell,2.162e-05,34.0,0.0007350799999999
PIVX/BTC,1606683746786,2020-11-29T21:02:26.786Z,sell,2.161e-05,55.0,0.00118855
PIVX/BTC,1606683746786,2020-11-29T21:02:26.786Z,sell,2.157e-05,1139.0,0.02456823
PIVX/BTC,1606683838867,2020-11-29T21:03:58.867Z,buy,2.164e-05,34.0,0.00073576
PIVX/BTC,1606683889054,2020-11-29T21:04:49.054Z,buy,2.164e-05,76.0,0.00164464
PIVX/BTC,1606683889346,2020-11-29T21:04:49.346Z,buy,2.164e-05,76.0,0.00164464
PIVX/BTC,1606683889545,2020-11-29T21:04:49.545Z,buy,2.164e-05,76.0,0.00164464
PIVX/BTC,1606684326205,2020-11-29T21:12:06.205Z,sell,2.157e-05,297.0,0.0064062899999999
PIVX/BTC,1606684326205,2020-11-29T21:12:06.205Z,sell,2.156e-05,2213.0,0.04771228
PIVX/BTC,1606684326205,2020-11-29T21:12:06.205Z,sell,2.154e-05,76.0,0.00163704
PIVX/BTC,1606684326205,2020-11-29T21:12:06.205Z,sell,2.153e-05,34.0,0.00073202
PIVX/BTC,1606684326205,2020-11-29T21:12:06.205Z,sell,2.152e-05,56.0,0.00120512
PIVX/BTC,1606684326205,2020-11-29T21:12:06.205Z,sell,2.151e-05,515.0,0.01107765
PIVX/BTC,1606684326205,2020-11-29T21:12:06.205Z,sell,2.15e-05,500.0,0.01075
PIVX/BTC,1606684326205,2020-11-29T21:12:06.205Z,sell,2.149e-05,2813.0,0.06045137
PIVX/BTC,1606684326205,2020-11-29T21:12:06.205Z,sell,2.148e-05,56.0,0.00120288
PIVX/BTC,1606684326215,2020-11-29T21:12:06.215Z,buy,2.148e-05,1338.0,0.02874024
PIVX/BTC,1606684326216,2020-11-29T21:12:06.216Z,buy,2.148e-05,271.0,0.00582108
PIVX/BTC,1606684326220,2020-11-29T21:12:06.220Z,buy,2.148e-05,261.0,0.00560628
PIVX/BTC,1606684326221,2020-11-29T21:12:06.221Z,buy,2.148e-05,271.0,0.00582108
PIVX/BTC,1606684326221,2020-11-29T21:12:06.221Z,buy,2.148e-05,25.0,0.000537
PIVX/BTC,1606684326522,2020-11-29T21:12:06.522Z,sell,2.147e-05,7.0,0.00015029
PIVX/BTC,1606684329346,2020-11-29T21:12:09.346Z,buy,2.146e-05,15.0,0.0003219
PIVX/BTC,1606684329346,2020-11-29T21:12:09.346Z,buy,2.147e-05,363.0,0.0077936099999999
PIVX/BTC,1606684329346,2020-11-29T21:12:09.346Z,buy,2.148e-05,1520.0,0.0326496
PIVX/BTC,1606684329346,2020-11-29T21:12:09.346Z,buy,2.15e-05,1349.0,0.0290035
PIVX/BTC,1606684356301,2020-11-29T21:12:36.301Z,buy,2.15e-05,5.0,0.0001075
PIVX/BTC,1606684376501,2020-11-29T21:12:56.501Z,sell,2.144e-05,125.0,0.00268
PIVX/BTC,1606684376608,2020-11-29T21:12:56.608Z,buy,2.144e-05,49.0,0.00105056
PIVX/BTC,1606684390325,2020-11-29T21:13:10.325Z,buy,2.149e-05,271.0,0.00582379
PIVX/BTC,1606684592079,2020-11-29T21:16:32.079Z,buy,2.15e-05,5.0,0.0001075
PIVX/BTC,1606684694189,2020-11-29T21:18:14.189Z,buy,2.15e-05,5.0,0.0001075
PIVX/BTC,1606684694200,2020-11-29T21:18:14.200Z,buy,2.156e-05,56.0,0.00120736
PIVX/BTC,1606685605149,2020-11-29T21:33:25.149Z,buy,2.157e-05,34.0,0.00073338
PIVX/BTC,1606685605149,2020-11-29T21:33:25.149Z,buy,2.16e-05,66.0,0.0014256
PIVX/BTC,1606685605166,2020-11-29T21:33:25.166Z,buy,2.16e-05,250.0,0.0054
PIVX/BTC,1606685883499,2020-11-29T21:38:03.499Z,buy,2.164e-05,55.0,0.0011902
PIVX/BTC,1606686079671,2020-11-29T21:41:19.671Z,sell,2.156e-05,223.0,0.00480788
PIVX/BTC,1606686136692,2020-11-29T21:42:16.692Z,buy,2.164e-05,1.0,2.164e-05
PIVX/BTC,1606686191769,2020-11-29T21:43:11.769Z,buy,2.164e-05,54.0,0.00116856
PIVX/BTC,1606686191769,2020-11-29T21:43:11.769Z,buy,2.166e-05,34.0,0.00073644
PIVX/BTC,1606686438841,2020-11-29T21:47:18.841Z,buy,2.169e-05,55.0,0.00119295
PIVX/BTC,1606686438841,2020-11-29T21:47:18.841Z,buy,2.17e-05,18.0,0.0003905999999999
PIVX/BTC,1606686438841,2020-11-29T21:47:18.841Z,buy,2.169e-05,55.0,0.00119295
PIVX/BTC,1606686438841,2020-11-29T21:47:18.841Z,buy,2.17e-05,18.0,0.0003905999999999
PIVX/BTC,1606687443882,2020-11-29T22:04:03.882Z,sell,2.162e-05,39.0,0.00084318
PIVX/BTC,1606687443900,2020-11-29T22:04:03.900Z,buy,2.162e-05,39.0,0.00084318
PIVX/BTC,1606687443902,2020-11-29T22:04:03.902Z,buy,2.162e-05,39.0,0.00084318
PIVX/BTC,1606687495068,2020-11-29T22:04:55.068Z,buy,2.162e-05,2.0,4.324e-05
PIVX/BTC,1606687581601,2020-11-29T22:06:21.601Z,sell,2.162e-05,76.0,0.00164312
PIVX/BTC,1606687640639,2020-11-29T22:07:20.639Z,sell,2.161e-05,41.0,0.00088601
PIVX/BTC,1606687729296,2020-11-29T22:08:49.296Z,sell,2.161e-05,38.0,0.00082118
PIVX/BTC,1606688027948,2020-11-29T22:13:47.948Z,sell,2.163e-05,40.0,0.0008652
PIVX/BTC,1606689324330,2020-11-29T22:35:24.330Z,buy,2.169e-05,55.0,0.00119295
PIVX/BTC,1606689324330,2020-11-29T22:35:24.330Z,buy,2.17e-05,21.0,0.0004556999999999
PIVX/BTC,1606689885531,2020-11-29T22:44:45.531Z,sell,2.161e-05,55.0,0.00118855
PIVX/BTC,1606689979123,2020-11-29T22:46:19.123Z,buy,2.161e-05,50.0,0.0010805
PIVX/BTC,1606689979138,2020-11-29T22:46:19.138Z,buy,2.161e-05,13.0,0.00028093
PIVX/BTC,1606689979138,2020-11-29T22:46:19.138Z,buy,2.161e-05,13.0,0.00028093
PIVX/BTC,1606690338806,2020-11-29T22:52:18.806Z,sell,2.161e-05,5.0,0.00010805
PIVX/BTC,1606690338806,2020-11-29T22:52:18.806Z,sell,2.157e-05,76.0,0.0016393199999999
PIVX/BTC,1606690338814,2020-11-29T22:52:18.814Z,buy,2.157e-05,19.0,0.0004098299999999
PIVX/BTC,1606690338848,2020-11-29T22:52:18.848Z,buy,2.157e-05,12.0,0.00025884
PIVX/BTC,1606690338858,2020-11-29T22:52:18.858Z,buy,2.157e-05,12.0,0.00025884
PIVX/BTC,1606690338868,2020-11-29T22:52:18.868Z,buy,2.157e-05,10.0,0.0002156999999999
PIVX/BTC,1606690338870,2020-11-29T22:52:18.870Z,buy,2.157e-05,58.0,0.00125106
PIVX/BTC,1606690389507,2020-11-29T22:53:09.507Z,sell,2.158e-05,346.0,0.00746668
PIVX/BTC,1606690389507,2020-11-29T22:53:09.507Z,sell,2.156e-05,1062.0,0.02289672
PIVX/BTC,1606691253628,2020-11-29T23:07:33.628Z,sell,2.156e-05,5.0,0.0001078
PIVX/BTC,1606691253628,2020-11-29T23:07:33.628Z,sell,2.155e-05,2615.0,0.0563532499999999
PIVX/BTC,1606691255987,2020-11-29T23:07:35.987Z,sell,2.155e-05,100.0,0.002155
PIVX/BTC,1606691700911,2020-11-29T23:15:00.911Z,sell,2.154e-05,30.0,0.0006462
PIVX/BTC,1606692109050,2020-11-29T23:21:49.050Z,buy,2.162e-05,5.0,0.0001081
PIVX/BTC,1606692336470,2020-11-29T23:25:36.470Z,sell,2.154e-05,5.0,0.0001077
PIVX/BTC,1606692336470,2020-11-29T23:25:36.470Z,sell,2.153e-05,66.0,0.0014209799999999
PIVX/BTC,1606692697490,2020-11-29T23:31:37.490Z,sell,2.152e-05,430.0,0.0092536
PIVX/BTC,1606693008659,2020-11-29T23:36:48.659Z,buy,2.16e-05,56.0,0.0012096
PIVX/BTC,1606693008659,2020-11-29T23:36:48.659Z,buy,2.163e-05,244.0,0.00527772
PIVX/BTC,1606693265896,2020-11-29T23:41:05.896Z,buy,2.162e-05,341.0,0.00737242
PIVX/BTC,1606693265896,2020-11-29T23:41:05.896Z,buy,2.164e-05,55.0,0.0011902
PIVX/BTC,1606693265896,2020-11-29T23:41:05.896Z,buy,2.166e-05,34.0,0.00073644
PIVX/BTC,1606693265896,2020-11-29T23:41:05.896Z,buy,2.169e-05,55.0,0.00119295
PIVX/BTC,1606693265896,2020-11-29T23:41:05.896Z,buy,2.17e-05,96.0,0.0020832
PIVX/BTC,1606693265896,2020-11-29T23:41:05.896Z,buy,2.171e-05,505.0,0.01096355
PIVX/BTC,1606693265896,2020-11-29T23:41:05.896Z,buy,2.172e-05,52.0,0.00112944
PIVX/BTC,1606693476178,2020-11-29T23:44:36.178Z,sell,2.161e-05,55.0,0.00118855
PIVX/BTC,1606693476178,2020-11-29T23:44:36.178Z,sell,2.156e-05,5.0,0.0001078
PIVX/BTC,1606693492676,2020-11-29T23:44:52.676Z,sell,2.158e-05,576.0,0.01243008
PIVX/BTC,1606693492676,2020-11-29T23:44:52.676Z,sell,2.157e-05,2705.0,0.05834685
PIVX/BTC,1606693492676,2020-11-29T23:44:52.676Z,sell,2.156e-05,50.0,0.001078
PIVX/BTC,1606693492676,2020-11-29T23:44:52.676Z,sell,2.153e-05,34.0,0.00073202
PIVX/BTC,1606693492676,2020-11-29T23:44:52.676Z,sell,2.152e-05,2184.0,0.04699968
PIVX/BTC,1606693492676,2020-11-29T23:44:52.676Z,sell,2.149e-05,2613.0,0.05615337
PIVX/BTC,1606693492676,2020-11-29T23:44:52.676Z,sell,2.148e-05,986.0,0.02117928
PIVX/BTC,1606693492846,2020-11-29T23:44:52.846Z,sell,2.158e-05,76.0,0.00164008
PIVX/BTC,1606693492846,2020-11-29T23:44:52.846Z,sell,2.158e-05,76.0,0.00164008
PIVX/BTC,1606693648363,2020-11-29T23:47:28.363Z,sell,2.144e-05,45.0,0.0009648
PIVX/BTC,1606694421483,2020-11-30T00:00:21.483Z,buy,2.156e-05,6.0,0.00012936
PIVX/BTC,1606694432634,2020-11-30T00:00:32.634Z,buy,2.156e-05,2.0,4.312e-05
PIVX/BTC,1606695080047,2020-11-30T00:11:20.047Z,buy,2.156e-05,9.0,0.00019404
PIVX/BTC,1606695143135,2020-11-30T00:12:23.135Z,buy,2.156e-05,2.0,4.312e-05
PIVX/BTC,1606695397891,2020-11-30T00:16:37.891Z,buy,2.155e-05,6.0,0.0001293
PIVX/BTC,1606695397891,2020-11-30T00:16:37.891Z,buy,2.156e-05,3.0,6.468e-05
PIVX/BTC,1606695437139,2020-11-30T00:17:17.139Z,buy,2.156e-05,9.0,0.00019404
PIVX/BTC,1606695460886,2020-11-30T00:17:40.886Z,buy,2.156e-05,9.0,0.00019404
PIVX/BTC,1606695499886,2020-11-30T00:18:19.886Z,buy,2.156e-05,9.0,0.00019404
PIVX/BTC,1606695558248,2020-11-30T00:19:18.248Z,buy,2.156e-05,7.0,0.00015092
PIVX/BTC,1606695580899,2020-11-30T00:19:40.899Z,buy,2.157e-05,9.0,0.0001941299999999
PIVX/BTC,1606695652727,2020-11-30T00:20:52.727Z,buy,2.157e-05,9.0,0.0001941299999999
PIVX/BTC,1606695722587,2020-11-30T00:22:02.587Z,buy,2.157e-05,16.0,0.00034512
PIVX/BTC,1606695730229,2020-11-30T00:22:10.229Z,sell,2.157e-05,1100.0,0.0237269999999999
PIVX/BTC,1606695968687,2020-11-30T00:26:08.687Z,sell,2.157e-05,370.0,0.0079808999999999
PIVX/BTC,1606695968747,2020-11-30T00:26:08.747Z,buy,2.16e-05,56.0,0.0012096
PIVX/BTC,1606695976632,2020-11-30T00:26:16.632Z,sell,2.157e-05,106.0,0.00228642
PIVX/BTC,1606695976632,2020-11-30T00:26:16.632Z,sell,2.155e-05,9.0,0.00019395
PIVX/BTC,1606695976632,2020-11-30T00:26:16.632Z,sell,2.154e-05,244.0,0.00525576
PIVX/BTC,1606696129352,2020-11-30T00:28:49.352Z,sell,2.154e-05,178.0,0.00383412
PIVX/BTC,1606696131979,2020-11-30T00:28:51.979Z,sell,2.154e-05,100.0,0.002154
PIVX/BTC,1606696332580,2020-11-30T00:32:12.580Z,buy,2.162e-05,1022.0,0.02209564
PIVX/BTC,1606696395152,2020-11-30T00:33:15.152Z,sell,2.158e-05,8.0,0.00017264
PIVX/BTC,1606696643023,2020-11-30T00:37:23.023Z,sell,2.152e-05,14.0,0.00030128
PIVX/BTC,1606696737888,2020-11-30T00:38:57.888Z,sell,2.152e-05,42.0,0.00090384
PIVX/BTC,1606696737888,2020-11-30T00:38:57.888Z,sell,2.148e-05,8.0,0.00017184
PIVX/BTC,1606696758921,2020-11-30T00:39:18.921Z,buy,2.16e-05,2.0,4.32e-05
PIVX/BTC,1606696837106,2020-11-30T00:40:37.106Z,sell,2.148e-05,5.0,0.0001074
PIVX/BTC,1606696837106,2020-11-30T00:40:37.106Z,sell,2.148e-05,5.0,0.0001074
PIVX/BTC,1606697549701,2020-11-30T00:52:29.701Z,buy,2.16e-05,54.0,0.0011664
PIVX/BTC,1606697549701,2020-11-30T00:52:29.701Z,buy,2.162e-05,96.0,0.00207552
PIVX/BTC,1606697549701,2020-11-30T00:52:29.701Z,buy,2.163e-05,487.0,0.01053381
PIVX/BTC,1606697549701,2020-11-30T00:52:29.701Z,buy,2.164e-05,233.0,0.00504212
PIVX/BTC,1606697549701,2020-11-30T00:52:29.701Z,buy,2.166e-05,43.0,0.00093138
PIVX/BTC,1606697549701,2020-11-30T00:52:29.701Z,buy,2.168e-05,89.0,0.0019295199999999
PIVX/BTC,1606697549912,2020-11-30T00:52:29.912Z,buy,2.162e-05,96.0,0.00207552
PIVX/BTC,1606697601186,2020-11-30T00:53:21.186Z,buy,2.169e-05,154.0,0.00334026
PIVX/BTC,1606697601186,2020-11-30T00:53:21.186Z,buy,2.17e-05,153.0,0.0033201
PIVX/BTC,1606697613252,2020-11-30T00:53:33.252Z,sell,2.161e-05,55.0,0.00118855
PIVX/BTC,1606697851385,2020-11-30T00:57:31.385Z,sell,2.156e-05,55.0,0.0011858
PIVX/BTC,1606697851385,2020-11-30T00:57:31.385Z,sell,2.153e-05,610.0,0.0131332999999999
PIVX/BTC,1606697851385,2020-11-30T00:57:31.385Z,sell,2.152e-05,315.0,0.0067788
PIVX/BTC,1606697851385,2020-11-30T00:57:31.385Z,sell,2.15e-05,450.0,0.009675
PIVX/BTC,1606697851385,2020-11-30T00:57:31.385Z,sell,2.149e-05,194.0,0.00416906
PIVX/BTC,1606697851385,2020-11-30T00:57:31.385Z,sell,2.148e-05,78.0,0.00167544
PIVX/BTC,1606697851385,2020-11-30T00:57:31.385Z,sell,2.145e-05,279.0,0.00598455
PIVX/BTC,1606697851385,2020-11-30T00:57:31.385Z,sell,2.144e-05,2631.0,0.05640864
PIVX/BTC,1606697851385,2020-11-30T00:57:31.385Z,sell,2.143e-05,63.0,0.00135009
PIVX/BTC,1606697851385,2020-11-30T00:57:31.385Z,sell,2.141e-05,243.0,0.00520263
PIVX/BTC,1606697851385,2020-11-30T00:57:31.385Z,sell,2.14e-05,191.0,0.0040874
PIVX/BTC,1606697851385,2020-11-30T00:57:31.385Z,sell,2.139e-05,891.0,0.01905849
PIVX/BTC,1606697851466,2020-11-30T00:57:31.466Z,sell,2.139e-05,910.0,0.0194649
PIVX/BTC,1606697851564,2020-11-30T00:57:31.564Z,sell,2.153e-05,76.0,0.00163628
PIVX/BTC,1606697852167,2020-11-30T00:57:32.167Z,sell,2.136e-05,5.0,0.0001068
PIVX/BTC,1606697852167,2020-11-30T00:57:32.167Z,sell,2.135e-05,34.0,0.0007259
PIVX/BTC,1606697852167,2020-11-30T00:57:32.167Z,sell,2.134e-05,56.0,0.0011950399999999
PIVX/BTC,1606697852167,2020-11-30T00:57:32.167Z,sell,2.131e-05,266.0,0.00566846
PIVX/BTC,1606697852167,2020-11-30T00:57:32.167Z,sell,2.13e-05,56.0,0.0011928
PIVX/BTC,1606697852167,2020-11-30T00:57:32.167Z,sell,2.126e-05,147.0,0.00312522
PIVX/BTC,1606697852167,2020-11-30T00:57:32.167Z,sell,2.125e-05,266.0,0.0056525
PIVX/BTC,1606697852499,2020-11-30T00:57:32.499Z,sell,2.126e-05,95.0,0.0020197
PIVX/BTC,1606697854904,2020-11-30T00:57:34.904Z,buy,2.139e-05,9.0,0.00019251
PIVX/BTC,1606697860893,2020-11-30T00:57:40.893Z,buy,2.134e-05,49.0,0.00104566
PIVX/BTC,1606697916369,2020-11-30T00:58:36.369Z,buy,2.134e-05,5.0,0.0001066999999999
PIVX/BTC,1606697938920,2020-11-30T00:58:58.920Z,buy,2.134e-05,2.0,4.268e-05
PIVX/BTC,1606697938920,2020-11-30T00:58:58.920Z,buy,2.138e-05,7.0,0.00014966
PIVX/BTC,1606698008451,2020-11-30T01:00:08.451Z,buy,2.138e-05,49.0,0.00104762
PIVX/BTC,1606698139312,2020-11-30T01:02:19.312Z,sell,2.138e-05,129.0,0.00275802
PIVX/BTC,1606698139312,2020-11-30T01:02:19.312Z,sell,2.133e-05,5.0,0.00010665
PIVX/BTC,1606698531394,2020-11-30T01:08:51.394Z,buy,2.139e-05,114.0,0.00243846
PIVX/BTC,1606698531520,2020-11-30T01:08:51.520Z,buy,2.142e-05,73.0,0.00156366
PIVX/BTC,1606698855349,2020-11-30T01:14:15.349Z,buy,2.144e-05,260.0,0.0055744
PIVX/BTC,1606698855823,2020-11-30T01:14:15.823Z,buy,2.147e-05,56.0,0.00120232
PIVX/BTC,1606699124595,2020-11-30T01:18:44.595Z,buy,2.147e-05,2.0,4.294e-05
PIVX/BTC,1606699336421,2020-11-30T01:22:16.421Z,buy,2.147e-05,2.0,4.294e-05
PIVX/BTC,1606699617899,2020-11-30T01:26:57.899Z,buy,2.147e-05,1.0,2.147e-05
PIVX/BTC,1606699617899,2020-11-30T01:26:57.899Z,buy,2.148e-05,1.0,2.148e-05
PIVX/BTC,1606699617899,2020-11-30T01:26:57.899Z,buy,2.147e-05,1.0,2.147e-05
PIVX/BTC,1606699617899,2020-11-30T01:26:57.899Z,buy,2.148e-05,1.0,2.148e-05
PIVX/BTC,1606701075166,2020-11-30T01:51:15.166Z,sell,2.139e-05,56.0,0.00119784
PIVX/BTC,1606701075166,2020-11-30T01:51:15.166Z,sell,2.134e-05,44.0,0.00093896
PIVX/BTC,1606701076716,2020-11-30T01:51:16.716Z,sell,2.135e-05,76.0,0.0016226
PIVX/BTC,1606701076716,2020-11-30T01:51:16.716Z,sell,2.134e-05,24.0,0.00051216
PIVX/BTC,1606701570030,2020-11-30T01:59:30.030Z,sell,2.136e-05,5.0,0.0001068
PIVX/BTC,1606701570030,2020-11-30T01:59:30.030Z,sell,2.134e-05,34.0,0.00072556
PIVX/BTC,1606701570030,2020-11-30T01:59:30.030Z,sell,2.133e-05,4.0,8.532e-05
PIVX/BTC,1606701570030,2020-11-30T01:59:30.030Z,sell,2.13e-05,166.0,0.0035358
PIVX/BTC,1606701570030,2020-11-30T01:59:30.030Z,sell,2.128e-05,582.0,0.01238496
PIVX/BTC,1606701584772,2020-11-30T01:59:44.772Z,sell,2.128e-05,43.0,0.00091504
PIVX/BTC,1606701584772,2020-11-30T01:59:44.772Z,sell,2.126e-05,90.0,0.0019134
PIVX/BTC,1606701584772,2020-11-30T01:59:44.772Z,sell,2.124e-05,204.0,0.00433296
PIVX/BTC,1606701747502,2020-11-30T02:02:27.502Z,buy,2.134e-05,56.0,0.0011950399999999
PIVX/BTC,1606701747502,2020-11-30T02:02:27.502Z,buy,2.138e-05,56.0,0.00119728
PIVX/BTC,1606701747502,2020-11-30T02:02:27.502Z,buy,2.139e-05,34.0,0.00072726
PIVX/BTC,1606701747502,2020-11-30T02:02:27.502Z,buy,2.14e-05,96.0,0.0020543999999999
PIVX/BTC,1606701747502,2020-11-30T02:02:27.502Z,buy,2.141e-05,500.0,0.010705
PIVX/BTC,1606701747502,2020-11-30T02:02:27.502Z,buy,2.142e-05,56.0,0.00119952
PIVX/BTC,1606701747502,2020-11-30T02:02:27.502Z,buy,2.144e-05,9.0,0.00019296
PIVX/BTC,1606701747502,2020-11-30T02:02:27.502Z,buy,2.145e-05,66.0,0.0014157
PIVX/BTC,1606701747502,2020-11-30T02:02:27.502Z,buy,2.146e-05,2441.0,0.05238386
PIVX/BTC,1606701747502,2020-11-30T02:02:27.502Z,buy,2.147e-05,1391.0,0.02986477
PIVX/BTC,1606701747502,2020-11-30T02:02:27.502Z,buy,2.148e-05,220.0,0.0047256
PIVX/BTC,1606701748138,2020-11-30T02:02:28.138Z,buy,2.146e-05,596.0,0.01279016
PIVX/BTC,1606701748138,2020-11-30T02:02:28.138Z,buy,2.147e-05,1833.0,0.03935451
PIVX/BTC,1606701749634,2020-11-30T02:02:29.634Z,buy,2.145e-05,76.0,0.0016302
PIVX/BTC,1606701749634,2020-11-30T02:02:29.634Z,buy,2.146e-05,24.0,0.00051504
PIVX/BTC,1606702062667,2020-11-30T02:07:42.667Z,buy,2.148e-05,63.0,0.00135324
PIVX/BTC,1606702063727,2020-11-30T02:07:43.727Z,buy,2.148e-05,8.0,0.00017184
PIVX/BTC,1606702063727,2020-11-30T02:07:43.727Z,buy,2.15e-05,92.0,0.001978
PIVX/BTC,1606702064852,2020-11-30T02:07:44.852Z,buy,2.15e-05,12.0,0.000258
PIVX/BTC,1606702064852,2020-11-30T02:07:44.852Z,buy,2.151e-05,56.0,0.00120456
PIVX/BTC,1606702064852,2020-11-30T02:07:44.852Z,buy,2.153e-05,284.0,0.00611452
PIVX/BTC,1606702064852,2020-11-30T02:07:44.852Z,buy,2.154e-05,2552.0,0.05497008
PIVX/BTC,1606702069616,2020-11-30T02:07:49.616Z,buy,2.154e-05,68.0,0.00146472
PIVX/BTC,1606702069616,2020-11-30T02:07:49.616Z,buy,2.155e-05,3.0,6.465e-05
PIVX/BTC,1606702733979,2020-11-30T02:18:53.979Z,sell,2.143e-05,56.0,0.00120008
PIVX/BTC,1606702733979,2020-11-30T02:18:53.979Z,sell,2.139e-05,44.0,0.00094116
PIVX/BTC,1606702734154,2020-11-30T02:18:54.154Z,sell,2.139e-05,50.0,0.0010695
PIVX/BTC,1606702734509,2020-11-30T02:18:54.509Z,sell,2.139e-05,163.0,0.00348657
PIVX/BTC,1606702735392,2020-11-30T02:18:55.392Z,sell,2.141e-05,76.0,0.0016271599999999
PIVX/BTC,1606702735392,2020-11-30T02:18:55.392Z,sell,2.14e-05,24.0,0.0005135999999999
PIVX/BTC,1606702868530,2020-11-30T02:21:08.530Z,sell,2.137e-05,76.0,0.00162412
PIVX/BTC,1606702868530,2020-11-30T02:21:08.530Z,sell,2.135e-05,34.0,0.0007259
PIVX/BTC,1606702868587,2020-11-30T02:21:08.587Z,buy,2.136e-05,56.0,0.00119616
PIVX/BTC,1606702868587,2020-11-30T02:21:08.587Z,buy,2.136e-05,56.0,0.00119616
PIVX/BTC,1606703309592,2020-11-30T02:28:29.592Z,sell,2.134e-05,56.0,0.0011950399999999
PIVX/BTC,1606703309592,2020-11-30T02:28:29.592Z,sell,2.133e-05,9.0,0.00019197
PIVX/BTC,1606703309592,2020-11-30T02:28:29.592Z,sell,2.132e-05,76.0,0.00162032
PIVX/BTC,1606703309619,2020-11-30T02:28:29.619Z,buy,2.132e-05,65.0,0.0013858
PIVX/BTC,1606704602789,2020-11-30T02:50:02.789Z,sell,2.131e-05,500.0,0.010655
PIVX/BTC,1606704602789,2020-11-30T02:50:02.789Z,sell,2.13e-05,244.0,0.0051972
PIVX/BTC,1606704604873,2020-11-30T02:50:04.873Z,sell,2.129e-05,76.0,0.00161804
PIVX/BTC,1606704612302,2020-11-30T02:50:12.302Z,sell,2.128e-05,305.0,0.0064903999999999
PIVX/BTC,1606705221370,2020-11-30T03:00:21.370Z,buy,2.137e-05,9.0,0.00019233
PIVX/BTC,1606705221370,2020-11-30T03:00:21.370Z,buy,2.138e-05,56.0,0.00119728
PIVX/BTC,1606705221370,2020-11-30T03:00:21.370Z,buy,2.142e-05,56.0,0.00119952
PIVX/BTC,1606705221370,2020-11-30T03:00:21.370Z,buy,2.144e-05,9.0,0.00019296
PIVX/BTC,1606705221370,2020-11-30T03:00:21.370Z,buy,2.146e-05,96.0,0.00206016
PIVX/BTC,1606705221370,2020-11-30T03:00:21.370Z,buy,2.147e-05,556.0,0.01193732
PIVX/BTC,1606705221370,2020-11-30T03:00:21.370Z,buy,2.148e-05,222.0,0.00476856
PIVX/BTC,1606705221370,2020-11-30T03:00:21.370Z,buy,2.151e-05,536.0,0.0115293599999999
PIVX/BTC,1606705222202,2020-11-30T03:00:22.202Z,buy,2.149e-05,100.0,0.002149
PIVX/BTC,1606705225539,2020-11-30T03:00:25.539Z,sell,2.143e-05,56.0,0.00120008
PIVX/BTC,1606705266782,2020-11-30T03:01:06.782Z,sell,2.139e-05,56.0,0.00119784
PIVX/BTC,1606705802084,2020-11-30T03:10:02.084Z,sell,2.135e-05,34.0,0.0007259
PIVX/BTC,1606705802084,2020-11-30T03:10:02.084Z,sell,2.135e-05,34.0,0.0007259
PIVX/BTC,1606706802553,2020-11-30T03:26:42.553Z,buy,2.143e-05,93.0,0.00199299
PIVX/BTC,1606706802553,2020-11-30T03:26:42.553Z,buy,2.147e-05,56.0,0.00120232
PIVX/BTC,1606706802553,2020-11-30T03:26:42.553Z,buy,2.148e-05,34.0,0.00073032
PIVX/BTC,1606706802553,2020-11-30T03:26:42.553Z,buy,2.15e-05,96.0,0.002064
PIVX/BTC,1606706802580,2020-11-30T03:26:42.580Z,sell,2.15e-05,72.0,0.001548
PIVX/BTC,1606707944322,2020-11-30T03:45:44.322Z,sell,2.139e-05,9.0,0.00019251
PIVX/BTC,1606708036913,2020-11-30T03:47:16.913Z,sell,2.139e-05,47.0,0.00100533
PIVX/BTC,1606708036913,2020-11-30T03:47:16.913Z,sell,2.135e-05,34.0,0.0007259
PIVX/BTC,1606708036913,2020-11-30T03:47:16.913Z,sell,2.134e-05,56.0,0.0011950399999999
PIVX/BTC,1606708036913,2020-11-30T03:47:16.913Z,sell,2.133e-05,187.0,0.00398871
PIVX/BTC,1606708064434,2020-11-30T03:47:44.434Z,sell,2.134e-05,576.0,0.01229184
PIVX/BTC,1606708139483,2020-11-30T03:48:59.483Z,buy,2.142e-05,8.0,0.00017136
PIVX/BTC,1606708224070,2020-11-30T03:50:24.070Z,sell,2.131e-05,76.0,0.00161956
PIVX/BTC,1606708224070,2020-11-30T03:50:24.070Z,sell,2.13e-05,148.0,0.0031524
PIVX/BTC,1606708229477,2020-11-30T03:50:29.477Z,sell,2.13e-05,261.0,0.0055593
PIVX/BTC,1606708229477,2020-11-30T03:50:29.477Z,sell,2.129e-05,117.0,0.00249093
PIVX/BTC,1606708229477,2020-11-30T03:50:29.477Z,sell,2.128e-05,172.0,0.00366016
PIVX/BTC,1606708314298,2020-11-30T03:51:54.298Z,sell,2.127e-05,495.0,0.01052865
PIVX/BTC,1606708352235,2020-11-30T03:52:32.235Z,buy,2.137e-05,2.0,4.274e-05
PIVX/BTC,1606708830831,2020-11-30T04:00:30.831Z,sell,2.126e-05,90.0,0.0019134
PIVX/BTC,1606708844785,2020-11-30T04:00:44.785Z,sell,2.125e-05,259.0,0.00550375
PIVX/BTC,1606708844785,2020-11-30T04:00:44.785Z,sell,2.124e-05,31.0,0.00065844
PIVX/BTC,1606708844785,2020-11-30T04:00:44.785Z,sell,2.122e-05,128.0,0.00271616
PIVX/BTC,1606708844785,2020-11-30T04:00:44.785Z,sell,2.121e-05,1628.0,0.03452988
PIVX/BTC,1606708846362,2020-11-30T04:00:46.362Z,sell,2.121e-05,100.0,0.002121
PIVX/BTC,1606708861806,2020-11-30T04:01:01.806Z,buy,2.125e-05,5.0,0.00010625
PIVX/BTC,1606708877429,2020-11-30T04:01:17.429Z,buy,2.125e-05,5.0,0.00010625
PIVX/BTC,1606708981346,2020-11-30T04:03:01.346Z,sell,2.125e-05,360.0,0.00765
PIVX/BTC,1606708981453,2020-11-30T04:03:01.453Z,sell,2.125e-05,180.0,0.003825
PIVX/BTC,1606708981549,2020-11-30T04:03:01.549Z,sell,2.125e-05,90.0,0.0019125
PIVX/BTC,1606709202910,2020-11-30T04:06:42.910Z,buy,2.126e-05,6.0,0.00012756
PIVX/BTC,1606709202910,2020-11-30T04:06:42.910Z,buy,2.129e-05,56.0,0.00119224
PIVX/BTC,1606709202910,2020-11-30T04:06:42.910Z,buy,2.132e-05,76.0,0.00162032
PIVX/BTC,1606709202910,2020-11-30T04:06:42.910Z,buy,2.133e-05,43.0,0.00091719
PIVX/BTC,1606709202910,2020-11-30T04:06:42.910Z,buy,2.126e-05,6.0,0.00012756
PIVX/BTC,1606709202910,2020-11-30T04:06:42.910Z,buy,2.129e-05,56.0,0.00119224
PIVX/BTC,1606709202910,2020-11-30T04:06:42.910Z,buy,2.132e-05,76.0,0.00162032
PIVX/BTC,1606709202910,2020-11-30T04:06:42.910Z,buy,2.133e-05,43.0,0.00091719
PIVX/BTC,1606710389757,2020-11-30T04:26:29.757Z,buy,2.133e-05,5.0,0.00010665
PIVX/BTC,1606710950242,2020-11-30T04:35:50.242Z,sell,2.131e-05,184.0,0.00392104
PIVX/BTC,1606710950242,2020-11-30T04:35:50.242Z,sell,2.122e-05,9.0,0.00019098
PIVX/BTC,1606710950242,2020-11-30T04:35:50.242Z,sell,2.121e-05,56.0,0.00118776
PIVX/BTC,1606710950242,2020-11-30T04:35:50.242Z,sell,2.118e-05,550.0,0.011649
PIVX/BTC,1606712015470,2020-11-30T04:53:35.470Z,sell,2.122e-05,5.0,0.0001061
PIVX/BTC,1606712017203,2020-11-30T04:53:37.203Z,buy,2.118e-05,73.0,0.00154614
PIVX/BTC,1606712105784,2020-11-30T04:55:05.784Z,buy,2.118e-05,377.0,0.00798486
PIVX/BTC,1606712534005,2020-11-30T05:02:14.005Z,sell,2.118e-05,56.0,0.00118608
PIVX/BTC,1606712545464,2020-11-30T05:02:25.464Z,sell,2.118e-05,49.0,0.00103782
PIVX/BTC,1606712637553,2020-11-30T05:03:57.553Z,sell,2.118e-05,573.0,0.01213614
PIVX/BTC,1606712637553,2020-11-30T05:03:57.553Z,sell,2.117e-05,127.0,0.00268859
PIVX/BTC,1606712646128,2020-11-30T05:04:06.128Z,buy,2.117e-05,494.0,0.0104579799999999
PIVX/BTC,1606712646138,2020-11-30T05:04:06.138Z,buy,2.117e-05,596.0,0.01261732
PIVX/BTC,1606712646431,2020-11-30T05:04:06.431Z,buy,2.117e-05,298.0,0.00630866
PIVX/BTC,1606712646627,2020-11-30T05:04:06.627Z,buy,2.117e-05,148.0,0.00313316
PIVX/BTC,1606712646728,2020-11-30T05:04:06.728Z,buy,2.117e-05,74.0,0.00156658
PIVX/BTC,1606712708007,2020-11-30T05:05:08.007Z,buy,2.117e-05,5.0,0.00010585
PIVX/BTC,1606712708007,2020-11-30T05:05:08.007Z,buy,2.117e-05,5.0,0.00010585
PIVX/BTC,1606713030088,2020-11-30T05:10:30.088Z,sell,2.116e-05,7.0,0.00014812
PIVX/BTC,1606713030088,2020-11-30T05:10:30.088Z,sell,2.115e-05,14.0,0.0002961
PIVX/BTC,1606713030088,2020-11-30T05:10:30.088Z,sell,2.113e-05,32.0,0.00067616
PIVX/BTC,1606713093940,2020-11-30T05:11:33.940Z,buy,2.117e-05,51.0,0.00107967
PIVX/BTC,1606713659392,2020-11-30T05:20:59.392Z,sell,2.113e-05,5.0,0.0001056499999999
PIVX/BTC,1606713659392,2020-11-30T05:20:59.392Z,sell,2.112e-05,57.0,0.00120384
PIVX/BTC,1606713659392,2020-11-30T05:20:59.392Z,sell,2.111e-05,9.0,0.00018999
PIVX/BTC,1606713659392,2020-11-30T05:20:59.392Z,sell,2.108e-05,276.0,0.00581808
PIVX/BTC,1606713659392,2020-11-30T05:20:59.392Z,sell,2.107e-05,7.0,0.00014749
PIVX/BTC,1606713659392,2020-11-30T05:20:59.392Z,sell,2.106e-05,478.0,0.01006668
PIVX/BTC,1606713659392,2020-11-30T05:20:59.392Z,sell,2.105e-05,2721.0,0.05727705
PIVX/BTC,1606713659477,2020-11-30T05:20:59.477Z,sell,2.104e-05,57.0,0.0011992799999999
PIVX/BTC,1606713677665,2020-11-30T05:21:17.665Z,buy,2.105e-05,20.0,0.000421
PIVX/BTC,1606713679643,2020-11-30T05:21:19.643Z,buy,2.105e-05,6.0,0.0001263
PIVX/BTC,1606713688402,2020-11-30T05:21:28.402Z,buy,2.105e-05,50.0,0.0010525
PIVX/BTC,1606713688408,2020-11-30T05:21:28.408Z,buy,2.105e-05,17.0,0.00035785
PIVX/BTC,1606713699779,2020-11-30T05:21:39.779Z,buy,2.105e-05,6.0,0.0001263
PIVX/BTC,1606713728451,2020-11-30T05:22:08.451Z,buy,2.105e-05,5.0,0.00010525
PIVX/BTC,1606713741939,2020-11-30T05:22:21.939Z,sell,2.102e-05,27.0,0.00056754
PIVX/BTC,1606713745731,2020-11-30T05:22:25.731Z,buy,2.105e-05,5.0,0.00010525
PIVX/BTC,1606713773698,2020-11-30T05:22:53.698Z,buy,2.105e-05,761.0,0.01601905
PIVX/BTC,1606713773707,2020-11-30T05:22:53.707Z,buy,2.105e-05,742.0,0.0156191
PIVX/BTC,1606713880927,2020-11-30T05:24:40.927Z,buy,2.115e-05,76.0,0.0016074
PIVX/BTC,1606713880927,2020-11-30T05:24:40.927Z,buy,2.116e-05,99.0,0.00209484
PIVX/BTC,1606714054674,2020-11-30T05:27:34.674Z,sell,2.106e-05,351.0,0.00739206
PIVX/BTC,1606714837571,2020-11-30T05:40:37.571Z,sell,2.102e-05,28.0,0.0005885599999999
PIVX/BTC,1606715238679,2020-11-30T05:47:18.679Z,buy,2.116e-05,76.0,0.00160816
PIVX/BTC,1606715238679,2020-11-30T05:47:18.679Z,buy,2.117e-05,20.0,0.0004234
PIVX/BTC,1606715238679,2020-11-30T05:47:18.679Z,buy,2.118e-05,500.0,0.01059
PIVX/BTC,1606715238679,2020-11-30T05:47:18.679Z,buy,2.12e-05,259.0,0.0054908
PIVX/BTC,1606715238679,2020-11-30T05:47:18.679Z,buy,2.121e-05,35.0,0.0007423499999999
PIVX/BTC,1606715238679,2020-11-30T05:47:18.679Z,buy,2.122e-05,9.0,0.00019098
PIVX/BTC,1606715238679,2020-11-30T05:47:18.679Z,buy,2.124e-05,332.0,0.00705168
PIVX/BTC,1606715243039,2020-11-30T05:47:23.039Z,buy,2.12e-05,146.0,0.0030952
PIVX/BTC,1606715245475,2020-11-30T05:47:25.475Z,sell,2.109e-05,353.0,0.00744477
PIVX/BTC,1606715248279,2020-11-30T05:47:28.279Z,sell,2.112e-05,146.0,0.00308352
PIVX/BTC,1606715251335,2020-11-30T05:47:31.335Z,sell,2.117e-05,146.0,0.0030908199999999
PIVX/BTC,1606715658012,2020-11-30T05:54:18.012Z,sell,2.112e-05,97.0,0.00204864
PIVX/BTC,1606715658021,2020-11-30T05:54:18.021Z,sell,2.112e-05,19.0,0.00040128
PIVX/BTC,1606715658021,2020-11-30T05:54:18.021Z,sell,2.112e-05,19.0,0.00040128
PIVX/BTC,1606719816058,2020-11-30T07:03:36.058Z,buy,2.113e-05,43.0,0.0009085899999999
PIVX/BTC,1606719816306,2020-11-30T07:03:36.306Z,buy,2.113e-05,48.0,0.00101424
PIVX/BTC,1606719816408,2020-11-30T07:03:36.408Z,buy,2.113e-05,11.0,0.00023243
PIVX/BTC,1606719816456,2020-11-30T07:03:36.456Z,buy,2.113e-05,8.0,0.00016904
PIVX/BTC,1606719816456,2020-11-30T07:03:36.456Z,buy,2.113e-05,8.0,0.00016904
PIVX/BTC,1606719870450,2020-11-30T07:04:30.450Z,buy,2.118e-05,95.0,0.0020121
PIVX/BTC,1606719870546,2020-11-30T07:04:30.546Z,buy,2.117e-05,35.0,0.00074095
PIVX/BTC,1606719870599,2020-11-30T07:04:30.599Z,buy,2.117e-05,41.0,0.0008679699999999
PIVX/BTC,1606719870599,2020-11-30T07:04:30.599Z,buy,2.118e-05,7.0,0.00014826
PIVX/BTC,1606719870614,2020-11-30T07:04:30.614Z,buy,2.118e-05,71.0,0.00150378
PIVX/BTC,1606719870723,2020-11-30T07:04:30.723Z,buy,2.118e-05,70.0,0.0014826
PIVX/BTC,1606719870741,2020-11-30T07:04:30.741Z,buy,2.119e-05,194.0,0.00411086
PIVX/BTC,1606719870936,2020-11-30T07:04:30.936Z,buy,2.119e-05,97.0,0.00205543
PIVX/BTC,1606719871038,2020-11-30T07:04:31.038Z,buy,2.119e-05,48.0,0.0010171199999999
PIVX/BTC,1606719908098,2020-11-30T07:05:08.098Z,sell,2.118e-05,5.0,0.0001059
PIVX/BTC,1606719910718,2020-11-30T07:05:10.718Z,buy,2.12e-05,38.0,0.0008056
PIVX/BTC,1606719911952,2020-11-30T07:05:11.952Z,buy,2.12e-05,5.0,0.000106
PIVX/BTC,1606719912595,2020-11-30T07:05:12.595Z,buy,2.12e-05,73.0,0.0015476
PIVX/BTC,1606719991007,2020-11-30T07:06:31.007Z,buy,2.124e-05,5.0,0.0001062
PIVX/BTC,1606719991321,2020-11-30T07:06:31.321Z,buy,2.123e-05,114.0,0.00242022
PIVX/BTC,1606719992269,2020-11-30T07:06:32.269Z,buy,2.123e-05,76.0,0.0016134799999999
PIVX/BTC,1606719992269,2020-11-30T07:06:32.269Z,buy,2.124e-05,181.0,0.00384444
PIVX/BTC,1606720101159,2020-11-30T07:08:21.159Z,sell,2.112e-05,116.0,0.00244992
PIVX/BTC,1606720203024,2020-11-30T07:10:03.024Z,sell,2.112e-05,64.0,0.00135168
PIVX/BTC,1606720568525,2020-11-30T07:16:08.525Z,sell,2.112e-05,12.0,0.00025344
PIVX/BTC,1606720568525,2020-11-30T07:16:08.525Z,sell,2.108e-05,88.0,0.00185504
PIVX/BTC,1606720568625,2020-11-30T07:16:08.625Z,sell,2.108e-05,51.0,0.00107508
PIVX/BTC,1606720579945,2020-11-30T07:16:19.945Z,sell,2.108e-05,12.0,0.00025296
PIVX/BTC,1606720579945,2020-11-30T07:16:19.945Z,sell,2.104e-05,88.0,0.00185152
PIVX/BTC,1606720581259,2020-11-30T07:16:21.259Z,sell,2.104e-05,275.0,0.0057859999999999
PIVX/BTC,1606720582026,2020-11-30T07:16:22.026Z,sell,2.105e-05,100.0,0.002105
PIVX/BTC,1606720614419,2020-11-30T07:16:54.419Z,sell,2.104e-05,76.0,0.00159904
PIVX/BTC,1606720615687,2020-11-30T07:16:55.687Z,sell,2.101e-05,100.0,0.002101
PIVX/BTC,1606720616536,2020-11-30T07:16:56.536Z,sell,2.101e-05,166.0,0.00348766
PIVX/BTC,1606720616536,2020-11-30T07:16:56.536Z,sell,2.1e-05,833.0,0.0174929999999999
PIVX/BTC,1606720616536,2020-11-30T07:16:56.536Z,sell,2.1e-05,50.0,0.00105
PIVX/BTC,1606720616651,2020-11-30T07:16:56.651Z,sell,2.1e-05,805.0,0.016905
PIVX/BTC,1606720616846,2020-11-30T07:16:56.846Z,sell,2.1e-05,401.0,0.008421
PIVX/BTC,1606720616947,2020-11-30T07:16:56.947Z,sell,2.1e-05,201.0,0.004221
PIVX/BTC,1606720617049,2020-11-30T07:16:57.049Z,sell,2.1e-05,100.0,0.0021
PIVX/BTC,1606720617156,2020-11-30T07:16:57.156Z,sell,2.1e-05,100.0,0.0021
PIVX/BTC,1606720617169,2020-11-30T07:16:57.169Z,sell,2.1e-05,100.0,0.0021
PIVX/BTC,1606720617349,2020-11-30T07:16:57.349Z,sell,2.1e-05,50.0,0.00105
PIVX/BTC,1606720619243,2020-11-30T07:16:59.243Z,sell,2.1e-05,100.0,0.0021
PIVX/BTC,1606720619250,2020-11-30T07:16:59.250Z,sell,2.1e-05,75.0,0.001575
PIVX/BTC,1606720620625,2020-11-30T07:17:00.625Z,sell,2.1e-05,100.0,0.0021
PIVX/BTC,1606720620642,2020-11-30T07:17:00.642Z,sell,2.1e-05,87.0,0.0018269999999999
PIVX/BTC,1606720621194,2020-11-30T07:17:01.194Z,sell,2.1e-05,494.0,0.010374
PIVX/BTC,1606720621194,2020-11-30T07:17:01.194Z,sell,2.099e-05,35.0,0.00073465
PIVX/BTC,1606720621194,2020-11-30T07:17:01.194Z,sell,2.095e-05,76.0,0.0015922
PIVX/BTC,1606720621194,2020-11-30T07:17:01.194Z,sell,2.094e-05,7.0,0.00014658
PIVX/BTC,1606720622742,2020-11-30T07:17:02.742Z,sell,2.094e-05,11.0,0.00023034
PIVX/BTC,1606720622742,2020-11-30T07:17:02.742Z,sell,2.092e-05,89.0,0.00186188
PIVX/BTC,1606720624577,2020-11-30T07:17:04.577Z,sell,2.092e-05,100.0,0.002092
PIVX/BTC,1606720626159,2020-11-30T07:17:06.159Z,sell,2.092e-05,11.0,0.00023012
PIVX/BTC,1606720626159,2020-11-30T07:17:06.159Z,sell,2.091e-05,35.0,0.00073185
PIVX/BTC,1606720626159,2020-11-30T07:17:06.159Z,sell,2.089e-05,7.0,0.00014623
PIVX/BTC,1606720626159,2020-11-30T07:17:06.159Z,sell,2.086e-05,7.0,0.00014602
PIVX/BTC,1606720626159,2020-11-30T07:17:06.159Z,sell,2.082e-05,35.0,0.0007287
PIVX/BTC,1606720626159,2020-11-30T07:17:06.159Z,sell,2.081e-05,5.0,0.00010405
PIVX/BTC,1606720626159,2020-11-30T07:17:06.159Z,sell,2.08e-05,46.0,0.0009568
PIVX/BTC,1606720626159,2020-11-30T07:17:06.159Z,sell,2.08e-05,16.0,0.0003328
PIVX/BTC,1606720626159,2020-11-30T07:17:06.159Z,sell,2.079e-05,25.0,0.00051975
PIVX/BTC,1606720626159,2020-11-30T07:17:06.159Z,sell,2.079e-05,27.0,0.00056133
PIVX/BTC,1606720626171,2020-11-30T07:17:06.171Z,buy,2.082e-05,61.0,0.00127002
PIVX/BTC,1606720628269,2020-11-30T07:17:08.269Z,sell,2.082e-05,100.0,0.002082
PIVX/BTC,1606720628838,2020-11-30T07:17:08.838Z,buy,2.094e-05,33.0,0.00069102
PIVX/BTC,1606720629147,2020-11-30T07:17:09.147Z,sell,2.082e-05,500.0,0.01041
PIVX/BTC,1606720629147,2020-11-30T07:17:09.147Z,sell,2.081e-05,1024.0,0.02130944
PIVX/BTC,1606720629601,2020-11-30T07:17:09.601Z,sell,2.08e-05,100.0,0.00208
PIVX/BTC,1606720631361,2020-11-30T07:17:11.361Z,sell,2.083e-05,100.0,0.0020829999999999
PIVX/BTC,1606720632990,2020-11-30T07:17:12.990Z,sell,2.081e-05,100.0,0.002081
PIVX/BTC,1606720634349,2020-11-30T07:17:14.349Z,sell,2.082e-05,100.0,0.002082
PIVX/BTC,1606720635739,2020-11-30T07:17:15.739Z,sell,2.083e-05,450.0,0.0093735
PIVX/BTC,1606720636408,2020-11-30T07:17:16.408Z,sell,2.082e-05,100.0,0.002082
PIVX/BTC,1606720637735,2020-11-30T07:17:17.735Z,sell,2.082e-05,100.0,0.002082
PIVX/BTC,1606720639191,2020-11-30T07:17:19.191Z,sell,2.082e-05,100.0,0.002082
PIVX/BTC,1606720639654,2020-11-30T07:17:19.654Z,sell,2.082e-05,330.0,0.0068706
PIVX/BTC,1606720640642,2020-11-30T07:17:20.642Z,sell,2.082e-05,100.0,0.002082
PIVX/BTC,1606720641986,2020-11-30T07:17:21.986Z,sell,2.082e-05,100.0,0.002082
PIVX/BTC,1606720643382,2020-11-30T07:17:23.382Z,sell,2.082e-05,100.0,0.002082
PIVX/BTC,1606720644731,2020-11-30T07:17:24.731Z,sell,2.082e-05,100.0,0.002082
PIVX/BTC,1606720645640,2020-11-30T07:17:25.640Z,sell,2.082e-05,1902.0,0.03959964
PIVX/BTC,1606720646049,2020-11-30T07:17:26.049Z,sell,2.082e-05,100.0,0.002082
PIVX/BTC,1606720648166,2020-11-30T07:17:28.166Z,sell,2.082e-05,100.0,0.002082
PIVX/BTC,1606720665685,2020-11-30T07:17:45.685Z,buy,2.094e-05,2.0,4.188e-05
PIVX/BTC,1606720791200,2020-11-30T07:19:51.200Z,sell,2.094e-05,25.0,0.0005235
PIVX/BTC,1606720791200,2020-11-30T07:19:51.200Z,sell,2.091e-05,5.0,0.00010455
PIVX/BTC,1606720791200,2020-11-30T07:19:51.200Z,sell,2.088e-05,426.0,0.00889488
PIVX/BTC,1606721187837,2020-11-30T07:26:27.837Z,sell,2.088e-05,448.0,0.00935424
PIVX/BTC,1606721199746,2020-11-30T07:26:39.746Z,sell,2.088e-05,223.0,0.00465624
PIVX/BTC,1606721237838,2020-11-30T07:27:17.838Z,sell,2.088e-05,156.0,0.00325728
PIVX/BTC,1606721298830,2020-11-30T07:28:18.830Z,sell,2.088e-05,31.0,0.00064728
PIVX/BTC,1606721448370,2020-11-30T07:30:48.370Z,sell,2.088e-05,47.0,0.00098136
PIVX/BTC,1606722172054,2020-11-30T07:42:52.054Z,sell,2.084e-05,7.0,0.00014588
PIVX/BTC,1606722468265,2020-11-30T07:47:48.265Z,sell,2.085e-05,2093.0,0.04363905
PIVX/BTC,1606722741964,2020-11-30T07:52:21.964Z,sell,2.085e-05,16.0,0.0003336
PIVX/BTC,1606723342117,2020-11-30T08:02:22.117Z,buy,2.097e-05,96.0,0.00201312
PIVX/BTC,1606723342117,2020-11-30T08:02:22.117Z,buy,2.098e-05,500.0,0.01049
PIVX/BTC,1606723342208,2020-11-30T08:02:22.208Z,sell,2.098e-05,116.0,0.0024336799999999
PIVX/BTC,1606723342232,2020-11-30T08:02:22.232Z,buy,2.099e-05,200.0,0.004198
PIVX/BTC,1606723357977,2020-11-30T08:02:37.977Z,buy,2.095e-05,76.0,0.0015922
PIVX/BTC,1606723357977,2020-11-30T08:02:37.977Z,buy,2.096e-05,500.0,0.01048
PIVX/BTC,1606723357977,2020-11-30T08:02:37.977Z,buy,2.097e-05,473.0,0.00991881
PIVX/BTC,1606723357977,2020-11-30T08:02:37.977Z,buy,2.098e-05,11.0,0.0002307799999999
PIVX/BTC,1606723368579,2020-11-30T08:02:48.579Z,buy,2.102e-05,553.0,0.0116240599999999
PIVX/BTC,1606723368579,2020-11-30T08:02:48.579Z,buy,2.103e-05,7197.0,0.15135291
PIVX/BTC,1606723368579,2020-11-30T08:02:48.579Z,buy,2.106e-05,259.0,0.00545454
PIVX/BTC,1606723368579,2020-11-30T08:02:48.579Z,buy,2.107e-05,2679.0,0.05644653
PIVX/BTC,1606723368743,2020-11-30T08:02:48.743Z,buy,2.108e-05,116.0,0.00244528
PIVX/BTC,1606723369104,2020-11-30T08:02:49.104Z,sell,2.107e-05,95.0,0.00200165
PIVX/BTC,1606723369614,2020-11-30T08:02:49.614Z,sell,2.107e-05,754.0,0.01588678
PIVX/BTC,1606723369662,2020-11-30T08:02:49.662Z,sell,2.107e-05,12.0,0.00025284
PIVX/BTC,1606723370069,2020-11-30T08:02:50.069Z,sell,2.107e-05,301.0,0.00634207
PIVX/BTC,1606723385755,2020-11-30T08:03:05.755Z,buy,2.106e-05,152.0,0.00320112
PIVX/BTC,1606723385755,2020-11-30T08:03:05.755Z,buy,2.107e-05,766.0,0.01613962
PIVX/BTC,1606723385854,2020-11-30T08:03:05.854Z,sell,2.107e-05,2067.0,0.04355169
PIVX/BTC,1606723391141,2020-11-30T08:03:11.141Z,buy,2.106e-05,23.0,0.00048438
PIVX/BTC,1606723391141,2020-11-30T08:03:11.141Z,buy,2.107e-05,957.0,0.02016399
PIVX/BTC,1606723391141,2020-11-30T08:03:11.141Z,buy,2.106e-05,23.0,0.00048438
PIVX/BTC,1606723391141,2020-11-30T08:03:11.141Z,buy,2.107e-05,957.0,0.02016399
PIVX/BTC,1606723459648,2020-11-30T08:04:19.648Z,buy,2.107e-05,100.0,0.002107
PIVX/BTC,1606723461480,2020-11-30T08:04:21.480Z,buy,2.107e-05,100.0,0.002107
PIVX/BTC,1606723462836,2020-11-30T08:04:22.836Z,buy,2.107e-05,100.0,0.002107
PIVX/BTC,1606723465066,2020-11-30T08:04:25.066Z,buy,2.107e-05,5.0,0.00010535
PIVX/BTC,1606723465066,2020-11-30T08:04:25.066Z,buy,2.111e-05,35.0,0.00073885
PIVX/BTC,1606723465066,2020-11-30T08:04:25.066Z,buy,2.112e-05,60.0,0.0012672
PIVX/BTC,1606723467362,2020-11-30T08:04:27.362Z,buy,2.111e-05,100.0,0.002111
PIVX/BTC,1606723469527,2020-11-30T08:04:29.527Z,buy,2.111e-05,100.0,0.002111
PIVX/BTC,1606723471065,2020-11-30T08:04:31.065Z,buy,2.111e-05,80.0,0.0016887999999999
PIVX/BTC,1606723471065,2020-11-30T08:04:31.065Z,buy,2.112e-05,20.0,0.0004224
PIVX/BTC,1606723472445,2020-11-30T08:04:32.445Z,buy,2.112e-05,90.0,0.0019008
PIVX/BTC,1606723472445,2020-11-30T08:04:32.445Z,buy,2.114e-05,10.0,0.0002114
PIVX/BTC,1606723476618,2020-11-30T08:04:36.618Z,buy,2.114e-05,2661.0,0.05625354
PIVX/BTC,1606723476633,2020-11-30T08:04:36.633Z,sell,2.114e-05,563.0,0.01190182
PIVX/BTC,1606723476644,2020-11-30T08:04:36.644Z,sell,2.114e-05,355.0,0.0075047
PIVX/BTC,1606723490138,2020-11-30T08:04:50.138Z,sell,2.104e-05,107.0,0.00225128
PIVX/BTC,1606723537891,2020-11-30T08:05:37.891Z,buy,2.115e-05,2750.0,0.0581625
PIVX/BTC,1606723537891,2020-11-30T08:05:37.891Z,buy,2.116e-05,4623.0,0.09782268
PIVX/BTC,1606723695503,2020-11-30T08:08:15.503Z,sell,2.108e-05,116.0,0.00244528
PIVX/BTC,1606723704580,2020-11-30T08:08:24.580Z,buy,2.116e-05,100.0,0.002116
PIVX/BTC,1606723705895,2020-11-30T08:08:25.895Z,buy,2.116e-05,100.0,0.002116
PIVX/BTC,1606724050005,2020-11-30T08:14:10.005Z,sell,2.104e-05,5.0,0.0001052
PIVX/BTC,1606724560204,2020-11-30T08:22:40.204Z,sell,2.104e-05,9.0,0.00018936
PIVX/BTC,1606724560204,2020-11-30T08:22:40.204Z,sell,2.1e-05,116.0,0.002436
PIVX/BTC,1606724560204,2020-11-30T08:22:40.204Z,sell,2.099e-05,190.0,0.0039881
PIVX/BTC,1606724762046,2020-11-30T08:26:02.046Z,buy,2.104e-05,100.0,0.002104
PIVX/BTC,1606724764230,2020-11-30T08:26:04.230Z,buy,2.104e-05,100.0,0.002104
PIVX/BTC,1606725094405,2020-11-30T08:31:34.405Z,buy,2.105e-05,100.0,0.002105
PIVX/BTC,1606725813053,2020-11-30T08:43:33.053Z,buy,2.104e-05,364.0,0.0076585599999999
PIVX/BTC,1606725813285,2020-11-30T08:43:33.285Z,sell,2.1e-05,60.0,0.0012599999999999
PIVX/BTC,1606725813285,2020-11-30T08:43:33.285Z,sell,2.1e-05,60.0,0.0012599999999999
PIVX/BTC,1606727943951,2020-11-30T09:19:03.951Z,buy,2.1e-05,74.0,0.0015539999999999
PIVX/BTC,1606728009015,2020-11-30T09:20:09.015Z,sell,2.095e-05,13.0,0.00027235
PIVX/BTC,1606728400881,2020-11-30T09:26:40.881Z,sell,2.096e-05,7.0,0.00014672
PIVX/BTC,1606728400881,2020-11-30T09:26:40.881Z,sell,2.095e-05,4.0,8.38e-05
PIVX/BTC,1606728761148,2020-11-30T09:32:41.148Z,sell,2.095e-05,79.0,0.00165505
PIVX/BTC,1606728875148,2020-11-30T09:34:35.148Z,sell,2.095e-05,719.0,0.01506305
PIVX/BTC,1606728875157,2020-11-30T09:34:35.157Z,sell,2.091e-05,35.0,0.00073185
PIVX/BTC,1606728877545,2020-11-30T09:34:37.545Z,buy,2.094e-05,56.0,0.00117264
PIVX/BTC,1606728878424,2020-11-30T09:34:38.424Z,buy,2.094e-05,100.0,0.002094
PIVX/BTC,1606728879996,2020-11-30T09:34:39.996Z,buy,2.094e-05,9.0,0.00018846
PIVX/BTC,1606728898715,2020-11-30T09:34:58.715Z,buy,2.094e-05,93.0,0.00194742
PIVX/BTC,1606729335322,2020-11-30T09:42:15.322Z,sell,2.086e-05,302.0,0.00629972
PIVX/BTC,1606729335322,2020-11-30T09:42:15.322Z,sell,2.085e-05,16.0,0.0003336
PIVX/BTC,1606729335322,2020-11-30T09:42:15.322Z,sell,2.082e-05,7.0,0.00014574
PIVX/BTC,1606729335322,2020-11-30T09:42:15.322Z,sell,2.086e-05,302.0,0.00629972
PIVX/BTC,1606729335322,2020-11-30T09:42:15.322Z,sell,2.085e-05,16.0,0.0003336
PIVX/BTC,1606729335322,2020-11-30T09:42:15.322Z,sell,2.082e-05,7.0,0.00014574
PIVX/BTC,1606729928442,2020-11-30T09:52:08.442Z,buy,2.102e-05,343.0,0.0072098599999999
PIVX/BTC,1606729938783,2020-11-30T09:52:18.783Z,buy,2.102e-05,96.0,0.00201792
PIVX/BTC,1606729939166,2020-11-30T09:52:19.166Z,buy,2.102e-05,340.0,0.0071467999999999
PIVX/BTC,1606729945045,2020-11-30T09:52:25.045Z,sell,2.101e-05,48.0,0.00100848
PIVX/BTC,1606729951383,2020-11-30T09:52:31.383Z,buy,2.101e-05,48.0,0.00100848
PIVX/BTC,1606729957514,2020-11-30T09:52:37.514Z,buy,2.102e-05,66.0,0.0013873199999999
PIVX/BTC,1606730634093,2020-11-30T10:03:54.093Z,buy,2.102e-05,5.0,0.0001051
PIVX/BTC,1606730634093,2020-11-30T10:03:54.093Z,buy,2.103e-05,35.0,0.00073605
PIVX/BTC,1606730634093,2020-11-30T10:03:54.093Z,buy,2.104e-05,60.0,0.0012624
PIVX/BTC,1606730635517,2020-11-30T10:03:55.517Z,buy,2.104e-05,100.0,0.002104
PIVX/BTC,1606730719972,2020-11-30T10:05:19.972Z,buy,2.104e-05,401.0,0.00843704
PIVX/BTC,1606731005559,2020-11-30T10:10:05.559Z,buy,2.104e-05,100.0,0.002104
PIVX/BTC,1606731006931,2020-11-30T10:10:06.931Z,buy,2.104e-05,100.0,0.002104
PIVX/BTC,1606731008333,2020-11-30T10:10:08.333Z,buy,2.104e-05,100.0,0.002104
PIVX/BTC,1606731009702,2020-11-30T10:10:09.702Z,buy,2.104e-05,100.0,0.002104
PIVX/BTC,1606731009942,2020-11-30T10:10:09.942Z,buy,2.104e-05,809.0,0.01702136
PIVX/BTC,1606731009942,2020-11-30T10:10:09.942Z,buy,2.108e-05,271.0,0.00571268
PIVX/BTC,1606731065010,2020-11-30T10:11:05.010Z,buy,2.108e-05,451.0,0.00950708
PIVX/BTC,1606731118597,2020-11-30T10:11:58.597Z,buy,2.111e-05,35.0,0.00073885
PIVX/BTC,1606731118597,2020-11-30T10:11:58.597Z,buy,2.112e-05,81.0,0.00171072
PIVX/BTC,1606731846184,2020-11-30T10:24:06.184Z,buy,2.112e-05,5.0,0.0001056
PIVX/BTC,1606731911947,2020-11-30T10:25:11.947Z,buy,2.112e-05,35.0,0.0007392
PIVX/BTC,1606731952192,2020-11-30T10:25:52.192Z,buy,2.116e-05,127.0,0.00268732
PIVX/BTC,1606732168919,2020-11-30T10:29:28.919Z,buy,2.116e-05,107.0,0.00226412
PIVX/BTC,1606732350776,2020-11-30T10:32:30.776Z,sell,2.112e-05,75.0,0.001584
PIVX/BTC,1606732481942,2020-11-30T10:34:41.942Z,sell,2.108e-05,25.0,0.000527
PIVX/BTC,1606732481942,2020-11-30T10:34:41.942Z,sell,2.108e-05,25.0,0.000527
PIVX/BTC,1606732981855,2020-11-30T10:43:01.855Z,sell,2.108e-05,80.0,0.0016864
PIVX/BTC,1606732983946,2020-11-30T10:43:03.946Z,sell,2.108e-05,16.0,0.00033728
PIVX/BTC,1606732983946,2020-11-30T10:43:03.946Z,sell,2.104e-05,116.0,0.00244064
PIVX/BTC,1606732983946,2020-11-30T10:43:03.946Z,sell,2.102e-05,76.0,0.0015975199999999
PIVX/BTC,1606732983946,2020-11-30T10:43:03.946Z,sell,2.1e-05,616.0,0.012936
PIVX/BTC,1606732983946,2020-11-30T10:43:03.946Z,sell,2.099e-05,294.0,0.00617106
PIVX/BTC,1606733000499,2020-11-30T10:43:20.499Z,sell,2.091e-05,35.0,0.00073185
PIVX/BTC,1606733000499,2020-11-30T10:43:20.499Z,sell,2.082e-05,34.0,0.00070788
PIVX/BTC,1606733001563,2020-11-30T10:43:21.563Z,sell,2.081e-05,45.0,0.0009364499999999
PIVX/BTC,1606733001563,2020-11-30T10:43:21.563Z,sell,2.079e-05,101.0,0.00209979
PIVX/BTC,1606733001563,2020-11-30T10:43:21.563Z,sell,2.078e-05,103.0,0.00214034
PIVX/BTC,1606733001563,2020-11-30T10:43:21.563Z,sell,2.076e-05,102.0,0.00211752
PIVX/BTC,1606733001762,2020-11-30T10:43:21.762Z,buy,2.094e-05,46.0,0.00096324
PIVX/BTC,1606733005959,2020-11-30T10:43:25.959Z,buy,2.094e-05,21.0,0.00043974
PIVX/BTC,1606733288456,2020-11-30T10:48:08.456Z,buy,2.094e-05,5.0,0.0001047
PIVX/BTC,1606733423874,2020-11-30T10:50:23.874Z,buy,2.094e-05,9.0,0.00018846
PIVX/BTC,1606733423874,2020-11-30T10:50:23.874Z,buy,2.096e-05,453.0,0.0094948799999999
PIVX/BTC,1606733423874,2020-11-30T10:50:23.874Z,buy,2.103e-05,35.0,0.00073605
PIVX/BTC,1606733423874,2020-11-30T10:50:23.874Z,buy,2.104e-05,55.0,0.0011572
PIVX/BTC,1606733423874,2020-11-30T10:50:23.874Z,buy,2.106e-05,96.0,0.00202176
PIVX/BTC,1606733423874,2020-11-30T10:50:23.874Z,buy,2.107e-05,500.0,0.010535
PIVX/BTC,1606733423874,2020-11-30T10:50:23.874Z,buy,2.108e-05,375.0,0.007905
PIVX/BTC,1606733423874,2020-11-30T10:50:23.874Z,buy,2.11e-05,706.0,0.0148966
PIVX/BTC,1606733424501,2020-11-30T10:50:24.501Z,buy,2.109e-05,100.0,0.0021089999999999
PIVX/BTC,1606733454605,2020-11-30T10:50:54.605Z,sell,2.1e-05,116.0,0.002436
PIVX/BTC,1606733461584,2020-11-30T10:51:01.584Z,sell,2.096e-05,76.0,0.00159296
PIVX/BTC,1606733478526,2020-11-30T10:51:18.526Z,buy,2.096e-05,230.0,0.0048208
PIVX/BTC,1606733520673,2020-11-30T10:52:00.673Z,buy,2.108e-05,7.0,0.00014756
PIVX/BTC,1606734213480,2020-11-30T11:03:33.480Z,sell,2.092e-05,76.0,0.0015899199999999
PIVX/BTC,1606735194206,2020-11-30T11:19:54.206Z,sell,2.092e-05,76.0,0.0015899199999999
PIVX/BTC,1606735194206,2020-11-30T11:19:54.206Z,sell,2.091e-05,794.0,0.01660254
PIVX/BTC,1606735194206,2020-11-30T11:19:54.206Z,sell,2.09e-05,1435.0,0.0299915
PIVX/BTC,1606735194206,2020-11-30T11:19:54.206Z,sell,2.082e-05,35.0,0.0007287
PIVX/BTC,1606735194206,2020-11-30T11:19:54.206Z,sell,2.078e-05,364.0,0.00756392
PIVX/BTC,1606735194211,2020-11-30T11:19:54.211Z,buy,2.077e-05,1173.0,0.02436321
PIVX/BTC,1606735194233,2020-11-30T11:19:54.233Z,buy,2.077e-05,123.0,0.00255471
PIVX/BTC,1606735194244,2020-11-30T11:19:54.244Z,buy,2.108e-05,109.0,0.00229772
PIVX/BTC,1606735194244,2020-11-30T11:19:54.244Z,buy,2.111e-05,111.0,0.00234321
PIVX/BTC,1606735194244,2020-11-30T11:19:54.244Z,buy,2.112e-05,247.0,0.00521664
PIVX/BTC,1606735194244,2020-11-30T11:19:54.244Z,buy,2.113e-05,6.0,0.00012678
PIVX/BTC,1606735194244,2020-11-30T11:19:54.244Z,buy,2.116e-05,123.0,0.00260268
PIVX/BTC,1606735194244,2020-11-30T11:19:54.244Z,buy,2.118e-05,560.0,0.0118608
PIVX/BTC,1606735194911,2020-11-30T11:19:54.911Z,buy,2.085e-05,34.0,0.0007088999999999
PIVX/BTC,1606735194963,2020-11-30T11:19:54.963Z,buy,2.085e-05,15.0,0.00031275
PIVX/BTC,1606735195845,2020-11-30T11:19:55.845Z,buy,2.085e-05,15.0,0.00031275
PIVX/BTC,1606735195867,2020-11-30T11:19:55.867Z,buy,2.085e-05,1109.0,0.0231226499999999
PIVX/BTC,1606735196767,2020-11-30T11:19:56.767Z,sell,2.1e-05,35.0,0.000735
PIVX/BTC,1606735196801,2020-11-30T11:19:56.801Z,buy,2.103e-05,35.0,0.00073605
PIVX/BTC,1606735196834,2020-11-30T11:19:56.834Z,sell,2.108e-05,81.0,0.00170748
PIVX/BTC,1606735200312,2020-11-30T11:20:00.312Z,sell,2.104e-05,15.0,0.0003156
PIVX/BTC,1606735364461,2020-11-30T11:22:44.461Z,sell,2.104e-05,101.0,0.00212504
PIVX/BTC,1606735364520,2020-11-30T11:22:44.520Z,sell,2.1e-05,81.0,0.0017009999999999
PIVX/BTC,1606735366073,2020-11-30T11:22:46.073Z,sell,2.099e-05,10.0,0.0002099
PIVX/BTC,1606735462626,2020-11-30T11:24:22.626Z,buy,2.104e-05,1934.0,0.0406913599999999
PIVX/BTC,1606735489080,2020-11-30T11:24:49.080Z,buy,2.107e-05,13.0,0.00027391
PIVX/BTC,1606735489080,2020-11-30T11:24:49.080Z,buy,2.108e-05,4.0,8.432e-05
PIVX/BTC,1606735490236,2020-11-30T11:24:50.236Z,buy,2.108e-05,112.0,0.00236096
PIVX/BTC,1606735617464,2020-11-30T11:26:57.464Z,buy,2.108e-05,5.0,0.0001054
PIVX/BTC,1606735617464,2020-11-30T11:26:57.464Z,buy,2.11e-05,76.0,0.0016036
PIVX/BTC,1606735617464,2020-11-30T11:26:57.464Z,buy,2.111e-05,125.0,0.00263875
PIVX/BTC,1606735617464,2020-11-30T11:26:57.464Z,buy,2.108e-05,5.0,0.0001054
PIVX/BTC,1606735617464,2020-11-30T11:26:57.464Z,buy,2.11e-05,76.0,0.0016036
PIVX/BTC,1606735617464,2020-11-30T11:26:57.464Z,buy,2.111e-05,125.0,0.00263875
PIVX/BTC,1606736092467,2020-11-30T11:34:52.467Z,sell,2.1e-05,5.0,0.0001049999999999
PIVX/BTC,1606736448723,2020-11-30T11:40:48.723Z,buy,2.11e-05,6.0,0.0001266
PIVX/BTC,1606736448723,2020-11-30T11:40:48.723Z,buy,2.111e-05,136.0,0.00287096
PIVX/BTC,1606736989781,2020-11-30T11:49:49.781Z,sell,2.1e-05,78.0,0.001638
PIVX/BTC,1606737977175,2020-11-30T12:06:17.175Z,buy,2.11e-05,2.0,4.22e-05
PIVX/BTC,1606738059261,2020-11-30T12:07:39.261Z,buy,2.108e-05,9.0,0.00018972
PIVX/BTC,1606738059261,2020-11-30T12:07:39.261Z,buy,2.11e-05,92.0,0.0019412
PIVX/BTC,1606738786664,2020-11-30T12:19:46.664Z,sell,2.1e-05,33.0,0.0006929999999999
PIVX/BTC,1606738786664,2020-11-30T12:19:46.664Z,sell,2.099e-05,25.0,0.00052475
PIVX/BTC,1606738786664,2020-11-30T12:19:46.664Z,sell,2.091e-05,35.0,0.00073185
PIVX/BTC,1606738786664,2020-11-30T12:19:46.664Z,sell,2.082e-05,35.0,0.0007287
PIVX/BTC,1606738786664,2020-11-30T12:19:46.664Z,sell,2.077e-05,76.0,0.00157852
PIVX/BTC,1606738786664,2020-11-30T12:19:46.664Z,sell,2.075e-05,79.0,0.0016392499999999
PIVX/BTC,1606738786664,2020-11-30T12:19:46.664Z,sell,2.1e-05,33.0,0.0006929999999999
PIVX/BTC,1606738786664,2020-11-30T12:19:46.664Z,sell,2.099e-05,25.0,0.00052475
PIVX/BTC,1606738786664,2020-11-30T12:19:46.664Z,sell,2.091e-05,35.0,0.00073185
PIVX/BTC,1606738786664,2020-11-30T12:19:46.664Z,sell,2.082e-05,35.0,0.0007287
PIVX/BTC,1606738786664,2020-11-30T12:19:46.664Z,sell,2.077e-05,76.0,0.00157852
PIVX/BTC,1606738786664,2020-11-30T12:19:46.664Z,sell,2.075e-05,79.0,0.0016392499999999
PIVX/BTC,1606740055343,2020-11-30T12:40:55.343Z,buy,2.078e-05,5.0,0.0001039
PIVX/BTC,1606740302867,2020-11-30T12:45:02.867Z,sell,2.075e-05,8.0,0.000166
PIVX/BTC,1606740451983,2020-11-30T12:47:31.983Z,buy,2.084e-05,30.0,0.0006252
PIVX/BTC,1606740451983,2020-11-30T12:47:31.983Z,buy,2.094e-05,35.0,0.0007329
PIVX/BTC,1606740451983,2020-11-30T12:47:31.983Z,buy,2.096e-05,234.0,0.00490464
PIVX/BTC,1606740451983,2020-11-30T12:47:31.983Z,buy,2.097e-05,1251.0,0.02623347
PIVX/BTC,1606740452337,2020-11-30T12:47:32.337Z,buy,2.096e-05,22.0,0.00046112
PIVX/BTC,1606740452337,2020-11-30T12:47:32.337Z,buy,2.097e-05,78.0,0.00163566
PIVX/BTC,1606740453828,2020-11-30T12:47:33.828Z,buy,2.097e-05,100.0,0.002097
PIVX/BTC,1606740455270,2020-11-30T12:47:35.270Z,buy,2.097e-05,100.0,0.002097
PIVX/BTC,1606740456030,2020-11-30T12:47:36.030Z,buy,2.097e-05,7.0,0.00014679
PIVX/BTC,1606740457747,2020-11-30T12:47:37.747Z,buy,2.097e-05,100.0,0.002097
PIVX/BTC,1606740459293,2020-11-30T12:47:39.293Z,buy,2.097e-05,100.0,0.002097
PIVX/BTC,1606740461557,2020-11-30T12:47:41.557Z,buy,2.097e-05,100.0,0.002097
PIVX/BTC,1606740463200,2020-11-30T12:47:43.200Z,buy,2.097e-05,100.0,0.002097
PIVX/BTC,1606740820382,2020-11-30T12:53:40.382Z,sell,2.082e-05,35.0,0.0007287
PIVX/BTC,1606741155042,2020-11-30T12:59:15.042Z,buy,2.094e-05,35.0,0.0007329
PIVX/BTC,1606741155042,2020-11-30T12:59:15.042Z,buy,2.096e-05,136.0,0.00285056
PIVX/BTC,1606741332332,2020-11-30T13:02:12.332Z,sell,2.082e-05,35.0,0.0007287
PIVX/BTC,1606741458948,2020-11-30T13:04:18.948Z,sell,2.078e-05,91.0,0.00189098
PIVX/BTC,1606741458948,2020-11-30T13:04:18.948Z,sell,2.076e-05,76.0,0.00157776
PIVX/BTC,1606741609452,2020-11-30T13:06:49.452Z,buy,2.093e-05,91.0,0.00190463
PIVX/BTC,1606741609458,2020-11-30T13:06:49.458Z,buy,2.094e-05,35.0,0.0007329
PIVX/BTC,1606741609512,2020-11-30T13:06:49.512Z,buy,2.095e-05,46.0,0.0009637
PIVX/BTC,1606741681104,2020-11-30T13:08:01.104Z,buy,2.094e-05,30.0,0.0006282
PIVX/BTC,1606741681104,2020-11-30T13:08:01.104Z,buy,2.095e-05,156.0,0.0032682
PIVX/BTC,1606741831747,2020-11-30T13:10:31.747Z,buy,2.095e-05,1017.0,0.02130615
PIVX/BTC,1606741849983,2020-11-30T13:10:49.983Z,sell,2.082e-05,35.0,0.0007287
PIVX/BTC,1606741849983,2020-11-30T13:10:49.983Z,sell,2.076e-05,5.0,0.0001038
PIVX/BTC,1606741849983,2020-11-30T13:10:49.983Z,sell,2.074e-05,857.0,0.01777418
PIVX/BTC,1606741849983,2020-11-30T13:10:49.983Z,sell,2.073e-05,42.0,0.00087066
PIVX/BTC,1606741849983,2020-11-30T13:10:49.983Z,sell,2.072e-05,10.0,0.0002072
PIVX/BTC,1606741849983,2020-11-30T13:10:49.983Z,sell,2.071e-05,693.0,0.01435203
PIVX/BTC,1606741849983,2020-11-30T13:10:49.983Z,sell,2.069e-05,387.0,0.00800703
PIVX/BTC,1606741849983,2020-11-30T13:10:49.983Z,sell,2.068e-05,10.0,0.0002067999999999
PIVX/BTC,1606741849983,2020-11-30T13:10:49.983Z,sell,2.067e-05,131.0,0.00270777
PIVX/BTC,1606741849983,2020-11-30T13:10:49.983Z,sell,2.067e-05,48.0,0.00099216
PIVX/BTC,1606741849983,2020-11-30T13:10:49.983Z,sell,2.066e-05,340.0,0.0070243999999999
PIVX/BTC,1606741849983,2020-11-30T13:10:49.983Z,sell,2.065e-05,132.0,0.0027258
PIVX/BTC,1606741849983,2020-11-30T13:10:49.983Z,sell,2.063e-05,7.0,0.00014441
PIVX/BTC,1606741849983,2020-11-30T13:10:49.983Z,sell,2.061e-05,202.0,0.00416322
PIVX/BTC,1606741849983,2020-11-30T13:10:49.983Z,sell,2.059e-05,271.0,0.00557989
PIVX/BTC,1606741856235,2020-11-30T13:10:56.235Z,sell,2.063e-05,5.0,0.00010315
PIVX/BTC,1606741866513,2020-11-30T13:11:06.513Z,buy,2.077e-05,35.0,0.00072695
PIVX/BTC,1606741866513,2020-11-30T13:11:06.513Z,buy,2.085e-05,176.0,0.0036696
PIVX/BTC,1606741885070,2020-11-30T13:11:25.070Z,buy,2.085e-05,9.0,0.0001876499999999
PIVX/BTC,1606741897710,2020-11-30T13:11:37.710Z,buy,2.084e-05,9.0,0.00018756
PIVX/BTC,1606741900035,2020-11-30T13:11:40.035Z,buy,2.084e-05,9.0,0.00018756
PIVX/BTC,1606741996265,2020-11-30T13:13:16.265Z,buy,2.088e-05,49.0,0.00102312
PIVX/BTC,1606741996265,2020-11-30T13:13:16.265Z,buy,2.089e-05,51.0,0.00106539
PIVX/BTC,1606741996774,2020-11-30T13:13:16.774Z,buy,2.089e-05,208.0,0.00434512
PIVX/BTC,1606741997640,2020-11-30T13:13:17.640Z,buy,2.09e-05,100.0,0.00209
PIVX/BTC,1606741998998,2020-11-30T13:13:18.998Z,buy,2.089e-05,93.0,0.00194277
PIVX/BTC,1606741998998,2020-11-30T13:13:18.998Z,buy,2.09e-05,7.0,0.0001463
PIVX/BTC,1606742010222,2020-11-30T13:13:30.222Z,buy,2.089e-05,14.0,0.00029246
PIVX/BTC,1606742010222,2020-11-30T13:13:30.222Z,buy,2.09e-05,86.0,0.0017974
PIVX/BTC,1606742011901,2020-11-30T13:13:31.901Z,buy,2.09e-05,100.0,0.00209
PIVX/BTC,1606742025825,2020-11-30T13:13:45.825Z,buy,2.09e-05,1184.0,0.0247456
PIVX/BTC,1606742025825,2020-11-30T13:13:45.825Z,buy,2.093e-05,271.0,0.00567203
PIVX/BTC,1606742025825,2020-11-30T13:13:45.825Z,buy,2.094e-05,294.0,0.00615636
PIVX/BTC,1606742025825,2020-11-30T13:13:45.825Z,buy,2.1e-05,384.0,0.008064
PIVX/BTC,1606742025830,2020-11-30T13:13:45.830Z,sell,2.1e-05,518.0,0.0108779999999999
PIVX/BTC,1606742025939,2020-11-30T13:13:45.939Z,buy,2.102e-05,185.0,0.0038886999999999
PIVX/BTC,1606742044097,2020-11-30T13:14:04.097Z,buy,2.102e-05,25.0,0.0005254999999999
PIVX/BTC,1606742141394,2020-11-30T13:15:41.394Z,buy,2.102e-05,2.0,4.204e-05
PIVX/BTC,1606742164578,2020-11-30T13:16:04.578Z,sell,2.1e-05,10.0,0.0002099999999999
PIVX/BTC,1606742231404,2020-11-30T13:17:11.404Z,buy,2.102e-05,1004.0,0.0211040799999999
PIVX/BTC,1606742231404,2020-11-30T13:17:11.404Z,buy,2.103e-05,2.0,4.206e-05
PIVX/BTC,1606742310692,2020-11-30T13:18:30.692Z,sell,2.1e-05,1.0,2.1e-05
PIVX/BTC,1606742310692,2020-11-30T13:18:30.692Z,sell,2.089e-05,9.0,0.00018801
PIVX/BTC,1606742310692,2020-11-30T13:18:30.692Z,sell,2.082e-05,5.0,0.0001041
PIVX/BTC,1606742310692,2020-11-30T13:18:30.692Z,sell,2.1e-05,1.0,2.1e-05
PIVX/BTC,1606742310692,2020-11-30T13:18:30.692Z,sell,2.089e-05,9.0,0.00018801
PIVX/BTC,1606742310692,2020-11-30T13:18:30.692Z,sell,2.082e-05,5.0,0.0001041
PIVX/BTC,1606742759565,2020-11-30T13:25:59.565Z,sell,2.084e-05,33.0,0.00068772
PIVX/BTC,1606743046754,2020-11-30T13:30:46.754Z,sell,2.088e-05,76.0,0.00158688
PIVX/BTC,1606743046772,2020-11-30T13:30:46.772Z,sell,2.082e-05,30.0,0.0006246
PIVX/BTC,1606743047554,2020-11-30T13:30:47.554Z,buy,2.086e-05,109.0,0.00227374
PIVX/BTC,1606743111432,2020-11-30T13:31:51.432Z,buy,2.084e-05,33.0,0.00068772
PIVX/BTC,1606743111432,2020-11-30T13:31:51.432Z,buy,2.085e-05,43.0,0.00089655
PIVX/BTC,1606743238109,2020-11-30T13:33:58.109Z,buy,2.085e-05,2.0,4.17e-05
PIVX/BTC,1606743265561,2020-11-30T13:34:25.561Z,buy,2.085e-05,7.0,0.00014595
PIVX/BTC,1606743331962,2020-11-30T13:35:31.962Z,buy,2.085e-05,24.0,0.0005004
PIVX/BTC,1606743331962,2020-11-30T13:35:31.962Z,buy,2.086e-05,301.0,0.00627886
PIVX/BTC,1606743684633,2020-11-30T13:41:24.633Z,buy,2.086e-05,263.0,0.00548618
PIVX/BTC,1606743717883,2020-11-30T13:41:57.883Z,sell,2.078e-05,9.0,0.00018702
PIVX/BTC,1606743719441,2020-11-30T13:41:59.441Z,sell,2.073e-05,50.0,0.0010365
PIVX/BTC,1606743945899,2020-11-30T13:45:45.899Z,sell,2.076e-05,500.0,0.01038
PIVX/BTC,1606743945899,2020-11-30T13:45:45.899Z,sell,2.075e-05,186.0,0.0038595
PIVX/BTC,1606743973710,2020-11-30T13:46:13.710Z,sell,2.078e-05,172.0,0.00357416
PIVX/BTC,1606743973925,2020-11-30T13:46:13.925Z,sell,2.078e-05,76.0,0.00157928
PIVX/BTC,1606743974093,2020-11-30T13:46:14.093Z,sell,2.078e-05,76.0,0.00157928
PIVX/BTC,1606743998889,2020-11-30T13:46:38.889Z,buy,2.085e-05,19.0,0.0003961499999999
PIVX/BTC,1606744116402,2020-11-30T13:48:36.402Z,sell,2.075e-05,138.0,0.0028634999999999
PIVX/BTC,1606744678649,2020-11-30T13:57:58.649Z,sell,2.075e-05,71.0,0.00147325
PIVX/BTC,1606744678649,2020-11-30T13:57:58.649Z,sell,2.073e-05,282.0,0.00584586
PIVX/BTC,1606744678649,2020-11-30T13:57:58.649Z,sell,2.065e-05,35.0,0.00072275
PIVX/BTC,1606744678649,2020-11-30T13:57:58.649Z,sell,2.063e-05,576.0,0.01188288
PIVX/BTC,1606744678649,2020-11-30T13:57:58.649Z,sell,2.062e-05,2160.0,0.0445392
PIVX/BTC,1606744729532,2020-11-30T13:58:49.532Z,buy,2.073e-05,102.0,0.00211446
PIVX/BTC,1606744729532,2020-11-30T13:58:49.532Z,buy,2.074e-05,500.0,0.01037
PIVX/BTC,1606744738748,2020-11-30T13:58:58.748Z,buy,2.075e-05,198.0,0.0041085
PIVX/BTC,1606744746159,2020-11-30T13:59:06.159Z,buy,2.07e-05,100.0,0.00207
PIVX/BTC,1606744746476,2020-11-30T13:59:06.476Z,sell,2.067e-05,9.0,0.00018603
PIVX/BTC,1606744747197,2020-11-30T13:59:07.197Z,buy,2.067e-05,10.0,0.0002067
PIVX/BTC,1606744747197,2020-11-30T13:59:07.197Z,buy,2.07e-05,490.0,0.010143
PIVX/BTC,1606744747197,2020-11-30T13:59:07.197Z,buy,2.071e-05,358.0,0.00741418
PIVX/BTC,1606744747197,2020-11-30T13:59:07.197Z,buy,2.074e-05,1387.0,0.02876638
PIVX/BTC,1606744747524,2020-11-30T13:59:07.524Z,buy,2.076e-05,100.0,0.002076
PIVX/BTC,1606745114622,2020-11-30T14:05:14.622Z,buy,2.075e-05,2.0,4.15e-05
PIVX/BTC,1606745114652,2020-11-30T14:05:14.652Z,buy,2.075e-05,26.0,0.0005394999999999
PIVX/BTC,1606745268347,2020-11-30T14:07:48.347Z,buy,2.076e-05,2.0,4.152e-05
PIVX/BTC,1606745692301,2020-11-30T14:14:52.301Z,buy,2.075e-05,6.0,0.0001245
PIVX/BTC,1606745692301,2020-11-30T14:14:52.301Z,buy,2.075e-05,6.0,0.0001245
PIVX/BTC,1606745985299,2020-11-30T14:19:45.299Z,sell,2.059e-05,5.0,0.00010295
PIVX/BTC,1606746113314,2020-11-30T14:21:53.314Z,sell,2.059e-05,9.0,0.00018531
PIVX/BTC,1606746162807,2020-11-30T14:22:42.807Z,sell,2.059e-05,714.0,0.01470126
PIVX/BTC,1606746162824,2020-11-30T14:22:42.824Z,buy,2.059e-05,2.0,4.118e-05
PIVX/BTC,1606746163659,2020-11-30T14:22:43.659Z,buy,2.059e-05,359.0,0.00739181
PIVX/BTC,1606746163757,2020-11-30T14:22:43.757Z,buy,2.059e-05,154.0,0.00317086
PIVX/BTC,1606746164561,2020-11-30T14:22:44.561Z,buy,2.074e-05,5.0,0.0001037
PIVX/BTC,1606746164561,2020-11-30T14:22:44.561Z,buy,2.075e-05,95.0,0.00197125
PIVX/BTC,1606746181671,2020-11-30T14:23:01.671Z,buy,2.071e-05,346.0,0.00716566
PIVX/BTC,1606746181671,2020-11-30T14:23:01.671Z,buy,2.072e-05,218.0,0.00451696
PIVX/BTC,1606746796119,2020-11-30T14:33:16.119Z,buy,2.075e-05,48.0,0.000996
PIVX/BTC,1606746822641,2020-11-30T14:33:42.641Z,buy,2.075e-05,11.0,0.00022825
PIVX/BTC,1606746822641,2020-11-30T14:33:42.641Z,buy,2.076e-05,72.0,0.00149472
PIVX/BTC,1606746873458,2020-11-30T14:34:33.458Z,buy,2.076e-05,86.0,0.00178536
PIVX/BTC,1606747142334,2020-11-30T14:39:02.334Z,buy,2.076e-05,2.0,4.152e-05
PIVX/BTC,1606747361616,2020-11-30T14:42:41.616Z,buy,2.075e-05,5.0,0.00010375
PIVX/BTC,1606747361616,2020-11-30T14:42:41.616Z,buy,2.076e-05,43.0,0.00089268
PIVX/BTC,1606747383909,2020-11-30T14:43:03.909Z,sell,2.059e-05,203.0,0.00417977
PIVX/BTC,1606747518715,2020-11-30T14:45:18.715Z,buy,2.074e-05,2.0,4.148e-05
PIVX/BTC,1606747828840,2020-11-30T14:50:28.840Z,sell,2.058e-05,78.0,0.00160524
PIVX/BTC,1606747829424,2020-11-30T14:50:29.424Z,sell,2.056e-05,51.0,0.00104856
PIVX/BTC,1606747888689,2020-11-30T14:51:28.689Z,sell,2.055e-05,7.0,0.00014385
PIVX/BTC,1606748139565,2020-11-30T14:55:39.565Z,buy,2.055e-05,100.0,0.002055
PIVX/BTC,1606748140876,2020-11-30T14:55:40.876Z,buy,2.055e-05,100.0,0.002055
PIVX/BTC,1606748142329,2020-11-30T14:55:42.329Z,buy,2.055e-05,100.0,0.002055
PIVX/BTC,1606748143624,2020-11-30T14:55:43.624Z,buy,2.055e-05,100.0,0.002055
PIVX/BTC,1606748144933,2020-11-30T14:55:44.933Z,buy,2.055e-05,100.0,0.002055
PIVX/BTC,1606748145449,2020-11-30T14:55:45.449Z,buy,2.055e-05,1589.0,0.03265395
PIVX/BTC,1606748145449,2020-11-30T14:55:45.449Z,buy,2.057e-05,137.0,0.00281809
PIVX/BTC,1606748145449,2020-11-30T14:55:45.449Z,buy,2.058e-05,11.0,0.0002263799999999
PIVX/BTC,1606748145502,2020-11-30T14:55:45.502Z,sell,2.058e-05,189.0,0.00388962
PIVX/BTC,1606748146237,2020-11-30T14:55:46.237Z,buy,2.066e-05,100.0,0.0020659999999999
PIVX/BTC,1606748146936,2020-11-30T14:55:46.936Z,buy,2.065e-05,8.0,0.0001652
PIVX/BTC,1606748146936,2020-11-30T14:55:46.936Z,buy,2.066e-05,294.0,0.0060740399999999
PIVX/BTC,1606748147554,2020-11-30T14:55:47.554Z,buy,2.067e-05,100.0,0.002067
PIVX/BTC,1606748153864,2020-11-30T14:55:53.864Z,buy,2.067e-05,100.0,0.002067
PIVX/BTC,1606748181895,2020-11-30T14:56:21.895Z,sell,2.053e-05,271.0,0.00556363
PIVX/BTC,1606748215155,2020-11-30T14:56:55.155Z,sell,2.053e-05,113.0,0.00231989
PIVX/BTC,1606748215155,2020-11-30T14:56:55.155Z,sell,2.052e-05,76.0,0.00155952
PIVX/BTC,1606748215155,2020-11-30T14:56:55.155Z,sell,2.051e-05,507.0,0.01039857
PIVX/BTC,1606748215155,2020-11-30T14:56:55.155Z,sell,2.05e-05,536.0,0.010988
PIVX/BTC,1606748215155,2020-11-30T14:56:55.155Z,sell,2.048e-05,15.0,0.0003072
PIVX/BTC,1606748215155,2020-11-30T14:56:55.155Z,sell,2.047e-05,36.0,0.00073692
PIVX/BTC,1606748215155,2020-11-30T14:56:55.155Z,sell,2.043e-05,92.0,0.00187956
PIVX/BTC,1606748215155,2020-11-30T14:56:55.155Z,sell,2.042e-05,48.0,0.00098016
PIVX/BTC,1606748215155,2020-11-30T14:56:55.155Z,sell,2.039e-05,36.0,0.00073404
PIVX/BTC,1606748215155,2020-11-30T14:56:55.155Z,sell,2.037e-05,279.0,0.00568323
PIVX/BTC,1606748215155,2020-11-30T14:56:55.155Z,sell,2.036e-05,7.0,0.00014252
PIVX/BTC,1606748215155,2020-11-30T14:56:55.155Z,sell,2.03e-05,36.0,0.0007308
PIVX/BTC,1606748215155,2020-11-30T14:56:55.155Z,sell,2.027e-05,7.0,0.00014189
PIVX/BTC,1606748215155,2020-11-30T14:56:55.155Z,sell,2.026e-05,549.0,0.0111227399999999
PIVX/BTC,1606748215438,2020-11-30T14:56:55.438Z,sell,2.052e-05,76.0,0.00155952
PIVX/BTC,1606748224599,2020-11-30T14:57:04.599Z,buy,2.042e-05,19.0,0.00038798
PIVX/BTC,1606748241864,2020-11-30T14:57:21.864Z,buy,2.042e-05,17.0,0.00034714
PIVX/BTC,1606748241864,2020-11-30T14:57:21.864Z,buy,2.049e-05,83.0,0.0017006699999999
PIVX/BTC,1606748244015,2020-11-30T14:57:24.015Z,buy,2.049e-05,20.0,0.0004098
PIVX/BTC,1606748244015,2020-11-30T14:57:24.015Z,buy,2.05e-05,80.0,0.00164
PIVX/BTC,1606748246209,2020-11-30T14:57:26.209Z,buy,2.05e-05,100.0,0.00205
PIVX/BTC,1606748250064,2020-11-30T14:57:30.064Z,buy,2.049e-05,49.0,0.0010040099999999
PIVX/BTC,1606748250064,2020-11-30T14:57:30.064Z,buy,2.05e-05,51.0,0.0010455
PIVX/BTC,1606748256134,2020-11-30T14:57:36.134Z,buy,2.05e-05,230.0,0.004715
PIVX/BTC,1606748256134,2020-11-30T14:57:36.134Z,buy,2.051e-05,396.0,0.00812196
PIVX/BTC,1606748256134,2020-11-30T14:57:36.134Z,buy,2.055e-05,6415.0,0.13182825
PIVX/BTC,1606748264378,2020-11-30T14:57:44.378Z,buy,2.059e-05,36.0,0.00074124
PIVX/BTC,1606748264378,2020-11-30T14:57:44.378Z,buy,2.068e-05,64.0,0.00132352
PIVX/BTC,1606748265696,2020-11-30T14:57:45.696Z,buy,2.067e-05,34.0,0.00070278
PIVX/BTC,1606748265696,2020-11-30T14:57:45.696Z,buy,2.068e-05,66.0,0.00136488
PIVX/BTC,1606748266996,2020-11-30T14:57:46.996Z,buy,2.067e-05,6.0,0.00012402
PIVX/BTC,1606748266996,2020-11-30T14:57:46.996Z,buy,2.068e-05,94.0,0.0019439199999999
PIVX/BTC,1606748273984,2020-11-30T14:57:53.984Z,buy,2.075e-05,100.0,0.002075
PIVX/BTC,1606748283327,2020-11-30T14:58:03.327Z,sell,2.056e-05,35.0,0.0007196
PIVX/BTC,1606748358025,2020-11-30T14:59:18.025Z,buy,2.068e-05,35.0,0.0007237999999999
PIVX/BTC,1606748358436,2020-11-30T14:59:18.436Z,buy,2.073e-05,45.0,0.00093285
PIVX/BTC,1606748360522,2020-11-30T14:59:20.522Z,sell,2.047e-05,19.0,0.00038893
PIVX/BTC,1606748405534,2020-11-30T15:00:05.534Z,buy,2.074e-05,1000.0,0.02074
PIVX/BTC,1606748406695,2020-11-30T15:00:06.695Z,buy,2.073e-05,13.0,0.00026949
PIVX/BTC,1606748406695,2020-11-30T15:00:06.695Z,buy,2.074e-05,87.0,0.00180438
PIVX/BTC,1606748410462,2020-11-30T15:00:10.462Z,buy,2.074e-05,100.0,0.002074
PIVX/BTC,1606748411641,2020-11-30T15:00:11.641Z,buy,2.074e-05,13.0,0.00026962
PIVX/BTC,1606748412601,2020-11-30T15:00:12.601Z,buy,2.074e-05,100.0,0.002074
PIVX/BTC,1606748414094,2020-11-30T15:00:14.094Z,buy,2.074e-05,100.0,0.002074
PIVX/BTC,1606748414959,2020-11-30T15:00:14.959Z,buy,2.074e-05,563.0,0.01167662
PIVX/BTC,1606748414959,2020-11-30T15:00:14.959Z,buy,2.075e-05,61.0,0.00126575
PIVX/BTC,1606748414959,2020-11-30T15:00:14.959Z,buy,2.076e-05,164.0,0.00340464
PIVX/BTC,1606748415188,2020-11-30T15:00:15.188Z,buy,2.076e-05,120.0,0.0024912
PIVX/BTC,1606748415188,2020-11-30T15:00:15.188Z,buy,2.077e-05,362.0,0.0075187399999999
PIVX/BTC,1606748415188,2020-11-30T15:00:15.188Z,buy,2.078e-05,9.0,0.00018702
PIVX/BTC,1606748415188,2020-11-30T15:00:15.188Z,buy,2.085e-05,16.0,0.0003336
PIVX/BTC,1606748415188,2020-11-30T15:00:15.188Z,buy,2.087e-05,7.0,0.0001460899999999
PIVX/BTC,1606748415188,2020-11-30T15:00:15.188Z,buy,2.088e-05,67.0,0.00139896
PIVX/BTC,1606748415188,2020-11-30T15:00:15.188Z,buy,2.092e-05,1139.0,0.02382788
PIVX/BTC,1606748415188,2020-11-30T15:00:15.188Z,buy,2.093e-05,2012.0,0.04211116
PIVX/BTC,1606748415225,2020-11-30T15:00:15.225Z,sell,2.093e-05,258.0,0.00539994
PIVX/BTC,1606748415226,2020-11-30T15:00:15.226Z,sell,2.093e-05,771.0,0.01613703
PIVX/BTC,1606748415230,2020-11-30T15:00:15.230Z,sell,2.093e-05,12.0,0.00025116
PIVX/BTC,1606748415247,2020-11-30T15:00:15.247Z,sell,2.093e-05,5.0,0.00010465
PIVX/BTC,1606748415270,2020-11-30T15:00:15.270Z,sell,2.093e-05,506.0,0.01059058
PIVX/BTC,1606748415335,2020-11-30T15:00:15.335Z,sell,2.093e-05,1074.0,0.02247882
PIVX/BTC,1606748415390,2020-11-30T15:00:15.390Z,sell,2.093e-05,59.0,0.00123487
PIVX/BTC,1606748416223,2020-11-30T15:00:16.223Z,buy,2.093e-05,100.0,0.002093
PIVX/BTC,1606748417723,2020-11-30T15:00:17.723Z,buy,2.094e-05,42.0,0.00087948
PIVX/BTC,1606748417723,2020-11-30T15:00:17.723Z,buy,2.103e-05,33.0,0.00069399
PIVX/BTC,1606748417723,2020-11-30T15:00:17.723Z,buy,2.107e-05,25.0,0.00052675
PIVX/BTC,1606748418485,2020-11-30T15:00:18.485Z,buy,2.106e-05,80.0,0.0016848
PIVX/BTC,1606748418485,2020-11-30T15:00:18.485Z,buy,2.108e-05,5.0,0.0001054
PIVX/BTC,1606748418493,2020-11-30T15:00:18.493Z,sell,2.108e-05,1082.0,0.02280856
PIVX/BTC,1606748418493,2020-11-30T15:00:18.493Z,sell,2.108e-05,1082.0,0.02280856
PIVX/BTC,1606748418495,2020-11-30T15:00:18.495Z,sell,2.108e-05,52.0,0.00109616
PIVX/BTC,1606748418507,2020-11-30T15:00:18.507Z,sell,2.108e-05,254.0,0.00535432
PIVX/BTC,1606748418512,2020-11-30T15:00:18.512Z,sell,2.108e-05,19.0,0.00040052
PIVX/BTC,1606748418530,2020-11-30T15:00:18.530Z,sell,2.108e-05,11.0,0.00023188
PIVX/BTC,1606748419019,2020-11-30T15:00:19.019Z,buy,2.109e-05,87.0,0.00183483
PIVX/BTC,1606748419019,2020-11-30T15:00:19.019Z,buy,2.11e-05,13.0,0.0002743
PIVX/BTC,1606748419351,2020-11-30T15:00:19.351Z,sell,2.108e-05,9.0,0.00018972
PIVX/BTC,1606748419557,2020-11-30T15:00:19.557Z,sell,2.108e-05,96.0,0.00202368
PIVX/BTC,1606748420341,2020-11-30T15:00:20.341Z,buy,2.11e-05,100.0,0.00211
PIVX/BTC,1606748420534,2020-11-30T15:00:20.534Z,buy,2.11e-05,80.0,0.001688
PIVX/BTC,1606748420660,2020-11-30T15:00:20.660Z,sell,2.108e-05,238.0,0.00501704
PIVX/BTC,1606748421631,2020-11-30T15:00:21.631Z,buy,2.11e-05,76.0,0.0016036
PIVX/BTC,1606748421631,2020-11-30T15:00:21.631Z,buy,2.111e-05,24.0,0.00050664
PIVX/BTC,1606748422148,2020-11-30T15:00:22.148Z,sell,2.11e-05,9.0,0.0001899
PIVX/BTC,1606748422941,2020-11-30T15:00:22.941Z,buy,2.111e-05,100.0,0.002111
PIVX/BTC,1606748423239,2020-11-30T15:00:23.239Z,buy,2.111e-05,48.0,0.00101328
PIVX/BTC,1606748425086,2020-11-30T15:00:25.086Z,buy,2.111e-05,100.0,0.002111
PIVX/BTC,1606748426492,2020-11-30T15:00:26.492Z,buy,2.111e-05,100.0,0.002111
PIVX/BTC,1606748427540,2020-11-30T15:00:27.540Z,buy,2.111e-05,71.0,0.00149881
PIVX/BTC,1606748427836,2020-11-30T15:00:27.836Z,buy,2.111e-05,100.0,0.002111
PIVX/BTC,1606748428296,2020-11-30T15:00:28.296Z,buy,2.111e-05,254.0,0.00536194
PIVX/BTC,1606748428296,2020-11-30T15:00:28.296Z,buy,2.112e-05,30.0,0.0006336
PIVX/BTC,1606748428296,2020-11-30T15:00:28.296Z,buy,2.115e-05,7.0,0.00014805
PIVX/BTC,1606748428296,2020-11-30T15:00:28.296Z,buy,2.116e-05,506.0,0.01070696
PIVX/BTC,1606748428296,2020-11-30T15:00:28.296Z,buy,2.117e-05,25.0,0.00052925
PIVX/BTC,1606748428296,2020-11-30T15:00:28.296Z,buy,2.121e-05,135.0,0.0028633499999999
PIVX/BTC,1606748428296,2020-11-30T15:00:28.296Z,buy,2.124e-05,7.0,0.00014868
PIVX/BTC,1606748428296,2020-11-30T15:00:28.296Z,buy,2.129e-05,4005.0,0.08526645
PIVX/BTC,1606748428439,2020-11-30T15:00:28.439Z,sell,2.129e-05,1132.0,0.02410028
PIVX/BTC,1606748428440,2020-11-30T15:00:28.440Z,sell,2.129e-05,1132.0,0.02410028
PIVX/BTC,1606748428565,2020-11-30T15:00:28.565Z,sell,2.129e-05,51.0,0.00108579
PIVX/BTC,1606748428590,2020-11-30T15:00:28.590Z,sell,2.129e-05,5.0,0.00010645
PIVX/BTC,1606748428619,2020-11-30T15:00:28.619Z,sell,2.129e-05,300.0,0.006387
PIVX/BTC,1606748428627,2020-11-30T15:00:28.627Z,sell,2.129e-05,253.0,0.00538637
PIVX/BTC,1606748428708,2020-11-30T15:00:28.708Z,buy,2.13e-05,34.0,0.0007241999999999
PIVX/BTC,1606748428708,2020-11-30T15:00:28.708Z,buy,2.133e-05,6.0,0.00012798
PIVX/BTC,1606748428708,2020-11-30T15:00:28.708Z,buy,2.139e-05,41.0,0.00087699
PIVX/BTC,1606748428708,2020-11-30T15:00:28.708Z,buy,2.142e-05,7.0,0.00014994
PIVX/BTC,1606748428708,2020-11-30T15:00:28.708Z,buy,2.145e-05,5.0,0.00010725
PIVX/BTC,1606748428708,2020-11-30T15:00:28.708Z,buy,2.148e-05,34.0,0.00073032
PIVX/BTC,1606748428708,2020-11-30T15:00:28.708Z,buy,2.149e-05,200.0,0.004298
PIVX/BTC,1606748428708,2020-11-30T15:00:28.708Z,buy,2.15e-05,504.0,0.010836
PIVX/BTC,1606748428708,2020-11-30T15:00:28.708Z,buy,2.154e-05,7.0,0.00015078
PIVX/BTC,1606748428708,2020-11-30T15:00:28.708Z,buy,2.155e-05,5.0,0.0001077499999999
PIVX/BTC,1606748428708,2020-11-30T15:00:28.708Z,buy,2.156e-05,61.0,0.00131516
PIVX/BTC,1606748428708,2020-11-30T15:00:28.708Z,buy,2.157e-05,34.0,0.00073338
PIVX/BTC,1606748428708,2020-11-30T15:00:28.708Z,buy,2.158e-05,7.0,0.00015106
PIVX/BTC,1606748428708,2020-11-30T15:00:28.708Z,buy,2.161e-05,38.0,0.00082118
PIVX/BTC,1606748428708,2020-11-30T15:00:28.708Z,buy,2.166e-05,34.0,0.00073644
PIVX/BTC,1606748428708,2020-11-30T15:00:28.708Z,buy,2.169e-05,7.0,0.00015183
PIVX/BTC,1606748428708,2020-11-30T15:00:28.708Z,buy,2.17e-05,7.0,0.0001519
PIVX/BTC,1606748428708,2020-11-30T15:00:28.708Z,buy,2.171e-05,5.0,0.00010855
PIVX/BTC,1606748428708,2020-11-30T15:00:28.708Z,buy,2.175e-05,34.0,0.0007395
PIVX/BTC,1606748428708,2020-11-30T15:00:28.708Z,buy,2.176e-05,56.0,0.0012185599999999
PIVX/BTC,1606748428708,2020-11-30T15:00:28.708Z,buy,2.178e-05,179.0,0.00389862
PIVX/BTC,1606748428708,2020-11-30T15:00:28.708Z,buy,2.183e-05,11.0,0.00024013
PIVX/BTC,1606748428708,2020-11-30T15:00:28.708Z,buy,2.184e-05,34.0,0.00074256
PIVX/BTC,1606748428708,2020-11-30T15:00:28.708Z,buy,2.186e-05,7.0,0.00015302
PIVX/BTC,1606748428708,2020-11-30T15:00:28.708Z,buy,2.192e-05,3.0,6.576e-05
PIVX/BTC,1606748428810,2020-11-30T15:00:28.810Z,sell,2.13e-05,24.0,0.0005112
PIVX/BTC,1606748428876,2020-11-30T15:00:28.876Z,sell,2.13e-05,80.0,0.001704
PIVX/BTC,1606748428944,2020-11-30T15:00:28.944Z,sell,2.131e-05,345.0,0.00735195
PIVX/BTC,1606748428944,2020-11-30T15:00:28.944Z,sell,2.13e-05,498.0,0.0106074
PIVX/BTC,1606748428944,2020-11-30T15:00:28.944Z,sell,2.129e-05,268.0,0.00570572
PIVX/BTC,1606748429152,2020-11-30T15:00:29.152Z,buy,2.191e-05,100.0,0.002191
PIVX/BTC,1606748429952,2020-11-30T15:00:29.952Z,sell,2.131e-05,9.0,0.00019179
PIVX/BTC,1606748430636,2020-11-30T15:00:30.636Z,buy,2.189e-05,9.0,0.0001970099999999
PIVX/BTC,1606748430636,2020-11-30T15:00:30.636Z,buy,2.19e-05,91.0,0.0019929
PIVX/BTC,1606748430944,2020-11-30T15:00:30.944Z,buy,2.19e-05,333.0,0.0072927
PIVX/BTC,1606748430944,2020-11-30T15:00:30.944Z,buy,2.191e-05,909.0,0.01991619
PIVX/BTC,1606748430944,2020-11-30T15:00:30.944Z,buy,2.192e-05,104.0,0.00227968
PIVX/BTC,1606748430944,2020-11-30T15:00:30.944Z,buy,2.193e-05,38.0,0.0008333399999999
PIVX/BTC,1606748430944,2020-11-30T15:00:30.944Z,buy,2.194e-05,202.0,0.00443188
PIVX/BTC,1606748430944,2020-11-30T15:00:30.944Z,buy,2.197e-05,1145.0,0.02515565
PIVX/BTC,1606748430944,2020-11-30T15:00:30.944Z,buy,2.198e-05,5.0,0.0001099
PIVX/BTC,1606748430944,2020-11-30T15:00:30.944Z,buy,2.2e-05,500.0,0.011
PIVX/BTC,1606748430944,2020-11-30T15:00:30.944Z,buy,2.202e-05,40.0,0.0008807999999999
PIVX/BTC,1606748430944,2020-11-30T15:00:30.944Z,buy,2.205e-05,6.0,0.0001323
PIVX/BTC,1606748430979,2020-11-30T15:00:30.979Z,sell,2.205e-05,245.0,0.00540225
PIVX/BTC,1606748430986,2020-11-30T15:00:30.986Z,sell,2.205e-05,550.0,0.0121275
PIVX/BTC,1606748431073,2020-11-30T15:00:31.073Z,buy,2.207e-05,200.0,0.004414
PIVX/BTC,1606748431073,2020-11-30T15:00:31.073Z,buy,2.211e-05,33.0,0.00072963
PIVX/BTC,1606748431073,2020-11-30T15:00:31.073Z,buy,2.213e-05,7.0,0.00015491
PIVX/BTC,1606748431073,2020-11-30T15:00:31.073Z,buy,2.215e-05,5.0,0.00011075
PIVX/BTC,1606748431073,2020-11-30T15:00:31.073Z,buy,2.218e-05,7.0,0.00015526
PIVX/BTC,1606748431073,2020-11-30T15:00:31.073Z,buy,2.219e-05,6.0,0.00013314
PIVX/BTC,1606748431073,2020-11-30T15:00:31.073Z,buy,2.22e-05,38.0,0.0008436
PIVX/BTC,1606748431073,2020-11-30T15:00:31.073Z,buy,2.23e-05,33.0,0.0007359
PIVX/BTC,1606748431073,2020-11-30T15:00:31.073Z,buy,2.234e-05,1.0,2.234e-05
PIVX/BTC,1606748431093,2020-11-30T15:00:31.093Z,buy,2.234e-05,6.0,0.0001340399999999
PIVX/BTC,1606748431093,2020-11-30T15:00:31.093Z,buy,2.237e-05,5.0,0.00011185
PIVX/BTC,1606748431093,2020-11-30T15:00:31.093Z,buy,2.239e-05,33.0,0.00073887
PIVX/BTC,1606748431093,2020-11-30T15:00:31.093Z,buy,2.242e-05,195.0,0.0043719
PIVX/BTC,1606748431093,2020-11-30T15:00:31.093Z,buy,2.243e-05,5.0,0.00011215
PIVX/BTC,1606748431093,2020-11-30T15:00:31.093Z,buy,2.248e-05,33.0,0.00074184
PIVX/BTC,1606748431093,2020-11-30T15:00:31.093Z,buy,2.25e-05,63.0,0.0014175
PIVX/BTC,1606748431128,2020-11-30T15:00:31.128Z,buy,2.249e-05,176.0,0.00395824
PIVX/BTC,1606748431128,2020-11-30T15:00:31.128Z,buy,2.25e-05,98.0,0.002205
PIVX/BTC,1606748431194,2020-11-30T15:00:31.194Z,buy,2.25e-05,215.0,0.0048375
PIVX/BTC,1606748431380,2020-11-30T15:00:31.380Z,sell,2.206e-05,92.0,0.00202952
PIVX/BTC,1606748431641,2020-11-30T15:00:31.641Z,sell,2.207e-05,76.0,0.00167732
PIVX/BTC,1606748431641,2020-11-30T15:00:31.641Z,sell,2.206e-05,103.0,0.00227218
PIVX/BTC,1606748431845,2020-11-30T15:00:31.845Z,sell,2.207e-05,76.0,0.00167732
PIVX/BTC,1606748431845,2020-11-30T15:00:31.845Z,sell,2.206e-05,348.0,0.00767688
PIVX/BTC,1606748431845,2020-11-30T15:00:31.845Z,sell,2.205e-05,195.0,0.00429975
PIVX/BTC,1606748431952,2020-11-30T15:00:31.952Z,buy,2.249e-05,100.0,0.002249
PIVX/BTC,1606748431963,2020-11-30T15:00:31.963Z,sell,2.205e-05,800.0,0.01764
PIVX/BTC,1606748433251,2020-11-30T15:00:33.251Z,buy,2.248e-05,100.0,0.002248
PIVX/BTC,1606748433276,2020-11-30T15:00:33.276Z,sell,2.208e-05,9.0,0.00019872
PIVX/BTC,1606748434574,2020-11-30T15:00:34.574Z,buy,2.246e-05,100.0,0.0022459999999999
PIVX/BTC,1606748434760,2020-11-30T15:00:34.760Z,buy,2.246e-05,84.0,0.0018866399999999
PIVX/BTC,1606748434760,2020-11-30T15:00:34.760Z,buy,2.247e-05,9.0,0.00020223
PIVX/BTC,1606748434760,2020-11-30T15:00:34.760Z,buy,2.248e-05,152.0,0.00341696
PIVX/BTC,1606748434760,2020-11-30T15:00:34.760Z,buy,2.249e-05,335.0,0.00753415
PIVX/BTC,1606748434760,2020-11-30T15:00:34.760Z,buy,2.25e-05,106.0,0.002385
PIVX/BTC,1606748435249,2020-11-30T15:00:35.249Z,sell,2.235e-05,33.0,0.00073755
PIVX/BTC,1606748435249,2020-11-30T15:00:35.249Z,sell,2.226e-05,33.0,0.00073458
PIVX/BTC,1606748435249,2020-11-30T15:00:35.249Z,sell,2.217e-05,33.0,0.0007316099999999
PIVX/BTC,1606748435249,2020-11-30T15:00:35.249Z,sell,2.207e-05,110.0,0.0024277
PIVX/BTC,1606748435463,2020-11-30T15:00:35.463Z,sell,2.208e-05,19.0,0.00041952
PIVX/BTC,1606748437196,2020-11-30T15:00:37.196Z,buy,2.246e-05,100.0,0.0022459999999999
PIVX/BTC,1606748437878,2020-11-30T15:00:37.878Z,sell,2.209e-05,109.0,0.00240781
PIVX/BTC,1606748438298,2020-11-30T15:00:38.298Z,buy,2.22e-05,33.0,0.0007326
PIVX/BTC,1606748438298,2020-11-30T15:00:38.298Z,buy,2.228e-05,109.0,0.00242852
PIVX/BTC,1606748438298,2020-11-30T15:00:38.298Z,buy,2.23e-05,33.0,0.0007359
PIVX/BTC,1606748438298,2020-11-30T15:00:38.298Z,buy,2.246e-05,19.0,0.00042674
PIVX/BTC,1606748438298,2020-11-30T15:00:38.298Z,buy,2.248e-05,33.0,0.00074184
PIVX/BTC,1606748438298,2020-11-30T15:00:38.298Z,buy,2.25e-05,34.0,0.000765
PIVX/BTC,1606748438298,2020-11-30T15:00:38.298Z,buy,2.251e-05,6.0,0.00013506
PIVX/BTC,1606748438298,2020-11-30T15:00:38.298Z,buy,2.254e-05,10.0,0.0002254
PIVX/BTC,1606748438298,2020-11-30T15:00:38.298Z,buy,2.258e-05,56.0,0.00126448
PIVX/BTC,1606748438298,2020-11-30T15:00:38.298Z,buy,2.259e-05,5.0,0.00011295
PIVX/BTC,1606748438298,2020-11-30T15:00:38.298Z,buy,2.263e-05,103.0,0.00233089
PIVX/BTC,1606748438298,2020-11-30T15:00:38.298Z,buy,2.264e-05,15.0,0.0003396
PIVX/BTC,1606748438298,2020-11-30T15:00:38.298Z,buy,2.265e-05,137.0,0.00310305
PIVX/BTC,1606748438298,2020-11-30T15:00:38.298Z,buy,2.266e-05,965.0,0.0218669
PIVX/BTC,1606748438298,2020-11-30T15:00:38.298Z,buy,2.267e-05,527.0,0.01194709
PIVX/BTC,1606748438298,2020-11-30T15:00:38.298Z,buy,2.268e-05,703.0,0.01594404
PIVX/BTC,1606748438298,2020-11-30T15:00:38.298Z,buy,2.27e-05,978.0,0.0222006
PIVX/BTC,1606748439289,2020-11-30T15:00:39.289Z,sell,2.207e-05,9.0,0.00019863
PIVX/BTC,1606748439522,2020-11-30T15:00:39.522Z,buy,2.239e-05,33.0,0.00073887
PIVX/BTC,1606748439522,2020-11-30T15:00:39.522Z,buy,2.246e-05,50.0,0.0011229999999999
PIVX/BTC,1606748439522,2020-11-30T15:00:39.522Z,buy,2.269e-05,17.0,0.00038573
PIVX/BTC,1606748441521,2020-11-30T15:00:41.521Z,buy,2.25e-05,100.0,0.00225
PIVX/BTC,1606748441926,2020-11-30T15:00:41.926Z,sell,2.217e-05,9.0,0.00019953
PIVX/BTC,1606748442556,2020-11-30T15:00:42.556Z,buy,2.247e-05,9.0,0.00020223
PIVX/BTC,1606748442556,2020-11-30T15:00:42.556Z,buy,2.25e-05,23.0,0.0005175
PIVX/BTC,1606748442682,2020-11-30T15:00:42.682Z,buy,2.25e-05,230.0,0.005175
PIVX/BTC,1606748443209,2020-11-30T15:00:43.209Z,buy,2.25e-05,100.0,0.00225
PIVX/BTC,1606748444792,2020-11-30T15:00:44.792Z,buy,2.25e-05,100.0,0.00225
PIVX/BTC,1606748445119,2020-11-30T15:00:45.119Z,sell,2.246e-05,9.0,0.0002021399999999
PIVX/BTC,1606748445292,2020-11-30T15:00:45.292Z,sell,2.246e-05,49.0,0.00110054
PIVX/BTC,1606748445390,2020-11-30T15:00:45.390Z,sell,2.246e-05,164.0,0.0036834399999999
PIVX/BTC,1606748445390,2020-11-30T15:00:45.390Z,sell,2.245e-05,32.0,0.0007184
PIVX/BTC,1606748447125,2020-11-30T15:00:47.125Z,buy,2.243e-05,59.0,0.00132337
PIVX/BTC,1606748447125,2020-11-30T15:00:47.125Z,buy,2.244e-05,41.0,0.0009200399999999
PIVX/BTC,1606748447687,2020-11-30T15:00:47.687Z,sell,2.235e-05,33.0,0.00073755
PIVX/BTC,1606748447687,2020-11-30T15:00:47.687Z,sell,2.226e-05,33.0,0.00073458
PIVX/BTC,1606748447687,2020-11-30T15:00:47.687Z,sell,2.217e-05,24.0,0.00053208
PIVX/BTC,1606748448543,2020-11-30T15:00:48.543Z,buy,2.243e-05,80.0,0.0017944
PIVX/BTC,1606748448543,2020-11-30T15:00:48.543Z,buy,2.244e-05,20.0,0.0004487999999999
PIVX/BTC,1606748449225,2020-11-30T15:00:49.225Z,buy,2.244e-05,80.0,0.0017951999999999
PIVX/BTC,1606748449933,2020-11-30T15:00:49.933Z,buy,2.25e-05,100.0,0.00225
PIVX/BTC,1606748451442,2020-11-30T15:00:51.442Z,buy,2.23e-05,33.0,0.0007359
PIVX/BTC,1606748451442,2020-11-30T15:00:51.442Z,buy,2.239e-05,33.0,0.00073887
PIVX/BTC,1606748451442,2020-11-30T15:00:51.442Z,buy,2.248e-05,33.0,0.00074184
PIVX/BTC,1606748451442,2020-11-30T15:00:51.442Z,buy,2.25e-05,1.0,2.25e-05
PIVX/BTC,1606748451830,2020-11-30T15:00:51.830Z,buy,2.25e-05,53.0,0.0011925
PIVX/BTC,1606748452564,2020-11-30T15:00:52.564Z,sell,2.207e-05,9.0,0.00019863
PIVX/BTC,1606748453590,2020-11-30T15:00:53.590Z,buy,2.25e-05,100.0,0.00225
PIVX/BTC,1606748454972,2020-11-30T15:00:54.972Z,buy,2.249e-05,80.0,0.0017992
PIVX/BTC,1606748454972,2020-11-30T15:00:54.972Z,buy,2.25e-05,20.0,0.00045
PIVX/BTC,1606748455272,2020-11-30T15:00:55.272Z,sell,2.235e-05,9.0,0.00020115
PIVX/BTC,1606748455872,2020-11-30T15:00:55.872Z,buy,2.249e-05,32.0,0.00071968
PIVX/BTC,1606748457089,2020-11-30T15:00:57.089Z,buy,2.25e-05,100.0,0.00225
PIVX/BTC,1606748457403,2020-11-30T15:00:57.403Z,sell,2.249e-05,32.0,0.00071968
PIVX/BTC,1606748457468,2020-11-30T15:00:57.468Z,sell,2.235e-05,24.0,0.0005364
PIVX/BTC,1606748457468,2020-11-30T15:00:57.468Z,sell,2.226e-05,33.0,0.00073458
PIVX/BTC,1606748457468,2020-11-30T15:00:57.468Z,sell,2.217e-05,33.0,0.0007316099999999
PIVX/BTC,1606748457468,2020-11-30T15:00:57.468Z,sell,2.207e-05,24.0,0.00052968
PIVX/BTC,1606748457468,2020-11-30T15:00:57.468Z,sell,2.205e-05,500.0,0.011025
PIVX/BTC,1606748457468,2020-11-30T15:00:57.468Z,sell,2.204e-05,176.0,0.00387904
PIVX/BTC,1606748457468,2020-11-30T15:00:57.468Z,sell,2.203e-05,269.0,0.00592607
PIVX/BTC,1606748457468,2020-11-30T15:00:57.468Z,sell,2.202e-05,259.0,0.0057031799999999
PIVX/BTC,1606748457468,2020-11-30T15:00:57.468Z,sell,2.198e-05,33.0,0.00072534
PIVX/BTC,1606748457468,2020-11-30T15:00:57.468Z,sell,2.197e-05,6759.0,0.14849523
PIVX/BTC,1606748458323,2020-11-30T15:00:58.323Z,sell,2.201e-05,9.0,0.00019809
PIVX/BTC,1606748458419,2020-11-30T15:00:58.419Z,buy,2.248e-05,76.0,0.00170848
PIVX/BTC,1606748458419,2020-11-30T15:00:58.419Z,buy,2.249e-05,24.0,0.00053976
PIVX/BTC,1606748459470,2020-11-30T15:00:59.470Z,buy,2.249e-05,460.0,0.0103454
PIVX/BTC,1606748459470,2020-11-30T15:00:59.470Z,buy,2.25e-05,5073.0,0.1141425
PIVX/BTC,1606748459470,2020-11-30T15:00:59.470Z,buy,2.258e-05,32.0,0.00072256
PIVX/BTC,1606748459470,2020-11-30T15:00:59.470Z,buy,2.266e-05,3608.0,0.08175728
PIVX/BTC,1606748459545,2020-11-30T15:00:59.545Z,sell,2.206e-05,167.0,0.0036840199999999
PIVX/BTC,1606748459545,2020-11-30T15:00:59.545Z,sell,2.205e-05,8.0,0.0001764
PIVX/BTC,1606748459579,2020-11-30T15:00:59.579Z,buy,2.267e-05,291.0,0.00659697
PIVX/BTC,1606748459579,2020-11-30T15:00:59.579Z,buy,2.27e-05,1670.0,0.037909
PIVX/BTC,1606748459579,2020-11-30T15:00:59.579Z,buy,2.272e-05,11.0,0.00024992
PIVX/BTC,1606748459579,2020-11-30T15:00:59.579Z,buy,2.276e-05,32.0,0.00072832
PIVX/BTC,1606748459579,2020-11-30T15:00:59.579Z,buy,2.277e-05,67.0,0.00152559
PIVX/BTC,1606748459579,2020-11-30T15:00:59.579Z,buy,2.282e-05,12.0,0.0002738399999999
PIVX/BTC,1606748459579,2020-11-30T15:00:59.579Z,buy,2.287e-05,32.0,0.00073184
PIVX/BTC,1606748459579,2020-11-30T15:00:59.579Z,buy,2.288e-05,5.0,0.0001144
PIVX/BTC,1606748459579,2020-11-30T15:00:59.579Z,buy,2.29e-05,4.0,9.16e-05
PIVX/BTC,1606748459579,2020-11-30T15:00:59.579Z,buy,2.296e-05,38.0,0.00087248
PIVX/BTC,1606748459579,2020-11-30T15:00:59.579Z,buy,2.297e-05,1268.0,0.02912596
PIVX/BTC,1606748459736,2020-11-30T15:00:59.736Z,buy,2.265e-05,100.0,0.002265
PIVX/BTC,1606748461035,2020-11-30T15:01:01.035Z,buy,2.21e-05,9.0,0.0001988999999999
PIVX/BTC,1606748461035,2020-11-30T15:01:01.035Z,buy,2.22e-05,33.0,0.0007326
PIVX/BTC,1606748461035,2020-11-30T15:01:01.035Z,buy,2.248e-05,33.0,0.00074184
PIVX/BTC,1606748461035,2020-11-30T15:01:01.035Z,buy,2.265e-05,25.0,0.00056625
PIVX/BTC,1606748462364,2020-11-30T15:01:02.364Z,buy,2.211e-05,33.0,0.00072963
PIVX/BTC,1606748462364,2020-11-30T15:01:02.364Z,buy,2.23e-05,33.0,0.0007359
PIVX/BTC,1606748462364,2020-11-30T15:01:02.364Z,buy,2.239e-05,33.0,0.00073887
PIVX/BTC,1606748462364,2020-11-30T15:01:02.364Z,buy,2.265e-05,1.0,2.265e-05
PIVX/BTC,1606748462811,2020-11-30T15:01:02.811Z,buy,2.265e-05,32.0,0.0007248
PIVX/BTC,1606748463074,2020-11-30T15:01:03.074Z,buy,2.265e-05,9.0,0.00020385
PIVX/BTC,1606748463978,2020-11-30T15:01:03.978Z,sell,2.282e-05,23.0,0.0005248599999999
PIVX/BTC,1606748463978,2020-11-30T15:01:03.978Z,sell,2.263e-05,32.0,0.00072416
PIVX/BTC,1606748463978,2020-11-30T15:01:03.978Z,sell,2.254e-05,32.0,0.00072128
PIVX/BTC,1606748463978,2020-11-30T15:01:03.978Z,sell,2.245e-05,32.0,0.0007184
PIVX/BTC,1606748463978,2020-11-30T15:01:03.978Z,sell,2.235e-05,33.0,0.00073755
PIVX/BTC,1606748463978,2020-11-30T15:01:03.978Z,sell,2.205e-05,40.0,0.000882
PIVX/BTC,1606748465156,2020-11-30T15:01:05.156Z,buy,2.249e-05,40.0,0.0008996
PIVX/BTC,1606748465156,2020-11-30T15:01:05.156Z,buy,2.25e-05,13.0,0.0002925
PIVX/BTC,1606748465335,2020-11-30T15:01:05.335Z,buy,2.25e-05,100.0,0.00225
PIVX/BTC,1606748466455,2020-11-30T15:01:06.455Z,sell,2.226e-05,9.0,0.00020034
PIVX/BTC,1606748466610,2020-11-30T15:01:06.610Z,buy,2.249e-05,100.0,0.002249
PIVX/BTC,1606748466987,2020-11-30T15:01:06.987Z,buy,2.248e-05,33.0,0.00074184
PIVX/BTC,1606748466987,2020-11-30T15:01:06.987Z,buy,2.249e-05,12.0,0.00026988
PIVX/BTC,1606748467782,2020-11-30T15:01:07.782Z,buy,2.249e-05,45.0,0.00101205
PIVX/BTC,1606748468723,2020-11-30T15:01:08.723Z,buy,2.249e-05,98.0,0.00220402
PIVX/BTC,1606748468723,2020-11-30T15:01:08.723Z,buy,2.25e-05,2.0,4.5e-05
PIVX/BTC,1606748469550,2020-11-30T15:01:09.550Z,buy,2.232e-05,9.0,0.00020088
PIVX/BTC,1606748469574,2020-11-30T15:01:09.574Z,buy,2.249e-05,12.0,0.00026988
PIVX/BTC,1606748469574,2020-11-30T15:01:09.574Z,buy,2.25e-05,33.0,0.0007425
PIVX/BTC,1606748470796,2020-11-30T15:01:10.796Z,buy,2.246e-05,72.0,0.0016171199999999
PIVX/BTC,1606748471029,2020-11-30T15:01:11.029Z,buy,2.246e-05,12.0,0.00026952
PIVX/BTC,1606748471724,2020-11-30T15:01:11.724Z,buy,2.25e-05,100.0,0.00225
PIVX/BTC,1606748471926,2020-11-30T15:01:11.926Z,sell,2.249e-05,2.0,4.498e-05
PIVX/BTC,1606748472922,2020-11-30T15:01:12.922Z,buy,2.243e-05,7.0,0.00015701
PIVX/BTC,1606748472922,2020-11-30T15:01:12.922Z,buy,2.25e-05,58.0,0.001305
PIVX/BTC,1606748473029,2020-11-30T15:01:13.029Z,buy,2.25e-05,100.0,0.00225
PIVX/BTC,1606748474560,2020-11-30T15:01:14.560Z,buy,2.249e-05,55.0,0.00123695
PIVX/BTC,1606748474560,2020-11-30T15:01:14.560Z,buy,2.25e-05,45.0,0.0010125
PIVX/BTC,1606748476015,2020-11-30T15:01:16.015Z,sell,2.236e-05,88.0,0.00196768
PIVX/BTC,1606748476881,2020-11-30T15:01:16.881Z,sell,2.235e-05,24.0,0.0005364
PIVX/BTC,1606748484572,2020-11-30T15:01:24.572Z,buy,2.247e-05,88.0,0.00197736
PIVX/BTC,1606748484572,2020-11-30T15:01:24.572Z,buy,2.248e-05,33.0,0.00074184
PIVX/BTC,1606748484572,2020-11-30T15:01:24.572Z,buy,2.25e-05,293.0,0.0065925
PIVX/BTC,1606748486451,2020-11-30T15:01:26.451Z,buy,2.25e-05,100.0,0.00225
PIVX/BTC,1606748487719,2020-11-30T15:01:27.719Z,buy,2.25e-05,23.0,0.0005175
PIVX/BTC,1606748487748,2020-11-30T15:01:27.748Z,buy,2.25e-05,100.0,0.00225
PIVX/BTC,1606748489063,2020-11-30T15:01:29.063Z,buy,2.25e-05,100.0,0.00225
PIVX/BTC,1606748489209,2020-11-30T15:01:29.209Z,sell,2.236e-05,88.0,0.00196768
PIVX/BTC,1606748489209,2020-11-30T15:01:29.209Z,sell,2.235e-05,62.0,0.0013857
PIVX/BTC,1606748489209,2020-11-30T15:01:29.209Z,sell,2.228e-05,76.0,0.00169328
PIVX/BTC,1606748489430,2020-11-30T15:01:29.430Z,buy,2.227e-05,100.0,0.002227
PIVX/BTC,1606748490398,2020-11-30T15:01:30.398Z,sell,2.226e-05,24.0,0.00053424
PIVX/BTC,1606748490398,2020-11-30T15:01:30.398Z,sell,2.223e-05,186.0,0.00413478
PIVX/BTC,1606748490398,2020-11-30T15:01:30.398Z,sell,2.221e-05,366.0,0.00812886
PIVX/BTC,1606748490645,2020-11-30T15:01:30.645Z,sell,2.217e-05,33.0,0.0007316099999999
PIVX/BTC,1606748490645,2020-11-30T15:01:30.645Z,sell,2.216e-05,46.0,0.00101936
PIVX/BTC,1606748490645,2020-11-30T15:01:30.645Z,sell,2.215e-05,50.0,0.0011075
PIVX/BTC,1606748490645,2020-11-30T15:01:30.645Z,sell,2.21e-05,16.0,0.0003536
PIVX/BTC,1606748490662,2020-11-30T15:01:30.662Z,sell,2.21e-05,2.0,4.42e-05
PIVX/BTC,1606748490662,2020-11-30T15:01:30.662Z,sell,2.208e-05,32.0,0.00070656
PIVX/BTC,1606748492552,2020-11-30T15:01:32.552Z,sell,2.211e-05,11.0,0.00024321
PIVX/BTC,1606748493022,2020-11-30T15:01:33.022Z,buy,2.224e-05,88.0,0.00195712
PIVX/BTC,1606748493022,2020-11-30T15:01:33.022Z,buy,2.225e-05,12.0,0.000267
PIVX/BTC,1606748493415,2020-11-30T15:01:33.415Z,buy,2.225e-05,11.0,0.0002447499999999
PIVX/BTC,1606748493415,2020-11-30T15:01:33.415Z,buy,2.226e-05,79.0,0.00175854
PIVX/BTC,1606748493415,2020-11-30T15:01:33.415Z,buy,2.227e-05,49.0,0.0010912299999999
PIVX/BTC,1606748494402,2020-11-30T15:01:34.402Z,buy,2.226e-05,100.0,0.002226
PIVX/BTC,1606748495641,2020-11-30T15:01:35.641Z,buy,2.226e-05,8.0,0.00017808
PIVX/BTC,1606748495641,2020-11-30T15:01:35.641Z,buy,2.227e-05,42.0,0.0009353399999999
PIVX/BTC,1606748496011,2020-11-30T15:01:36.011Z,sell,2.211e-05,78.0,0.00172458
PIVX/BTC,1606748496011,2020-11-30T15:01:36.011Z,sell,2.207e-05,33.0,0.00072831
PIVX/BTC,1606748496011,2020-11-30T15:01:36.011Z,sell,2.206e-05,76.0,0.00167656
PIVX/BTC,1606748496011,2020-11-30T15:01:36.011Z,sell,2.203e-05,120.0,0.0026436
PIVX/BTC,1606748497843,2020-11-30T15:01:37.843Z,buy,2.226e-05,78.0,0.00173628
PIVX/BTC,1606748497843,2020-11-30T15:01:37.843Z,buy,2.23e-05,22.0,0.0004906
PIVX/BTC,1606748498253,2020-11-30T15:01:38.253Z,buy,2.23e-05,11.0,0.0002453
PIVX/BTC,1606748498253,2020-11-30T15:01:38.253Z,buy,2.239e-05,33.0,0.00073887
PIVX/BTC,1606748498253,2020-11-30T15:01:38.253Z,buy,2.247e-05,76.0,0.00170772
PIVX/BTC,1606748498253,2020-11-30T15:01:38.253Z,buy,2.248e-05,209.0,0.00469832
PIVX/BTC,1606748498253,2020-11-30T15:01:38.253Z,buy,2.249e-05,30.0,0.0006747
PIVX/BTC,1606748499226,2020-11-30T15:01:39.226Z,sell,2.208e-05,89.0,0.00196512
PIVX/BTC,1606748499226,2020-11-30T15:01:39.226Z,sell,2.207e-05,76.0,0.00167732
PIVX/BTC,1606748499226,2020-11-30T15:01:39.226Z,sell,2.206e-05,500.0,0.01103
PIVX/BTC,1606748499226,2020-11-30T15:01:39.226Z,sell,2.205e-05,176.0,0.0038808
PIVX/BTC,1606748499226,2020-11-30T15:01:39.226Z,sell,2.2e-05,1361.0,0.029942
PIVX/BTC,1606748499226,2020-11-30T15:01:39.226Z,sell,2.198e-05,309.0,0.00679182
PIVX/BTC,1606748500239,2020-11-30T15:01:40.239Z,buy,2.22e-05,33.0,0.0007326
PIVX/BTC,1606748500239,2020-11-30T15:01:40.239Z,buy,2.244e-05,67.0,0.00150348
PIVX/BTC,1606748501399,2020-11-30T15:01:41.399Z,buy,2.243e-05,36.0,0.00080748
PIVX/BTC,1606748501747,2020-11-30T15:01:41.747Z,buy,2.243e-05,100.0,0.002243
PIVX/BTC,1606748502557,2020-11-30T15:01:42.557Z,sell,2.235e-05,33.0,0.00073755
PIVX/BTC,1606748503057,2020-11-30T15:01:43.057Z,buy,2.244e-05,100.0,0.002244
PIVX/BTC,1606748514633,2020-11-30T15:01:54.633Z,sell,2.227e-05,79.0,0.00175933
PIVX/BTC,1606748516840,2020-11-30T15:01:56.840Z,buy,2.233e-05,428.0,0.00955724
PIVX/BTC,1606748517432,2020-11-30T15:01:57.432Z,buy,2.233e-05,100.0,0.002233
PIVX/BTC,1606748517846,2020-11-30T15:01:57.846Z,buy,2.233e-05,666.0,0.01487178
PIVX/BTC,1606748517846,2020-11-30T15:01:57.846Z,buy,2.234e-05,29.0,0.00064786
PIVX/BTC,1606748518821,2020-11-30T15:01:58.821Z,buy,2.236e-05,100.0,0.002236
PIVX/BTC,1606748520127,2020-11-30T15:02:00.127Z,buy,2.236e-05,76.0,0.00169936
PIVX/BTC,1606748520127,2020-11-30T15:02:00.127Z,buy,2.237e-05,24.0,0.00053688
PIVX/BTC,1606748522391,2020-11-30T15:02:02.391Z,buy,2.237e-05,100.0,0.002237
PIVX/BTC,1606748522867,2020-11-30T15:02:02.867Z,buy,2.238e-05,7.0,0.0001566599999999
PIVX/BTC,1606748523443,2020-11-30T15:02:03.443Z,sell,2.234e-05,64.0,0.00142976
PIVX/BTC,1606748523679,2020-11-30T15:02:03.679Z,buy,2.238e-05,100.0,0.002238
PIVX/BTC,1606748524276,2020-11-30T15:02:04.276Z,buy,2.237e-05,162.0,0.00362394
PIVX/BTC,1606748524993,2020-11-30T15:02:04.993Z,buy,2.238e-05,100.0,0.002238
PIVX/BTC,1606748526755,2020-11-30T15:02:06.755Z,sell,2.234e-05,41.0,0.00091594
PIVX/BTC,1606748529461,2020-11-30T15:02:09.461Z,buy,2.23e-05,83.0,0.0018509
PIVX/BTC,1606748541793,2020-11-30T15:02:21.793Z,sell,2.227e-05,10.0,0.0002227
PIVX/BTC,1606748541793,2020-11-30T15:02:21.793Z,sell,2.226e-05,33.0,0.00073458
PIVX/BTC,1606748543617,2020-11-30T15:02:23.617Z,sell,2.217e-05,13.0,0.00028821
PIVX/BTC,1606748543725,2020-11-30T15:02:23.725Z,buy,2.225e-05,13.0,0.00028925
PIVX/BTC,1606748544586,2020-11-30T15:02:24.586Z,sell,2.217e-05,20.0,0.0004434
PIVX/BTC,1606748545155,2020-11-30T15:02:25.155Z,sell,2.215e-05,1005.0,0.02226075
PIVX/BTC,1606748545163,2020-11-30T15:02:25.163Z,buy,2.217e-05,100.0,0.002217
PIVX/BTC,1606748545213,2020-11-30T15:02:25.213Z,sell,2.215e-05,131.0,0.00290165
PIVX/BTC,1606748545588,2020-11-30T15:02:25.588Z,sell,2.215e-05,15.0,0.0003322499999999
PIVX/BTC,1606748546435,2020-11-30T15:02:26.435Z,buy,2.217e-05,100.0,0.002217
PIVX/BTC,1606748552609,2020-11-30T15:02:32.609Z,buy,2.217e-05,2.0,4.434e-05
PIVX/BTC,1606748552609,2020-11-30T15:02:32.609Z,buy,2.225e-05,98.0,0.0021804999999999
PIVX/BTC,1606748553438,2020-11-30T15:02:33.438Z,sell,2.215e-05,8.0,0.0001772
PIVX/BTC,1606748553935,2020-11-30T15:02:33.935Z,buy,2.225e-05,100.0,0.002225
PIVX/BTC,1606748555243,2020-11-30T15:02:35.243Z,buy,2.226e-05,100.0,0.002226
PIVX/BTC,1606748556545,2020-11-30T15:02:36.545Z,buy,2.225e-05,100.0,0.002225
PIVX/BTC,1606748557847,2020-11-30T15:02:37.847Z,buy,2.225e-05,55.0,0.00122375
PIVX/BTC,1606748557847,2020-11-30T15:02:37.847Z,buy,2.226e-05,45.0,0.0010017
PIVX/BTC,1606748561986,2020-11-30T15:02:41.986Z,buy,2.225e-05,8.0,0.000178
PIVX/BTC,1606748561986,2020-11-30T15:02:41.986Z,buy,2.226e-05,92.0,0.00204792
PIVX/BTC,1606748564022,2020-11-30T15:02:44.022Z,buy,2.22e-05,100.0,0.00222
PIVX/BTC,1606748564125,2020-11-30T15:02:44.125Z,buy,2.22e-05,1350.0,0.02997
PIVX/BTC,1606748565336,2020-11-30T15:02:45.336Z,buy,2.22e-05,50.0,0.00111
PIVX/BTC,1606748565336,2020-11-30T15:02:45.336Z,buy,2.226e-05,50.0,0.001113
PIVX/BTC,1606748585430,2020-11-30T15:03:05.430Z,buy,2.226e-05,2.0,4.452e-05
PIVX/BTC,1606748585966,2020-11-30T15:03:05.966Z,sell,2.215e-05,18.0,0.0003987
PIVX/BTC,1606748588553,2020-11-30T15:03:08.553Z,sell,2.215e-05,4.0,8.86e-05
PIVX/BTC,1606748588553,2020-11-30T15:03:08.553Z,sell,2.207e-05,33.0,0.00072831
PIVX/BTC,1606748588553,2020-11-30T15:03:08.553Z,sell,2.206e-05,6.0,0.0001323599999999
PIVX/BTC,1606748588553,2020-11-30T15:03:08.553Z,sell,2.202e-05,76.0,0.00167352
PIVX/BTC,1606748588553,2020-11-30T15:03:08.553Z,sell,2.201e-05,500.0,0.011005
PIVX/BTC,1606748588553,2020-11-30T15:03:08.553Z,sell,2.2e-05,140.0,0.00308
PIVX/BTC,1606748588563,2020-11-30T15:03:08.563Z,buy,2.2e-05,140.0,0.00308
PIVX/BTC,1606748588575,2020-11-30T15:03:08.575Z,buy,2.2e-05,140.0,0.00308
PIVX/BTC,1606748590638,2020-11-30T15:03:10.638Z,sell,2.198e-05,33.0,0.00072534
PIVX/BTC,1606748590638,2020-11-30T15:03:10.638Z,sell,2.189e-05,3.0,6.567e-05
PIVX/BTC,1606748590792,2020-11-30T15:03:10.792Z,sell,2.189e-05,30.0,0.0006567
PIVX/BTC,1606748591025,2020-11-30T15:03:11.025Z,sell,2.181e-05,90.0,0.0019629
PIVX/BTC,1606748591082,2020-11-30T15:03:11.082Z,sell,2.181e-05,29.0,0.00063249
PIVX/BTC,1606748591972,2020-11-30T15:03:11.972Z,buy,2.198e-05,100.0,0.002198
