symbol,timestamp,datetime,side,price,amount,btc_volume
PIVX/BTC,1561305622490,2019-06-23T16:00:22.490Z,buy,6.83e-05,53.32,0.003641756
PIVX/BTC,1561305749874,2019-06-23T16:02:29.874Z,buy,6.83e-05,39.45,0.002694435
PIVX/BTC,1561305789745,2019-06-23T16:03:09.745Z,buy,6.83e-05,15.0,0.0010245
PIVX/BTC,1561305843265,2019-06-23T16:04:03.265Z,sell,6.82e-05,123.91,0.008450662
PIVX/BTC,1561305857906,2019-06-23T16:04:17.906Z,sell,6.83e-05,15.41,0.001052503
PIVX/BTC,1561305862905,2019-06-23T16:04:22.905Z,sell,6.83e-05,26.73,0.001825659
PIVX/BTC,1561305883414,2019-06-23T16:04:43.414Z,sell,6.83e-05,67.49,0.004609567
PIVX/BTC,1561305885513,2019-06-23T16:04:45.513Z,buy,6.83e-05,137.8,0.00941174
PIVX/BTC,1561305885962,2019-06-23T16:04:45.962Z,buy,6.83e-05,137.8,0.00941174
PIVX/BTC,1561305939996,2019-06-23T16:05:39.996Z,buy,6.83e-05,125.64,0.008581212
PIVX/BTC,1561305954099,2019-06-23T16:05:54.099Z,buy,6.83e-05,145.73,0.009953359
PIVX/BTC,1561305962105,2019-06-23T16:06:02.105Z,buy,6.83e-05,106.19,0.007252777
PIVX/BTC,1561305962105,2019-06-23T16:06:02.105Z,buy,6.84e-05,330.96,0.022637664
PIVX/BTC,1561305990120,2019-06-23T16:06:30.120Z,buy,6.85e-05,74.37,0.005094345
PIVX/BTC,1561306094168,2019-06-23T16:08:14.168Z,buy,6.86e-05,290.93,0.019957798
PIVX/BTC,1561306104103,2019-06-23T16:08:24.103Z,buy,6.86e-05,32.65,0.0022397899999999
PIVX/BTC,1561306104103,2019-06-23T16:08:24.103Z,buy,6.87e-05,330.27,0.022689549
PIVX/BTC,1561306111088,2019-06-23T16:08:31.088Z,buy,6.87e-05,96.48,0.006628176
PIVX/BTC,1561306233020,2019-06-23T16:10:33.020Z,sell,6.84e-05,30.5,0.0020862
PIVX/BTC,1561306339441,2019-06-23T16:12:19.441Z,buy,6.87e-05,145.56,0.009999972
PIVX/BTC,1561306461689,2019-06-23T16:14:21.689Z,sell,6.84e-05,21.14,0.0014459759999999
PIVX/BTC,1561306510716,2019-06-23T16:15:10.716Z,buy,6.87e-05,392.25,0.026947575
PIVX/BTC,1561306615364,2019-06-23T16:16:55.364Z,buy,6.87e-05,0.01,6.87e-07
PIVX/BTC,1561306615364,2019-06-23T16:16:55.364Z,buy,6.88e-05,51.63,0.003552144
PIVX/BTC,1561306769336,2019-06-23T16:19:29.336Z,buy,6.88e-05,0.01,6.88e-07
PIVX/BTC,1561306769336,2019-06-23T16:19:29.336Z,buy,6.89e-05,216.6,0.0149237399999999
PIVX/BTC,1561306769336,2019-06-23T16:19:29.336Z,buy,6.9e-05,859.21,0.0592854899999999
PIVX/BTC,1561306770109,2019-06-23T16:19:30.109Z,buy,6.9e-05,0.03,2.07e-06
PIVX/BTC,1561306770109,2019-06-23T16:19:30.109Z,buy,6.92e-05,145.18,0.010046456
PIVX/BTC,1561306770953,2019-06-23T16:19:30.953Z,sell,6.9e-05,48.39,0.00333891
PIVX/BTC,1561306770965,2019-06-23T16:19:30.965Z,sell,6.9e-05,16.13,0.0011129699999999
PIVX/BTC,1561306774108,2019-06-23T16:19:34.108Z,buy,6.89e-05,134.42,0.0092615379999999
PIVX/BTC,1561306774108,2019-06-23T16:19:34.108Z,buy,6.9e-05,83.02,0.0057283799999999
PIVX/BTC,1561306774503,2019-06-23T16:19:34.503Z,buy,6.9e-05,51.39,0.0035459099999999
PIVX/BTC,1561306872939,2019-06-23T16:21:12.939Z,sell,6.88e-05,18.64,0.001282432
PIVX/BTC,1561306880602,2019-06-23T16:21:20.602Z,buy,6.91e-05,14.62,0.001010242
PIVX/BTC,1561306883958,2019-06-23T16:21:23.958Z,buy,6.91e-05,171.11,0.011823701
PIVX/BTC,1561306924876,2019-06-23T16:22:04.876Z,sell,6.9e-05,113.0,0.0077969999999999
PIVX/BTC,1561306924876,2019-06-23T16:22:04.876Z,sell,6.89e-05,57.84,0.003985176
PIVX/BTC,1561306941847,2019-06-23T16:22:21.847Z,buy,6.91e-05,95.29,0.006584539
PIVX/BTC,1561307010490,2019-06-23T16:23:30.490Z,buy,6.9e-05,95.84,0.00661296
PIVX/BTC,1561307050084,2019-06-23T16:24:10.084Z,buy,6.9e-05,0.01,6.9e-07
PIVX/BTC,1561307050084,2019-06-23T16:24:10.084Z,buy,6.91e-05,145.54,0.0100568139999999
PIVX/BTC,1561307117224,2019-06-23T16:25:17.224Z,sell,6.9e-05,96.77,0.0066771299999999
PIVX/BTC,1561307137909,2019-06-23T16:25:37.909Z,sell,6.9e-05,16.06,0.0011081399999999
PIVX/BTC,1561307241012,2019-06-23T16:27:21.012Z,sell,6.9e-05,12.17,0.0008397299999999
PIVX/BTC,1561307283102,2019-06-23T16:28:03.102Z,sell,6.88e-05,46.3,0.00318544
PIVX/BTC,1561307333319,2019-06-23T16:28:53.319Z,sell,6.88e-05,18.48,0.001271424
PIVX/BTC,1561307360851,2019-06-23T16:29:20.851Z,buy,6.89e-05,34.83,0.0023997869999999
PIVX/BTC,1561307360851,2019-06-23T16:29:20.851Z,buy,6.91e-05,64.79,0.004476989
PIVX/BTC,1561307360851,2019-06-23T16:29:20.851Z,buy,6.92e-05,10.52,0.000727984
PIVX/BTC,1561307385954,2019-06-23T16:29:45.954Z,sell,6.88e-05,110.14,0.007577632
PIVX/BTC,1561307514667,2019-06-23T16:31:54.667Z,buy,6.89e-05,15.98,0.001101022
PIVX/BTC,1561308667696,2019-06-23T16:51:07.696Z,sell,6.87e-05,18.82,0.001292934
PIVX/BTC,1561309035833,2019-06-23T16:57:15.833Z,sell,6.89e-05,298.43,0.0205618269999999
PIVX/BTC,1561309066099,2019-06-23T16:57:46.099Z,sell,6.89e-05,143.64,0.0098967959999999
PIVX/BTC,1561309083144,2019-06-23T16:58:03.144Z,buy,6.92e-05,64.24,0.004445408
PIVX/BTC,1561309083144,2019-06-23T16:58:03.144Z,buy,6.93e-05,212.25,0.014708925
PIVX/BTC,1561309083349,2019-06-23T16:58:03.349Z,buy,6.93e-05,22.04,0.001527372
PIVX/BTC,1561309083538,2019-06-23T16:58:03.538Z,buy,6.93e-05,28.98,0.002008314
PIVX/BTC,1561309083713,2019-06-23T16:58:03.713Z,buy,6.93e-05,210.91,0.014616063
PIVX/BTC,1561309107864,2019-06-23T16:58:27.864Z,sell,6.9e-05,29.07,0.00200583
PIVX/BTC,1561309107864,2019-06-23T16:58:27.864Z,sell,6.89e-05,191.48,0.0131929719999999
PIVX/BTC,1561309108059,2019-06-23T16:58:28.059Z,sell,6.89e-05,19.44,0.001339416
PIVX/BTC,1561309155029,2019-06-23T16:59:15.029Z,buy,6.91e-05,28.96,0.002001136
PIVX/BTC,1561309155029,2019-06-23T16:59:15.029Z,buy,6.92e-05,181.95,0.01259094
PIVX/BTC,1561309155352,2019-06-23T16:59:15.352Z,buy,6.92e-05,28.98,0.002005416
PIVX/BTC,1561309180074,2019-06-23T16:59:40.074Z,sell,6.89e-05,199.22,0.0137262579999999
PIVX/BTC,1561309180074,2019-06-23T16:59:40.074Z,sell,6.88e-05,99.96,0.006877248
PIVX/BTC,1561309180074,2019-06-23T16:59:40.074Z,sell,6.89e-05,199.22,0.0137262579999999
PIVX/BTC,1561309180074,2019-06-23T16:59:40.074Z,sell,6.88e-05,99.96,0.006877248
PIVX/BTC,1561309227169,2019-06-23T17:00:27.169Z,buy,6.91e-05,85.24,0.0058900839999999
PIVX/BTC,1561309227338,2019-06-23T17:00:27.338Z,buy,6.91e-05,142.94,0.0098771539999999
PIVX/BTC,1561309227338,2019-06-23T17:00:27.338Z,buy,6.92e-05,130.86,0.009055512
PIVX/BTC,1561309252030,2019-06-23T17:00:52.030Z,sell,6.89e-05,299.75,0.0206527749999999
PIVX/BTC,1561309252366,2019-06-23T17:00:52.366Z,sell,6.89e-05,312.5,0.02153125
PIVX/BTC,1561309410163,2019-06-23T17:03:30.163Z,sell,6.9e-05,434.33,0.02996877
PIVX/BTC,1561309474770,2019-06-23T17:04:34.770Z,sell,6.88e-05,41.42,0.002849696
PIVX/BTC,1561309484075,2019-06-23T17:04:44.075Z,sell,6.88e-05,676.22,0.046523936
PIVX/BTC,1561309501941,2019-06-23T17:05:01.941Z,sell,6.88e-05,290.56,0.019990528
PIVX/BTC,1561309582107,2019-06-23T17:06:22.107Z,sell,6.88e-05,16.87,0.001160656
PIVX/BTC,1561309595820,2019-06-23T17:06:35.820Z,sell,6.88e-05,169.05,0.01163064
PIVX/BTC,1561309601098,2019-06-23T17:06:41.098Z,sell,6.88e-05,589.99,0.040591312
PIVX/BTC,1561309604581,2019-06-23T17:06:44.581Z,sell,6.87e-05,14.84,0.001019508
PIVX/BTC,1561309722908,2019-06-23T17:08:42.908Z,sell,6.88e-05,65.49,0.004505712
PIVX/BTC,1561309722908,2019-06-23T17:08:42.908Z,sell,6.87e-05,747.15,0.051329205
PIVX/BTC,1561309722908,2019-06-23T17:08:42.908Z,sell,6.86e-05,964.95,0.06619557
PIVX/BTC,1561309737172,2019-06-23T17:08:57.172Z,sell,6.83e-05,1095.25,0.074805575
PIVX/BTC,1561309766626,2019-06-23T17:09:26.626Z,sell,6.83e-05,14.65,0.001000595
PIVX/BTC,1561309766626,2019-06-23T17:09:26.626Z,sell,6.82e-05,556.87,0.037978534
PIVX/BTC,1561309824094,2019-06-23T17:10:24.094Z,sell,6.82e-05,438.8,0.02992616
PIVX/BTC,1561309826101,2019-06-23T17:10:26.101Z,sell,6.82e-05,439.33,0.029962306
PIVX/BTC,1561309828091,2019-06-23T17:10:28.091Z,sell,6.82e-05,292.95,0.01997919
PIVX/BTC,1561309840089,2019-06-23T17:10:40.089Z,sell,6.83e-05,146.35,0.009995705
PIVX/BTC,1561309856102,2019-06-23T17:10:56.102Z,sell,6.83e-05,29.28,0.001999824
PIVX/BTC,1561309856102,2019-06-23T17:10:56.102Z,sell,6.82e-05,117.15,0.00798963
PIVX/BTC,1561309863575,2019-06-23T17:11:03.575Z,buy,6.86e-05,16.03,0.001099658
PIVX/BTC,1561309870108,2019-06-23T17:11:10.108Z,sell,6.83e-05,219.54,0.014994582
PIVX/BTC,1561309872091,2019-06-23T17:11:12.091Z,sell,6.83e-05,89.25,0.006095775
PIVX/BTC,1561309872091,2019-06-23T17:11:12.091Z,sell,6.82e-05,349.82,0.023857724
PIVX/BTC,1561309876102,2019-06-23T17:11:16.102Z,sell,6.82e-05,147.09,0.010031538
PIVX/BTC,1561310083722,2019-06-23T17:14:43.722Z,sell,6.82e-05,301.5,0.0205623
PIVX/BTC,1561310093759,2019-06-23T17:14:53.759Z,sell,6.82e-05,152.88,0.010426416
PIVX/BTC,1561310239371,2019-06-23T17:17:19.371Z,buy,6.84e-05,25.03,0.001712052
PIVX/BTC,1561310244364,2019-06-23T17:17:24.364Z,buy,6.85e-05,28.07,0.001922795
PIVX/BTC,1561310258683,2019-06-23T17:17:38.683Z,buy,6.85e-05,140.9,0.00965165
PIVX/BTC,1561310268671,2019-06-23T17:17:48.671Z,buy,6.85e-05,61.84,0.00423604
PIVX/BTC,1561310401768,2019-06-23T17:20:01.768Z,buy,6.84e-05,67.2,0.00459648
PIVX/BTC,1561310404829,2019-06-23T17:20:04.829Z,buy,6.84e-05,33.54,0.002294136
PIVX/BTC,1561310406448,2019-06-23T17:20:06.448Z,buy,6.84e-05,74.9,0.00512316
PIVX/BTC,1561310518286,2019-06-23T17:21:58.286Z,buy,6.86e-05,72.88,0.0049995679999999
PIVX/BTC,1561310724969,2019-06-23T17:25:24.969Z,buy,6.85e-05,38.76,0.00265506
PIVX/BTC,1561310770283,2019-06-23T17:26:10.283Z,buy,6.85e-05,25.0,0.0017125
PIVX/BTC,1561311383321,2019-06-23T17:36:23.321Z,buy,6.83e-05,43.97,0.003003151
PIVX/BTC,1561311391969,2019-06-23T17:36:31.969Z,buy,6.83e-05,33.27,0.002272341
PIVX/BTC,1561311392237,2019-06-23T17:36:32.237Z,buy,6.83e-05,29.01,0.001981383
PIVX/BTC,1561311396225,2019-06-23T17:36:36.225Z,buy,6.83e-05,34.07,0.002326981
PIVX/BTC,1561311403011,2019-06-23T17:36:43.011Z,buy,6.83e-05,178.84,0.012214772
PIVX/BTC,1561311406173,2019-06-23T17:36:46.173Z,buy,6.83e-05,99.22,0.006776726
PIVX/BTC,1561311410112,2019-06-23T17:36:50.112Z,buy,6.83e-05,79.52,0.005431216
PIVX/BTC,1561311445920,2019-06-23T17:37:25.920Z,sell,6.81e-05,149.99,0.010214319
PIVX/BTC,1561311536174,2019-06-23T17:38:56.174Z,sell,6.81e-05,336.85,0.022939485
PIVX/BTC,1561311536465,2019-06-23T17:38:56.465Z,sell,6.81e-05,28.0,0.0019068
PIVX/BTC,1561311537457,2019-06-23T17:38:57.457Z,sell,6.81e-05,28.0,0.0019068
PIVX/BTC,1561311537862,2019-06-23T17:38:57.862Z,sell,6.81e-05,235.79,0.016057299
PIVX/BTC,1561311538667,2019-06-23T17:38:58.667Z,sell,6.81e-05,165.06,0.011240586
PIVX/BTC,1561311632034,2019-06-23T17:40:32.034Z,buy,6.85e-05,21.23,0.001454255
PIVX/BTC,1561311632046,2019-06-23T17:40:32.046Z,buy,6.85e-05,28.37,0.001943345
PIVX/BTC,1561311664096,2019-06-23T17:41:04.096Z,sell,6.81e-05,43.94,0.002992314
PIVX/BTC,1561311664100,2019-06-23T17:41:04.100Z,sell,6.81e-05,14.45,0.000984045
PIVX/BTC,1561311669011,2019-06-23T17:41:09.011Z,sell,6.8e-05,54.14,0.00368152
PIVX/BTC,1561311697718,2019-06-23T17:41:37.718Z,buy,6.83e-05,24.57,0.001678131
PIVX/BTC,1561312024236,2019-06-23T17:47:04.236Z,buy,6.83e-05,57.72,0.003942276
PIVX/BTC,1561312257610,2019-06-23T17:50:57.610Z,buy,6.81e-05,130.51,0.008887731
PIVX/BTC,1561312282713,2019-06-23T17:51:22.713Z,sell,6.79e-05,55.56,0.003772524
PIVX/BTC,1561312282982,2019-06-23T17:51:22.982Z,sell,6.79e-05,74.95,0.005089105
PIVX/BTC,1561312332205,2019-06-23T17:52:12.205Z,buy,6.82e-05,130.51,0.008900782
PIVX/BTC,1561312356936,2019-06-23T17:52:36.936Z,sell,6.79e-05,60.06,0.004078074
PIVX/BTC,1561312356936,2019-06-23T17:52:36.936Z,sell,6.78e-05,70.45,0.0047765099999999
PIVX/BTC,1561312386917,2019-06-23T17:53:06.917Z,sell,6.78e-05,31.31,0.002122818
PIVX/BTC,1561312386917,2019-06-23T17:53:06.917Z,sell,6.77e-05,152.89,0.010350653
PIVX/BTC,1561312387026,2019-06-23T17:53:07.026Z,sell,6.77e-05,1434.25,0.097098725
PIVX/BTC,1561312387026,2019-06-23T17:53:07.026Z,sell,6.76e-05,55.67,0.003763292
PIVX/BTC,1561312405949,2019-06-23T17:53:25.949Z,buy,6.81e-05,67.73,0.004612413
PIVX/BTC,1561312406111,2019-06-23T17:53:26.111Z,buy,6.81e-05,62.78,0.004275318
PIVX/BTC,1561312430873,2019-06-23T17:53:50.873Z,sell,6.77e-05,130.51,0.008835527
PIVX/BTC,1561312634769,2019-06-23T17:57:14.769Z,sell,6.77e-05,80.85,0.005473545
PIVX/BTC,1561312646189,2019-06-23T17:57:26.189Z,sell,6.77e-05,33.19,0.002246963
PIVX/BTC,1561312646189,2019-06-23T17:57:26.189Z,sell,6.77e-05,33.19,0.002246963
PIVX/BTC,1561312883576,2019-06-23T18:01:23.576Z,buy,6.81e-05,20.45,0.001392645
PIVX/BTC,1561313004123,2019-06-23T18:03:24.123Z,sell,6.77e-05,38.46,0.002603742
PIVX/BTC,1561313431040,2019-06-23T18:10:31.040Z,sell,6.77e-05,753.54,0.051014658
PIVX/BTC,1561313431040,2019-06-23T18:10:31.040Z,sell,6.76e-05,449.79,0.030405804
PIVX/BTC,1561313589797,2019-06-23T18:13:09.797Z,buy,6.81e-05,20.85,0.001419885
PIVX/BTC,1561313592125,2019-06-23T18:13:12.125Z,buy,6.8e-05,67.86,0.00461448
PIVX/BTC,1561313592125,2019-06-23T18:13:12.125Z,buy,6.8e-05,180.7,0.0122876
PIVX/BTC,1561313592130,2019-06-23T18:13:12.130Z,buy,6.8e-05,180.7,0.0122876
PIVX/BTC,1561313922522,2019-06-23T18:18:42.522Z,sell,6.76e-05,37.14,0.002510664
PIVX/BTC,1561314104322,2019-06-23T18:21:44.322Z,buy,6.79e-05,16.91,0.001148189
PIVX/BTC,1561314225071,2019-06-23T18:23:45.071Z,sell,6.76e-05,15.68,0.001059968
PIVX/BTC,1561314364859,2019-06-23T18:26:04.859Z,buy,6.79e-05,20.02,0.001359358
PIVX/BTC,1561314378334,2019-06-23T18:26:18.334Z,sell,6.76e-05,40.12,0.002712112
PIVX/BTC,1561314530370,2019-06-23T18:28:50.370Z,buy,6.79e-05,17.08,0.001159732
PIVX/BTC,1561314559917,2019-06-23T18:29:19.917Z,buy,6.79e-05,16.2,0.00109998
PIVX/BTC,1561314769996,2019-06-23T18:32:49.996Z,sell,6.76e-05,94.89,0.006414564
PIVX/BTC,1561314874523,2019-06-23T18:34:34.523Z,sell,6.77e-05,19.8,0.00134046
PIVX/BTC,1561314874523,2019-06-23T18:34:34.523Z,sell,6.76e-05,1956.57,0.132264132
PIVX/BTC,1561314874523,2019-06-23T18:34:34.523Z,sell,6.75e-05,612.49,0.041343075
PIVX/BTC,1561314874523,2019-06-23T18:34:34.523Z,sell,6.74e-05,982.31,0.066207694
PIVX/BTC,1561314874523,2019-06-23T18:34:34.523Z,sell,6.73e-05,6279.6,0.42261708
PIVX/BTC,1561314875042,2019-06-23T18:34:35.042Z,sell,6.73e-05,968.53,0.065182069
PIVX/BTC,1561314875042,2019-06-23T18:34:35.042Z,sell,6.72e-05,627.47,0.042165984
PIVX/BTC,1561314875890,2019-06-23T18:34:35.890Z,sell,6.73e-05,891.53,0.0599999689999999
PIVX/BTC,1561314875890,2019-06-23T18:34:35.890Z,sell,6.72e-05,0.71,4.771199999999999e-05
PIVX/BTC,1561314876713,2019-06-23T18:34:36.713Z,sell,6.73e-05,70.58,0.0047500339999999
PIVX/BTC,1561314885736,2019-06-23T18:34:45.736Z,sell,6.71e-05,15.54,0.001042734
PIVX/BTC,1561314905223,2019-06-23T18:35:05.223Z,buy,6.74e-05,118.68,0.007999032
PIVX/BTC,1561314914094,2019-06-23T18:35:14.094Z,buy,6.74e-05,106.81,0.007198994
PIVX/BTC,1561314921626,2019-06-23T18:35:21.626Z,buy,6.74e-05,65.43,0.004409982
PIVX/BTC,1561314926416,2019-06-23T18:35:26.416Z,sell,6.72e-05,65.67,0.004413024
PIVX/BTC,1561314926416,2019-06-23T18:35:26.416Z,sell,6.71e-05,256.82,0.017232622
PIVX/BTC,1561314926416,2019-06-23T18:35:26.416Z,sell,6.7e-05,442.13,0.02962271
PIVX/BTC,1561314940769,2019-06-23T18:35:40.769Z,sell,6.7e-05,15.54,0.00104118
PIVX/BTC,1561314954486,2019-06-23T18:35:54.486Z,buy,6.73e-05,134.56,0.009055888
PIVX/BTC,1561314995835,2019-06-23T18:36:35.835Z,buy,6.74e-05,85.4,0.00575596
PIVX/BTC,1561315009829,2019-06-23T18:36:49.829Z,buy,6.72e-05,144.4,0.00970368
PIVX/BTC,1561315020095,2019-06-23T18:37:00.095Z,buy,6.72e-05,0.01,6.72e-07
PIVX/BTC,1561315020095,2019-06-23T18:37:00.095Z,buy,6.73e-05,44.51,0.0029955229999999
PIVX/BTC,1561315088159,2019-06-23T18:38:08.159Z,buy,6.72e-05,436.7,0.0293462399999999
PIVX/BTC,1561315093967,2019-06-23T18:38:13.967Z,sell,6.7e-05,647.38,0.04337446
PIVX/BTC,1561315093967,2019-06-23T18:38:13.967Z,sell,6.69e-05,3727.8,0.24938982
PIVX/BTC,1561315095123,2019-06-23T18:38:15.123Z,buy,6.72e-05,21.0,0.0014111999999999
PIVX/BTC,1561315095839,2019-06-23T18:38:15.839Z,sell,6.69e-05,72.89,0.004876341
PIVX/BTC,1561315332102,2019-06-23T18:42:12.102Z,buy,6.73e-05,44.47,0.0029928309999999
PIVX/BTC,1561315332872,2019-06-23T18:42:12.872Z,sell,6.72e-05,20.63,0.0013863359999999
PIVX/BTC,1561315334095,2019-06-23T18:42:14.095Z,buy,6.73e-05,221.94,0.0149365619999999
PIVX/BTC,1561315352194,2019-06-23T18:42:32.194Z,buy,6.72e-05,65.2,0.0043814399999999
PIVX/BTC,1561315375272,2019-06-23T18:42:55.272Z,sell,6.7e-05,197.03,0.01320101
PIVX/BTC,1561315375272,2019-06-23T18:42:55.272Z,sell,6.69e-05,88.34,0.005909946
PIVX/BTC,1561315375604,2019-06-23T18:42:55.604Z,buy,6.69e-05,7.48,0.000500412
PIVX/BTC,1561315384725,2019-06-23T18:43:04.725Z,sell,6.71e-05,107.96,0.007244116
PIVX/BTC,1561315387906,2019-06-23T18:43:07.906Z,sell,6.69e-05,58.39,0.003906291
PIVX/BTC,1561315387906,2019-06-23T18:43:07.906Z,sell,6.68e-05,589.13,0.039353884
PIVX/BTC,1561315406701,2019-06-23T18:43:26.701Z,sell,6.68e-05,24.96,0.001667328
PIVX/BTC,1561315458431,2019-06-23T18:44:18.431Z,sell,6.69e-05,184.61,0.012350409
PIVX/BTC,1561315518393,2019-06-23T18:45:18.393Z,sell,6.69e-05,168.98,0.011304762
PIVX/BTC,1561315690100,2019-06-23T18:48:10.100Z,buy,6.72e-05,222.06,0.014922432
PIVX/BTC,1561315690100,2019-06-23T18:48:10.100Z,sell,6.68e-05,160.32,0.010709376
PIVX/BTC,1561315790157,2019-06-23T18:49:50.157Z,buy,6.73e-05,224.16,0.0150859679999999
PIVX/BTC,1561315838057,2019-06-23T18:50:38.057Z,buy,6.7e-05,19.57,0.00131119
PIVX/BTC,1561315991490,2019-06-23T18:53:11.490Z,sell,6.69e-05,295.03,0.0197375069999999
PIVX/BTC,1561315991490,2019-06-23T18:53:11.490Z,sell,6.68e-05,4704.97,0.314291996
PIVX/BTC,1561316010755,2019-06-23T18:53:30.755Z,sell,6.69e-05,402.12,0.026901828
PIVX/BTC,1561316010755,2019-06-23T18:53:30.755Z,sell,6.68e-05,4597.88,0.307138384
PIVX/BTC,1561316014100,2019-06-23T18:53:34.100Z,buy,6.72e-05,148.75,0.009996
PIVX/BTC,1561316016093,2019-06-23T18:53:36.093Z,buy,6.72e-05,44.64,0.0029998079999999
PIVX/BTC,1561316018102,2019-06-23T18:53:38.102Z,buy,6.72e-05,444.87,0.0298952639999999
PIVX/BTC,1561316020101,2019-06-23T18:53:40.101Z,buy,6.72e-05,444.87,0.0298952639999999
PIVX/BTC,1561316022104,2019-06-23T18:53:42.104Z,buy,6.72e-05,444.87,0.0298952639999999
PIVX/BTC,1561316022812,2019-06-23T18:53:42.812Z,buy,6.72e-05,84.09,0.005650848
PIVX/BTC,1561316024095,2019-06-23T18:53:44.095Z,buy,6.72e-05,444.87,0.0298952639999999
PIVX/BTC,1561316026099,2019-06-23T18:53:46.099Z,buy,6.72e-05,148.34,0.009968448
PIVX/BTC,1561316028098,2019-06-23T18:53:48.098Z,buy,6.72e-05,44.6,0.00299712
PIVX/BTC,1561316028098,2019-06-23T18:53:48.098Z,buy,6.72e-05,44.6,0.00299712
PIVX/BTC,1561316399177,2019-06-23T18:59:59.177Z,buy,6.72e-05,73.81,0.004960032
PIVX/BTC,1561316407428,2019-06-23T19:00:07.428Z,buy,6.72e-05,60.27,0.0040501439999999
PIVX/BTC,1561316444334,2019-06-23T19:00:44.334Z,sell,6.69e-05,15.19,0.001016211
PIVX/BTC,1561316477375,2019-06-23T19:01:17.375Z,sell,6.69e-05,50.47,0.003376443
PIVX/BTC,1561316477375,2019-06-23T19:01:17.375Z,sell,6.68e-05,2238.71,0.149545828
PIVX/BTC,1561316477923,2019-06-23T19:01:17.923Z,sell,6.68e-05,190.5,0.0127254
PIVX/BTC,1561316494759,2019-06-23T19:01:34.759Z,sell,6.67e-05,480.22,0.032030674
PIVX/BTC,1561316495199,2019-06-23T19:01:35.199Z,buy,6.67e-05,62.7,0.00418209
PIVX/BTC,1561316496195,2019-06-23T19:01:36.195Z,buy,6.67e-05,447.25,0.029831575
PIVX/BTC,1561316496246,2019-06-23T19:01:36.246Z,buy,6.67e-05,28.0,0.0018675999999999
PIVX/BTC,1561316498149,2019-06-23T19:01:38.149Z,buy,6.67e-05,225.09,0.015013503
PIVX/BTC,1561316500200,2019-06-23T19:01:40.200Z,buy,6.67e-05,149.93,0.010000331
PIVX/BTC,1561316500312,2019-06-23T19:01:40.312Z,buy,6.67e-05,34.69,0.0023138229999999
PIVX/BTC,1561316500715,2019-06-23T19:01:40.715Z,buy,6.67e-05,19.74,0.0013166579999999
PIVX/BTC,1561316502167,2019-06-23T19:01:42.167Z,buy,6.67e-05,224.89,0.0150001629999999
PIVX/BTC,1561316504099,2019-06-23T19:01:44.099Z,buy,6.67e-05,447.51,0.0298489169999999
PIVX/BTC,1561316506168,2019-06-23T19:01:46.168Z,buy,6.67e-05,373.51,0.024913117
PIVX/BTC,1561316507124,2019-06-23T19:01:47.124Z,sell,6.66e-05,60.2,0.00400932
PIVX/BTC,1561316508523,2019-06-23T19:01:48.523Z,sell,6.66e-05,15.17,0.001010322
PIVX/BTC,1561316539066,2019-06-23T19:02:19.066Z,sell,6.66e-05,42.11,0.002804526
PIVX/BTC,1561316588681,2019-06-23T19:03:08.681Z,sell,6.66e-05,75.23,0.005010318
PIVX/BTC,1561316609942,2019-06-23T19:03:29.942Z,buy,6.66e-05,146.81,0.009777546
PIVX/BTC,1561316643029,2019-06-23T19:04:03.029Z,buy,6.66e-05,15.02,0.001000332
PIVX/BTC,1561316740073,2019-06-23T19:05:40.073Z,sell,6.65e-05,192.79,0.012820535
PIVX/BTC,1561316740073,2019-06-23T19:05:40.073Z,sell,6.64e-05,38.77,0.002574328
PIVX/BTC,1561316763679,2019-06-23T19:06:03.679Z,sell,6.64e-05,464.53,0.030844792
PIVX/BTC,1561316764166,2019-06-23T19:06:04.166Z,buy,6.64e-05,224.2,0.01488688
PIVX/BTC,1561316764530,2019-06-23T19:06:04.530Z,sell,6.63e-05,60.28,0.003996564
PIVX/BTC,1561316764530,2019-06-23T19:06:04.530Z,sell,6.62e-05,16.0,0.0010592
PIVX/BTC,1561316764530,2019-06-23T19:06:04.530Z,sell,6.61e-05,54.9,0.0036288899999999
PIVX/BTC,1561316764530,2019-06-23T19:06:04.530Z,sell,6.61e-05,5.86,0.000387346
PIVX/BTC,1561316764530,2019-06-23T19:06:04.530Z,sell,6.6e-05,19.99,0.00131934
PIVX/BTC,1561316766156,2019-06-23T19:06:06.156Z,buy,6.64e-05,150.6,0.00999984
PIVX/BTC,1561316770101,2019-06-23T19:06:10.101Z,buy,6.63e-05,300.02,0.0198913259999999
PIVX/BTC,1561316774685,2019-06-23T19:06:14.685Z,sell,6.6e-05,37.71,0.00248886
PIVX/BTC,1561316784038,2019-06-23T19:06:24.038Z,sell,6.6e-05,442.3,0.0291918
PIVX/BTC,1561316784038,2019-06-23T19:06:24.038Z,sell,6.59e-05,1461.47,0.096310873
PIVX/BTC,1561316819216,2019-06-23T19:06:59.216Z,sell,6.6e-05,66.35,0.0043791
PIVX/BTC,1561316819937,2019-06-23T19:06:59.937Z,buy,6.6e-05,39.78,0.00262548
PIVX/BTC,1561316831953,2019-06-23T19:07:11.953Z,sell,6.58e-05,146.41,0.0096337779999999
PIVX/BTC,1561316834094,2019-06-23T19:07:14.094Z,buy,6.61e-05,150.39,0.0099407789999999
PIVX/BTC,1561316841789,2019-06-23T19:07:21.789Z,sell,6.58e-05,15.35,0.00101003
PIVX/BTC,1561316866120,2019-06-23T19:07:46.120Z,sell,6.58e-05,192.58,0.012671764
PIVX/BTC,1561316867967,2019-06-23T19:07:47.967Z,buy,6.58e-05,48.88,0.003216304
PIVX/BTC,1561316868104,2019-06-23T19:07:48.104Z,buy,6.61e-05,226.11,0.014945871
PIVX/BTC,1561316869772,2019-06-23T19:07:49.772Z,buy,6.61e-05,28.56,0.0018878159999999
PIVX/BTC,1561316878215,2019-06-23T19:07:58.215Z,buy,6.61e-05,0.43,2.8422999999999995e-05
PIVX/BTC,1561316885785,2019-06-23T19:08:05.785Z,sell,6.62e-05,47.09,0.003117358
PIVX/BTC,1561316897503,2019-06-23T19:08:17.503Z,sell,6.61e-05,16.87,0.001115107
PIVX/BTC,1561316897503,2019-06-23T19:08:17.503Z,sell,6.58e-05,484.5,0.0318801
PIVX/BTC,1561316897503,2019-06-23T19:08:17.503Z,sell,6.57e-05,286.36,0.018813852
PIVX/BTC,1561316897503,2019-06-23T19:08:17.503Z,sell,6.56e-05,1069.97,0.070190032
PIVX/BTC,1561317013923,2019-06-23T19:10:13.923Z,sell,6.56e-05,15.25,0.0010004
PIVX/BTC,1561317013923,2019-06-23T19:10:13.923Z,sell,6.55e-05,100.06,0.00655393
PIVX/BTC,1561317013923,2019-06-23T19:10:13.923Z,sell,6.53e-05,1944.68,0.126987604
PIVX/BTC,1561317020050,2019-06-23T19:10:20.050Z,buy,6.57e-05,16.7,0.0010971899999999
PIVX/BTC,1561317036406,2019-06-23T19:10:36.406Z,sell,6.54e-05,34.51,0.002256954
PIVX/BTC,1561317036406,2019-06-23T19:10:36.406Z,sell,6.53e-05,121.49,0.007933297
PIVX/BTC,1561317036406,2019-06-23T19:10:36.406Z,sell,6.52e-05,184.22,0.012011144
PIVX/BTC,1561317038943,2019-06-23T19:10:38.943Z,sell,6.52e-05,148.47,0.009680244
PIVX/BTC,1561317046154,2019-06-23T19:10:46.154Z,buy,6.56e-05,151.24,0.009921344
PIVX/BTC,1561317050241,2019-06-23T19:10:50.241Z,sell,6.52e-05,38.11,0.002484772
PIVX/BTC,1561317083959,2019-06-23T19:11:23.959Z,sell,6.52e-05,92.96,0.0060609919999999
PIVX/BTC,1561317096094,2019-06-23T19:11:36.094Z,buy,6.55e-05,456.43,0.029896165
PIVX/BTC,1561317100096,2019-06-23T19:11:40.096Z,buy,6.55e-05,152.67,0.009999885
PIVX/BTC,1561317100096,2019-06-23T19:11:40.096Z,buy,6.56e-05,152.16,0.0099816959999999
PIVX/BTC,1561317105332,2019-06-23T19:11:45.332Z,sell,6.53e-05,66.62,0.004350286
PIVX/BTC,1561317105332,2019-06-23T19:11:45.332Z,sell,6.52e-05,317.13,0.020676876
PIVX/BTC,1561317105332,2019-06-23T19:11:45.332Z,sell,6.51e-05,687.44,0.044752344
PIVX/BTC,1561317123023,2019-06-23T19:12:03.023Z,sell,6.52e-05,193.6,0.0126227199999999
PIVX/BTC,1561317124099,2019-06-23T19:12:04.099Z,buy,6.52e-05,382.13,0.024914876
PIVX/BTC,1561317125778,2019-06-23T19:12:05.778Z,sell,6.51e-05,122.64,0.007983864
PIVX/BTC,1561317126258,2019-06-23T19:12:06.258Z,buy,6.52e-05,63.99,0.004172148
PIVX/BTC,1561317126275,2019-06-23T19:12:06.275Z,buy,6.52e-05,43.28,0.002821856
PIVX/BTC,1561317126275,2019-06-23T19:12:06.275Z,buy,6.54e-05,63.99,0.004184946
PIVX/BTC,1561317128101,2019-06-23T19:12:08.101Z,buy,6.54e-05,228.88,0.014968752
PIVX/BTC,1561317136094,2019-06-23T19:12:16.094Z,buy,6.54e-05,152.27,0.009958458
PIVX/BTC,1561317139385,2019-06-23T19:12:19.385Z,buy,6.54e-05,112.58,0.007362732
PIVX/BTC,1561317150108,2019-06-23T19:12:30.108Z,buy,6.54e-05,228.84,0.014966136
PIVX/BTC,1561317230101,2019-06-23T19:13:50.101Z,buy,6.54e-05,228.9,0.01497006
PIVX/BTC,1561317261514,2019-06-23T19:14:21.514Z,buy,6.54e-05,76.89,0.005028606
PIVX/BTC,1561317305678,2019-06-23T19:15:05.678Z,sell,6.51e-05,89.44,0.005822544
PIVX/BTC,1561317306102,2019-06-23T19:15:06.102Z,buy,6.51e-05,458.13,0.0298242629999999
PIVX/BTC,1561317307857,2019-06-23T19:15:07.857Z,buy,6.51e-05,106.09,0.006906459
PIVX/BTC,1561317308110,2019-06-23T19:15:08.110Z,buy,6.51e-05,458.2,0.02982882
PIVX/BTC,1561317310105,2019-06-23T19:15:10.105Z,buy,6.51e-05,457.65,0.0297930149999999
PIVX/BTC,1561317310991,2019-06-23T19:15:10.991Z,buy,6.51e-05,150.39,0.0097903889999999
PIVX/BTC,1561317312159,2019-06-23T19:15:12.159Z,buy,6.51e-05,458.2,0.02982882
PIVX/BTC,1561317313994,2019-06-23T19:15:13.994Z,buy,6.51e-05,149.0,0.0096999
PIVX/BTC,1561317314108,2019-06-23T19:15:14.108Z,buy,6.53e-05,458.2,0.02992046
PIVX/BTC,1561317320102,2019-06-23T19:15:20.102Z,buy,6.53e-05,382.17,0.024955701
PIVX/BTC,1561317504551,2019-06-23T19:18:24.551Z,sell,6.5e-05,87.84,0.0057096
PIVX/BTC,1561317528322,2019-06-23T19:18:48.322Z,sell,6.5e-05,58.99,0.00383435
PIVX/BTC,1561317536515,2019-06-23T19:18:56.515Z,sell,6.5e-05,181.85,0.01182025
PIVX/BTC,1561317543327,2019-06-23T19:19:03.327Z,sell,6.5e-05,167.26,0.0108718999999999
PIVX/BTC,1561317575879,2019-06-23T19:19:35.879Z,sell,6.5e-05,146.84,0.0095445999999999
PIVX/BTC,1561317575891,2019-06-23T19:19:35.891Z,sell,6.5e-05,117.47,0.00763555
PIVX/BTC,1561317576342,2019-06-23T19:19:36.342Z,sell,6.5e-05,29.06,0.0018888999999999
PIVX/BTC,1561317581831,2019-06-23T19:19:41.831Z,sell,6.5e-05,726.08,0.0471952
PIVX/BTC,1561317584091,2019-06-23T19:19:44.091Z,buy,6.49e-05,459.8,0.02984102
PIVX/BTC,1561317587777,2019-06-23T19:19:47.777Z,sell,6.47e-05,146.63,0.009486961
PIVX/BTC,1561317588613,2019-06-23T19:19:48.613Z,buy,6.46e-05,4200.0,0.27132
PIVX/BTC,1561317592089,2019-06-23T19:19:52.089Z,sell,6.47e-05,441.89,0.028590283
PIVX/BTC,1561317592162,2019-06-23T19:19:52.162Z,buy,6.49e-05,277.33,0.017998717
PIVX/BTC,1561317601802,2019-06-23T19:20:01.802Z,sell,6.46e-05,200.7,0.01296522
PIVX/BTC,1561317602397,2019-06-23T19:20:02.397Z,buy,6.49e-05,15.41,0.001000109
PIVX/BTC,1561317603546,2019-06-23T19:20:03.546Z,buy,6.49e-05,162.12,0.010521588
PIVX/BTC,1561317651886,2019-06-23T19:20:51.886Z,sell,6.48e-05,131.77,0.008538696
PIVX/BTC,1561317653561,2019-06-23T19:20:53.561Z,sell,6.48e-05,77.19,0.005001912
PIVX/BTC,1561317663826,2019-06-23T19:21:03.826Z,buy,6.49e-05,41.6,0.00269984
PIVX/BTC,1561317665055,2019-06-23T19:21:05.055Z,sell,6.49e-05,93.77,0.006085673
PIVX/BTC,1561317671003,2019-06-23T19:21:11.003Z,sell,6.49e-05,30.19,0.001959331
PIVX/BTC,1561317701757,2019-06-23T19:21:41.757Z,buy,6.5e-05,188.7,0.0122654999999999
PIVX/BTC,1561317712087,2019-06-23T19:21:52.087Z,buy,6.5e-05,1666.0,0.10829
PIVX/BTC,1561317713790,2019-06-23T19:21:53.790Z,buy,6.5e-05,419.02,0.0272362999999999
PIVX/BTC,1561317713974,2019-06-23T19:21:53.974Z,buy,6.51e-05,16.61,0.001081311
PIVX/BTC,1561317714285,2019-06-23T19:21:54.285Z,sell,6.52e-05,66.58,0.004341016
PIVX/BTC,1561317714477,2019-06-23T19:21:54.477Z,sell,6.52e-05,192.42,0.0125457839999999
PIVX/BTC,1561317715477,2019-06-23T19:21:55.477Z,buy,6.53e-05,20.0,0.001306
PIVX/BTC,1561317715477,2019-06-23T19:21:55.477Z,buy,6.55e-05,58.18,0.00381079
PIVX/BTC,1561317716435,2019-06-23T19:21:56.435Z,sell,6.53e-05,58.07,0.003791971
PIVX/BTC,1561317716435,2019-06-23T19:21:56.435Z,sell,6.52e-05,211.39,0.0137826279999999
PIVX/BTC,1561317716435,2019-06-23T19:21:56.435Z,sell,6.51e-05,368.05,0.023960055
PIVX/BTC,1561317720370,2019-06-23T19:22:00.370Z,buy,6.55e-05,300.0,0.01965
PIVX/BTC,1561317738173,2019-06-23T19:22:18.173Z,buy,6.54e-05,29.02,0.001897908
PIVX/BTC,1561317738621,2019-06-23T19:22:18.621Z,buy,6.54e-05,20.0,0.001308
PIVX/BTC,1561317738655,2019-06-23T19:22:18.655Z,buy,6.54e-05,20.02,0.001309308
PIVX/BTC,1561317740855,2019-06-23T19:22:20.855Z,buy,6.54e-05,20.14,0.001317156
PIVX/BTC,1561317741216,2019-06-23T19:22:21.216Z,buy,6.54e-05,19.08,0.001247832
PIVX/BTC,1561317959350,2019-06-23T19:25:59.350Z,buy,6.55e-05,211.39,0.013846045
PIVX/BTC,1561317959602,2019-06-23T19:25:59.602Z,sell,6.55e-05,162.22,0.01062541
PIVX/BTC,1561317972906,2019-06-23T19:26:12.906Z,buy,6.55e-05,79.76,0.00522428
PIVX/BTC,1561317981799,2019-06-23T19:26:21.799Z,buy,6.55e-05,61.06,0.00399943
PIVX/BTC,1561317983444,2019-06-23T19:26:23.444Z,buy,6.55e-05,115.98,0.00759669
PIVX/BTC,1561317991325,2019-06-23T19:26:31.325Z,buy,6.57e-05,52.15,0.0034262549999999
PIVX/BTC,1561317994162,2019-06-23T19:26:34.162Z,sell,6.58e-05,16.0,0.0010528
PIVX/BTC,1561317994332,2019-06-23T19:26:34.332Z,sell,6.58e-05,16.04,0.001055432
PIVX/BTC,1561318025257,2019-06-23T19:27:05.257Z,buy,6.6e-05,98.51,0.00650166
PIVX/BTC,1561318025257,2019-06-23T19:27:05.257Z,buy,6.61e-05,460.95,0.0304687949999999
PIVX/BTC,1561318025257,2019-06-23T19:27:05.257Z,buy,6.62e-05,992.17,0.0656816539999999
PIVX/BTC,1561318025257,2019-06-23T19:27:05.257Z,buy,6.63e-05,3448.37,0.2286269309999999
PIVX/BTC,1561318127396,2019-06-23T19:28:47.396Z,buy,6.59e-05,19.57,0.001289663
PIVX/BTC,1561318180933,2019-06-23T19:29:40.933Z,sell,6.54e-05,96.72,0.006325488
PIVX/BTC,1561318180933,2019-06-23T19:29:40.933Z,sell,6.53e-05,49.05,0.003202965
PIVX/BTC,1561318181416,2019-06-23T19:29:41.416Z,sell,6.53e-05,145.77,0.009518781
PIVX/BTC,1561318224900,2019-06-23T19:30:24.900Z,sell,6.53e-05,15.47,0.001010191
PIVX/BTC,1561318230879,2019-06-23T19:30:30.879Z,buy,6.55e-05,28.24,0.00184972
PIVX/BTC,1561318361636,2019-06-23T19:32:41.636Z,buy,6.55e-05,33.0,0.0021615
PIVX/BTC,1561318361650,2019-06-23T19:32:41.650Z,buy,6.55e-05,4.2,0.0002751
PIVX/BTC,1561318365041,2019-06-23T19:32:45.041Z,buy,6.59e-05,15.18,0.001000362
PIVX/BTC,1561318370343,2019-06-23T19:32:50.343Z,sell,6.58e-05,75.2,0.00494816
PIVX/BTC,1561318578514,2019-06-23T19:36:18.514Z,buy,6.58e-05,404.43,0.026611494
PIVX/BTC,1561318727647,2019-06-23T19:38:47.647Z,sell,6.56e-05,33.4,0.0021910399999999
PIVX/BTC,1561318933951,2019-06-23T19:42:13.951Z,sell,6.54e-05,2843.65,0.18597471
PIVX/BTC,1561318933951,2019-06-23T19:42:13.951Z,sell,6.53e-05,2156.35,0.140809655
PIVX/BTC,1561318965547,2019-06-23T19:42:45.547Z,sell,6.53e-05,80.0,0.005224
PIVX/BTC,1561319027994,2019-06-23T19:43:47.994Z,sell,6.53e-05,1269.27,0.082883331
PIVX/BTC,1561319226802,2019-06-23T19:47:06.802Z,sell,6.52e-05,29.42,0.001918184
PIVX/BTC,1561319404831,2019-06-23T19:50:04.831Z,sell,6.54e-05,100.0,0.00654
PIVX/BTC,1561319537867,2019-06-23T19:52:17.867Z,sell,6.52e-05,304.02,0.019822104
PIVX/BTC,1561319537867,2019-06-23T19:52:17.867Z,sell,6.52e-05,304.02,0.019822104
PIVX/BTC,1561319756530,2019-06-23T19:55:56.530Z,sell,6.52e-05,473.0,0.0308395999999999
PIVX/BTC,1561319769412,2019-06-23T19:56:09.412Z,buy,6.51e-05,15.99,0.001040949
PIVX/BTC,1561319796891,2019-06-23T19:56:36.891Z,sell,6.49e-05,4000.0,0.2596
PIVX/BTC,1561319886491,2019-06-23T19:58:06.491Z,sell,6.49e-05,421.54,0.027357946
PIVX/BTC,1561319934788,2019-06-23T19:58:54.788Z,buy,6.5e-05,29.23,0.0018999499999999
PIVX/BTC,1561319936866,2019-06-23T19:58:56.866Z,buy,6.5e-05,26.6,0.0017289999999999
PIVX/BTC,1561319938701,2019-06-23T19:58:58.701Z,buy,6.5e-05,1006.15,0.0653997499999999
PIVX/BTC,1561319952606,2019-06-23T19:59:12.606Z,buy,6.5e-05,0.49,3.1849999999999995e-05
PIVX/BTC,1561320011819,2019-06-23T20:00:11.819Z,buy,6.51e-05,299.08,0.0194701079999999
PIVX/BTC,1561320011982,2019-06-23T20:00:11.982Z,buy,6.51e-05,299.41,0.019491591
PIVX/BTC,1561320035280,2019-06-23T20:00:35.280Z,sell,6.5e-05,61.53,0.00399945
PIVX/BTC,1561320071771,2019-06-23T20:01:11.771Z,sell,6.48e-05,53.42,0.003461616
PIVX/BTC,1561320071771,2019-06-23T20:01:11.771Z,sell,6.47e-05,22.86,0.001479042
PIVX/BTC,1561320071771,2019-06-23T20:01:11.771Z,sell,6.45e-05,669.62,0.04319049
PIVX/BTC,1561320071771,2019-06-23T20:01:11.771Z,sell,6.44e-05,1713.69,0.1103616359999999
PIVX/BTC,1561320078474,2019-06-23T20:01:18.474Z,buy,6.47e-05,19.5,0.00126165
PIVX/BTC,1561320082531,2019-06-23T20:01:22.531Z,buy,6.47e-05,193.17,0.0124980989999999
PIVX/BTC,1561320083725,2019-06-23T20:01:23.725Z,sell,6.46e-05,15.71,0.001014866
PIVX/BTC,1561320084054,2019-06-23T20:01:24.054Z,sell,6.46e-05,38.59,0.002492914
PIVX/BTC,1561320087877,2019-06-23T20:01:27.877Z,buy,6.48e-05,110.53,0.007162344
PIVX/BTC,1561320088072,2019-06-23T20:01:28.072Z,buy,6.48e-05,187.49,0.012149352
PIVX/BTC,1561320101203,2019-06-23T20:01:41.203Z,buy,6.48e-05,373.37,0.024194376
PIVX/BTC,1561320105530,2019-06-23T20:01:45.530Z,sell,6.45e-05,19.82,0.00127839
PIVX/BTC,1561320105806,2019-06-23T20:01:45.806Z,sell,6.45e-05,22.86,0.0014744699999999
PIVX/BTC,1561320106138,2019-06-23T20:01:46.138Z,buy,6.46e-05,44.38,0.002866948
PIVX/BTC,1561320151235,2019-06-23T20:02:31.235Z,buy,6.46e-05,333.48,0.021542808
PIVX/BTC,1561320151235,2019-06-23T20:02:31.235Z,buy,6.47e-05,66.56,0.004306432
PIVX/BTC,1561320151235,2019-06-23T20:02:31.235Z,buy,6.48e-05,1265.96,0.082034208
PIVX/BTC,1561320152469,2019-06-23T20:02:32.469Z,buy,6.48e-05,568.68,0.036850464
PIVX/BTC,1561320154117,2019-06-23T20:02:34.117Z,buy,6.49e-05,421.2,0.02733588
PIVX/BTC,1561320154194,2019-06-23T20:02:34.194Z,buy,6.49e-05,0.01,6.490000000000001e-07
PIVX/BTC,1561320159023,2019-06-23T20:02:39.023Z,buy,6.52e-05,62.76,0.0040919519999999
PIVX/BTC,1561320166575,2019-06-23T20:02:46.575Z,sell,6.53e-05,153.37,0.010015061
PIVX/BTC,1561320167137,2019-06-23T20:02:47.137Z,sell,6.53e-05,196.69,0.012843857
PIVX/BTC,1561320175057,2019-06-23T20:02:55.057Z,sell,6.53e-05,373.61,0.024396733
PIVX/BTC,1561320175522,2019-06-23T20:02:55.522Z,sell,6.53e-05,25.01,0.001633153
PIVX/BTC,1561320175522,2019-06-23T20:02:55.522Z,sell,6.52e-05,168.58,0.010991416
PIVX/BTC,1561320175819,2019-06-23T20:02:55.819Z,sell,6.52e-05,90.34,0.005890168
PIVX/BTC,1561320176235,2019-06-23T20:02:56.235Z,sell,6.52e-05,299.68,0.019539136
PIVX/BTC,1561320176528,2019-06-23T20:02:56.528Z,sell,6.52e-05,299.46,0.019524792
PIVX/BTC,1561320176808,2019-06-23T20:02:56.808Z,sell,6.52e-05,22.86,0.0014904719999999
PIVX/BTC,1561320177020,2019-06-23T20:02:57.020Z,sell,6.52e-05,53.42,0.003482984
PIVX/BTC,1561320231088,2019-06-23T20:03:51.088Z,buy,6.52e-05,107.96,0.0070389919999999
PIVX/BTC,1561320231336,2019-06-23T20:03:51.336Z,buy,6.52e-05,138.6,0.00903672
PIVX/BTC,1561320242768,2019-06-23T20:04:02.768Z,buy,6.52e-05,51.89,0.003383228
PIVX/BTC,1561320306939,2019-06-23T20:05:06.939Z,buy,6.52e-05,298.33,0.0194511159999999
PIVX/BTC,1561320327213,2019-06-23T20:05:27.213Z,buy,6.53e-05,192.9,0.01259637
PIVX/BTC,1561320357146,2019-06-23T20:05:57.146Z,buy,6.52e-05,199.99,0.013039348
PIVX/BTC,1561320554410,2019-06-23T20:09:14.410Z,sell,6.52e-05,284.44,0.018545488
PIVX/BTC,1561320554410,2019-06-23T20:09:14.410Z,sell,6.5e-05,270.36,0.0175734
PIVX/BTC,1561320554410,2019-06-23T20:09:14.410Z,sell,6.49e-05,381.28,0.024745072
PIVX/BTC,1561320554410,2019-06-23T20:09:14.410Z,sell,6.48e-05,6.9,0.00044712
PIVX/BTC,1561320634232,2019-06-23T20:10:34.232Z,sell,6.48e-05,651.1,0.04219128
PIVX/BTC,1561320663786,2019-06-23T20:11:03.786Z,sell,6.46e-05,22.46,0.001450916
PIVX/BTC,1561320685376,2019-06-23T20:11:25.376Z,sell,6.47e-05,176.9,0.01144543
PIVX/BTC,1561320707593,2019-06-23T20:11:47.593Z,sell,6.45e-05,20.91,0.001348695
PIVX/BTC,1561320787628,2019-06-23T20:13:07.628Z,buy,6.46e-05,65.63,0.0042396979999999
PIVX/BTC,1561320788085,2019-06-23T20:13:08.085Z,buy,6.46e-05,252.67,0.016322482
PIVX/BTC,1561320788260,2019-06-23T20:13:08.260Z,buy,6.46e-05,304.06,0.019642276
PIVX/BTC,1561320789213,2019-06-23T20:13:09.213Z,buy,6.48e-05,116.31,0.007536888
PIVX/BTC,1561320812604,2019-06-23T20:13:32.604Z,sell,6.47e-05,16.61,0.001074667
PIVX/BTC,1561321006746,2019-06-23T20:16:46.746Z,sell,6.47e-05,49.99,0.003234353
PIVX/BTC,1561321060557,2019-06-23T20:17:40.557Z,buy,6.47e-05,394.67,0.025535149
PIVX/BTC,1561321060557,2019-06-23T20:17:40.557Z,buy,6.48e-05,174.1,0.01128168
PIVX/BTC,1561321199198,2019-06-23T20:19:59.198Z,buy,6.5e-05,4.48,0.0002912
PIVX/BTC,1561321208268,2019-06-23T20:20:08.268Z,buy,6.5e-05,407.68,0.0264991999999999
PIVX/BTC,1561321208483,2019-06-23T20:20:08.483Z,sell,6.5e-05,135.55,0.00881075
PIVX/BTC,1561321305527,2019-06-23T20:21:45.527Z,buy,6.5e-05,750.0,0.0487499999999999
PIVX/BTC,1561321343580,2019-06-23T20:22:23.580Z,buy,6.5e-05,143.21,0.00930865
PIVX/BTC,1561321550059,2019-06-23T20:25:50.059Z,buy,6.5e-05,0.02,1.2999999999999998e-06
PIVX/BTC,1561321550059,2019-06-23T20:25:50.059Z,buy,6.52e-05,49.98,0.0032586959999999
PIVX/BTC,1561321553582,2019-06-23T20:25:53.582Z,buy,6.5e-05,298.93,0.01943045
PIVX/BTC,1561321553849,2019-06-23T20:25:53.849Z,buy,6.5e-05,5.13,0.0003334499999999
PIVX/BTC,1561321553992,2019-06-23T20:25:53.992Z,buy,6.53e-05,17.1,0.00111663
PIVX/BTC,1561321554145,2019-06-23T20:25:54.145Z,buy,6.57e-05,18.99,0.0012476429999999
PIVX/BTC,1561321576927,2019-06-23T20:26:16.927Z,buy,6.57e-05,18.43,0.001210851
PIVX/BTC,1561321578124,2019-06-23T20:26:18.124Z,sell,6.54e-05,58.19,0.003805626
PIVX/BTC,1561321579431,2019-06-23T20:26:19.431Z,sell,6.53e-05,295.86,0.019319658
PIVX/BTC,1561321579653,2019-06-23T20:26:19.653Z,sell,6.53e-05,158.36,0.010340908
PIVX/BTC,1561321579801,2019-06-23T20:26:19.801Z,sell,6.53e-05,95.98,0.006267494
PIVX/BTC,1561321590113,2019-06-23T20:26:30.113Z,sell,6.52e-05,61.06,0.003981112
PIVX/BTC,1561321595209,2019-06-23T20:26:35.209Z,sell,6.53e-05,30.79,0.002010587
PIVX/BTC,1561321637577,2019-06-23T20:27:17.577Z,buy,6.53e-05,213.7,0.01395461
PIVX/BTC,1561321758162,2019-06-23T20:29:18.162Z,buy,6.53e-05,28.54,0.001863662
PIVX/BTC,1561321850234,2019-06-23T20:30:50.234Z,sell,6.47e-05,25.97,0.001680259
PIVX/BTC,1561321956725,2019-06-23T20:32:36.725Z,buy,6.49e-05,61.52,0.003992648
PIVX/BTC,1561321974515,2019-06-23T20:32:54.515Z,buy,6.49e-05,0.01,6.490000000000001e-07
PIVX/BTC,1561322117233,2019-06-23T20:35:17.233Z,buy,6.53e-05,4.53,0.000295809
PIVX/BTC,1561322152974,2019-06-23T20:35:52.974Z,buy,6.53e-05,4.99,0.000325847
PIVX/BTC,1561322327645,2019-06-23T20:38:47.645Z,sell,6.47e-05,71.48,0.004624756
PIVX/BTC,1561322327645,2019-06-23T20:38:47.645Z,sell,6.46e-05,376.13,0.0242979979999999
PIVX/BTC,1561322327697,2019-06-23T20:38:47.697Z,buy,6.46e-05,22.62,0.001461252
PIVX/BTC,1561322524824,2019-06-23T20:42:04.824Z,buy,6.46e-05,192.93,0.012463278
PIVX/BTC,1561322533042,2019-06-23T20:42:13.042Z,buy,6.46e-05,30.92,0.001997432
PIVX/BTC,1561322533042,2019-06-23T20:42:13.042Z,buy,6.47e-05,35.62,0.002304614
PIVX/BTC,1561322992451,2019-06-23T20:49:52.451Z,sell,6.47e-05,287.48,0.018599956
PIVX/BTC,1561322992451,2019-06-23T20:49:52.451Z,sell,6.46e-05,35.42,0.002288132
PIVX/BTC,1561322992451,2019-06-23T20:49:52.451Z,sell,6.45e-05,172.0,0.011094
PIVX/BTC,1561323080108,2019-06-23T20:51:20.108Z,buy,6.48e-05,45.65,0.00295812
PIVX/BTC,1561323106931,2019-06-23T20:51:46.931Z,buy,6.48e-05,80.03,0.005185944
PIVX/BTC,1561323127469,2019-06-23T20:52:07.469Z,buy,6.48e-05,48.71,0.003156408
PIVX/BTC,1561323134105,2019-06-23T20:52:14.105Z,buy,6.48e-05,307.46,0.019923408
PIVX/BTC,1561323134105,2019-06-23T20:52:14.105Z,buy,6.48e-05,307.46,0.019923408
PIVX/BTC,1561323148745,2019-06-23T20:52:28.745Z,buy,6.48e-05,66.34,0.004298832
PIVX/BTC,1561323178451,2019-06-23T20:52:58.451Z,buy,6.49e-05,617.87,0.040099763
PIVX/BTC,1561323180105,2019-06-23T20:53:00.105Z,buy,6.5e-05,460.28,0.0299181999999999
PIVX/BTC,1561323184297,2019-06-23T20:53:04.297Z,sell,6.51e-05,31.36,0.002041536
PIVX/BTC,1561323404569,2019-06-23T20:56:44.569Z,buy,6.52e-05,146.44,0.009547888
PIVX/BTC,1561323404761,2019-06-23T20:56:44.761Z,buy,6.53e-05,146.43,0.009561879
PIVX/BTC,1561323405938,2019-06-23T20:56:45.938Z,buy,6.53e-05,28.0,0.0018284
PIVX/BTC,1561323409833,2019-06-23T20:56:49.833Z,sell,6.54e-05,190.71,0.012472434
PIVX/BTC,1561323409833,2019-06-23T20:56:49.833Z,sell,6.52e-05,28.94,0.001886888
PIVX/BTC,1561323412675,2019-06-23T20:56:52.675Z,buy,6.57e-05,141.98,0.009328086
PIVX/BTC,1561323462169,2019-06-23T20:57:42.169Z,buy,6.58e-05,22.79,0.001499582
PIVX/BTC,1561323541941,2019-06-23T20:59:01.941Z,buy,6.54e-05,28.58,0.001869132
PIVX/BTC,1561323590353,2019-06-23T20:59:50.353Z,buy,6.54e-05,33.63,0.002199402
PIVX/BTC,1561323590424,2019-06-23T20:59:50.424Z,buy,6.54e-05,16.03,0.001048362
PIVX/BTC,1561323590424,2019-06-23T20:59:50.424Z,buy,6.55e-05,0.78,5.109000000000001e-05
PIVX/BTC,1561323623663,2019-06-23T21:00:23.663Z,sell,6.54e-05,65.69,0.004296126
PIVX/BTC,1561323623663,2019-06-23T21:00:23.663Z,sell,6.53e-05,203.43,0.013283979
PIVX/BTC,1561323750119,2019-06-23T21:02:30.119Z,sell,6.52e-05,25.18,0.001641736
PIVX/BTC,1561324048897,2019-06-23T21:07:28.897Z,sell,6.52e-05,5.24,0.000341648
PIVX/BTC,1561324048897,2019-06-23T21:07:28.897Z,sell,6.51e-05,87.55,0.005699505
PIVX/BTC,1561324132984,2019-06-23T21:08:52.984Z,sell,6.51e-05,5.24,0.000341124
PIVX/BTC,1561324132984,2019-06-23T21:08:52.984Z,sell,6.5e-05,74.6,0.0048489999999999
PIVX/BTC,1561324194103,2019-06-23T21:09:54.103Z,sell,6.5e-05,46.12,0.0029977999999999
PIVX/BTC,1561324369475,2019-06-23T21:12:49.475Z,sell,6.46e-05,33.97,0.002194462
PIVX/BTC,1561324372102,2019-06-23T21:12:52.102Z,buy,6.45e-05,460.78,0.0297203099999999
PIVX/BTC,1561324373266,2019-06-23T21:12:53.266Z,buy,6.45e-05,690.05,0.0445082249999999
PIVX/BTC,1561324373266,2019-06-23T21:12:53.266Z,buy,6.46e-05,65.68,0.004242928
PIVX/BTC,1561324377658,2019-06-23T21:12:57.658Z,buy,6.46e-05,79.3,0.0051227799999999
PIVX/BTC,1561324377661,2019-06-23T21:12:57.661Z,buy,6.46e-05,0.02,1.292e-06
PIVX/BTC,1561324515648,2019-06-23T21:15:15.648Z,sell,6.47e-05,99.99,0.006469353
PIVX/BTC,1561324628426,2019-06-23T21:17:08.426Z,sell,6.46e-05,570.19,0.036834274
PIVX/BTC,1561324628545,2019-06-23T21:17:08.545Z,buy,6.46e-05,66.05,0.00426683
PIVX/BTC,1561324713420,2019-06-23T21:18:33.420Z,sell,6.43e-05,150.0,0.009645
PIVX/BTC,1561324750097,2019-06-23T21:19:10.097Z,buy,6.45e-05,309.82,0.0199833899999999
PIVX/BTC,1561324754097,2019-06-23T21:19:14.097Z,buy,6.45e-05,462.39,0.0298241549999999
PIVX/BTC,1561324755048,2019-06-23T21:19:15.048Z,buy,6.45e-05,1126.82,0.07267989
PIVX/BTC,1561324774586,2019-06-23T21:19:34.586Z,buy,6.46e-05,169.38,0.010941948
PIVX/BTC,1561324830403,2019-06-23T21:20:30.403Z,buy,6.46e-05,0.01,6.46e-07
PIVX/BTC,1561324841583,2019-06-23T21:20:41.583Z,buy,6.47e-05,16.61,0.001074667
PIVX/BTC,1561324862531,2019-06-23T21:21:02.531Z,buy,6.49e-05,46.43,0.003013307
PIVX/BTC,1561325005550,2019-06-23T21:23:25.550Z,sell,6.46e-05,20.53,0.001326238
PIVX/BTC,1561325035442,2019-06-23T21:23:55.442Z,sell,6.45e-05,375.79,0.024238455
PIVX/BTC,1561325035442,2019-06-23T21:23:55.442Z,sell,6.44e-05,65.9,0.00424396
PIVX/BTC,1561325035442,2019-06-23T21:23:55.442Z,sell,6.43e-05,537.84,0.034583112
PIVX/BTC,1561325035442,2019-06-23T21:23:55.442Z,sell,6.42e-05,20.47,0.001314174
PIVX/BTC,1561325087487,2019-06-23T21:24:47.487Z,buy,6.44e-05,740.8,0.0477075199999999
PIVX/BTC,1561325088222,2019-06-23T21:24:48.222Z,buy,6.44e-05,0.01,6.44e-07
PIVX/BTC,1561325088222,2019-06-23T21:24:48.222Z,buy,6.45e-05,42.16,0.0027193199999999
PIVX/BTC,1561325088405,2019-06-23T21:24:48.405Z,buy,6.45e-05,256.57,0.016548765
PIVX/BTC,1561325088577,2019-06-23T21:24:48.577Z,buy,6.45e-05,297.68,0.01920036
PIVX/BTC,1561325088847,2019-06-23T21:24:48.847Z,buy,6.45e-05,297.86,0.01921197
PIVX/BTC,1561325104349,2019-06-23T21:25:04.349Z,sell,6.46e-05,65.84,0.004253264
PIVX/BTC,1561325104349,2019-06-23T21:25:04.349Z,sell,6.45e-05,190.42,0.0122820899999999
PIVX/BTC,1561325104349,2019-06-23T21:25:04.349Z,sell,6.44e-05,42.55,0.0027402199999999
PIVX/BTC,1561325104710,2019-06-23T21:25:04.710Z,sell,6.44e-05,298.93,0.0192510919999999
PIVX/BTC,1561325104855,2019-06-23T21:25:04.855Z,sell,6.44e-05,296.55,0.0190978199999999
PIVX/BTC,1561325162907,2019-06-23T21:26:02.907Z,sell,6.44e-05,102.8,0.0066203199999999
PIVX/BTC,1561325353008,2019-06-23T21:29:13.008Z,buy,6.48e-05,146.6,0.00949968
PIVX/BTC,1561325476119,2019-06-23T21:31:16.119Z,buy,6.45e-05,15.44,0.00099588
PIVX/BTC,1561325522253,2019-06-23T21:32:02.253Z,buy,6.45e-05,459.46,0.0296351699999999
PIVX/BTC,1561326065989,2019-06-23T21:41:05.989Z,buy,6.43e-05,19.55,0.001257065
PIVX/BTC,1561326065989,2019-06-23T21:41:05.989Z,buy,6.44e-05,22.69,0.0014612359999999
PIVX/BTC,1561326065989,2019-06-23T21:41:05.989Z,buy,6.45e-05,78.76,0.00508002
PIVX/BTC,1561326066098,2019-06-23T21:41:06.098Z,buy,6.45e-05,46.43,0.0029947349999999
PIVX/BTC,1561326070590,2019-06-23T21:41:10.590Z,buy,6.45e-05,738.04,0.0476035799999999
PIVX/BTC,1561326074097,2019-06-23T21:41:14.097Z,buy,6.45e-05,46.32,0.0029876399999999
PIVX/BTC,1561326076102,2019-06-23T21:41:16.102Z,buy,6.45e-05,96.85,0.0062468249999999
PIVX/BTC,1561326082439,2019-06-23T21:41:22.439Z,buy,6.47e-05,65.84,0.004259848
PIVX/BTC,1561326082439,2019-06-23T21:41:22.439Z,buy,6.48e-05,51.0,0.0033048
PIVX/BTC,1561326090845,2019-06-23T21:41:30.845Z,buy,6.49e-05,22.02,0.001429098
PIVX/BTC,1561326097106,2019-06-23T21:41:37.106Z,buy,6.5e-05,61.21,0.0039786499999999
PIVX/BTC,1561326098157,2019-06-23T21:41:38.157Z,buy,6.5e-05,123.7,0.0080404999999999
PIVX/BTC,1561326098157,2019-06-23T21:41:38.157Z,buy,6.51e-05,335.79,0.021859929
PIVX/BTC,1561326098157,2019-06-23T21:41:38.157Z,buy,6.51e-05,20.32,0.001322832
PIVX/BTC,1561326100101,2019-06-23T21:41:40.101Z,buy,6.51e-05,153.51,0.0099935009999999
PIVX/BTC,1561326104099,2019-06-23T21:41:44.099Z,buy,6.51e-05,229.32,0.0149287319999999
PIVX/BTC,1561326105651,2019-06-23T21:41:45.651Z,buy,6.51e-05,87.79,0.005715129
PIVX/BTC,1561326113726,2019-06-23T21:41:53.726Z,buy,6.51e-05,26.83,0.0017466329999999
PIVX/BTC,1561326113996,2019-06-23T21:41:53.996Z,buy,6.53e-05,215.5,0.01407215
PIVX/BTC,1561326122790,2019-06-23T21:42:02.790Z,buy,6.53e-05,0.01,6.53e-07
PIVX/BTC,1561326124379,2019-06-23T21:42:04.379Z,sell,6.53e-05,121.0,0.0079013
PIVX/BTC,1561326128753,2019-06-23T21:42:08.753Z,sell,6.53e-05,3.06,0.000199818
PIVX/BTC,1561326130257,2019-06-23T21:42:10.257Z,buy,6.53e-05,12.42,0.000811026
PIVX/BTC,1561326130257,2019-06-23T21:42:10.257Z,buy,6.55e-05,431.57,0.028267835
PIVX/BTC,1561326252827,2019-06-23T21:44:12.827Z,sell,6.53e-05,46.44,0.003032532
PIVX/BTC,1561326287154,2019-06-23T21:44:47.154Z,sell,6.53e-05,77.2,0.00504116
PIVX/BTC,1561326294487,2019-06-23T21:44:54.487Z,buy,6.55e-05,12.42,0.00081351
PIVX/BTC,1561326294487,2019-06-23T21:44:54.487Z,buy,6.56e-05,10.27,0.0006737119999999
PIVX/BTC,1561326294682,2019-06-23T21:44:54.682Z,sell,6.57e-05,49.51,0.003252807
PIVX/BTC,1561326294698,2019-06-23T21:44:54.698Z,sell,6.57e-05,66.2,0.00434934
PIVX/BTC,1561326294965,2019-06-23T21:44:54.965Z,buy,6.58e-05,15.27,0.001004766
PIVX/BTC,1561326294965,2019-06-23T21:44:54.965Z,buy,6.59e-05,14.71,0.000969389
PIVX/BTC,1561326295134,2019-06-23T21:44:55.134Z,buy,6.59e-05,16.87,0.001111733
PIVX/BTC,1561326296109,2019-06-23T21:44:56.109Z,sell,6.57e-05,152.87,0.010043559
PIVX/BTC,1561326300149,2019-06-23T21:45:00.149Z,sell,6.58e-05,45.83,0.003015614
PIVX/BTC,1561326318826,2019-06-23T21:45:18.826Z,buy,6.59e-05,48.67,0.003207353
PIVX/BTC,1561326319418,2019-06-23T21:45:19.418Z,sell,6.59e-05,22.31,0.001470229
PIVX/BTC,1561326319716,2019-06-23T21:45:19.716Z,sell,6.59e-05,176.66,0.011641894
PIVX/BTC,1561326319716,2019-06-23T21:45:19.716Z,sell,6.57e-05,96.79,0.006359103
PIVX/BTC,1561326320012,2019-06-23T21:45:20.012Z,sell,6.57e-05,186.51,0.0122537069999999
PIVX/BTC,1561326320012,2019-06-23T21:45:20.012Z,sell,6.56e-05,47.6,0.00312256
PIVX/BTC,1561326320012,2019-06-23T21:45:20.012Z,sell,6.55e-05,45.48,0.00297894
PIVX/BTC,1561326321527,2019-06-23T21:45:21.527Z,sell,6.57e-05,42.55,0.0027955349999999
PIVX/BTC,1561326343275,2019-06-23T21:45:43.275Z,sell,6.56e-05,58.9,0.0038638399999999
PIVX/BTC,1561326358831,2019-06-23T21:45:58.831Z,buy,6.6e-05,54.95,0.0036267
PIVX/BTC,1561326383151,2019-06-23T21:46:23.151Z,sell,6.56e-05,24.24,0.0015901439999999
PIVX/BTC,1561326399058,2019-06-23T21:46:39.058Z,sell,6.57e-05,46.08,0.003027456
PIVX/BTC,1561326513341,2019-06-23T21:48:33.341Z,buy,6.61e-05,200.11,0.013227271
PIVX/BTC,1561326513341,2019-06-23T21:48:33.341Z,buy,6.62e-05,170.46,0.011284452
PIVX/BTC,1561326513341,2019-06-23T21:48:33.341Z,buy,6.63e-05,83.82,0.0055572659999999
PIVX/BTC,1561326516250,2019-06-23T21:48:36.250Z,buy,6.63e-05,24.24,0.001607112
PIVX/BTC,1561326520758,2019-06-23T21:48:40.758Z,sell,6.59e-05,48.98,0.003227782
PIVX/BTC,1561326520758,2019-06-23T21:48:40.758Z,sell,6.59e-05,48.98,0.003227782
PIVX/BTC,1561327204032,2019-06-23T22:00:04.032Z,buy,6.59e-05,50.0,0.003295
PIVX/BTC,1561327330298,2019-06-23T22:02:10.298Z,buy,6.59e-05,15.25,0.001004975
PIVX/BTC,1561327570778,2019-06-23T22:06:10.778Z,buy,6.58e-05,65.62,0.004317796
PIVX/BTC,1561327571209,2019-06-23T22:06:11.209Z,buy,6.58e-05,18.56,0.0012212479999999
PIVX/BTC,1561327609682,2019-06-23T22:06:49.682Z,sell,6.58e-05,171.67,0.011295886
PIVX/BTC,1561327696761,2019-06-23T22:08:16.761Z,sell,6.57e-05,76.1,0.00499977
PIVX/BTC,1561327696951,2019-06-23T22:08:16.951Z,sell,6.57e-05,0.01,6.57e-07
PIVX/BTC,1561327740820,2019-06-23T22:09:00.820Z,buy,6.57e-05,15.23,0.001000611
PIVX/BTC,1561327844942,2019-06-23T22:10:44.942Z,buy,6.57e-05,26.23,0.001723311
PIVX/BTC,1561327892110,2019-06-23T22:11:32.110Z,buy,6.57e-05,24.15,0.0015866549999999
PIVX/BTC,1561327892110,2019-06-23T22:11:32.110Z,buy,6.58e-05,430.04,0.028296632
PIVX/BTC,1561327894103,2019-06-23T22:11:34.103Z,buy,6.58e-05,227.09,0.014942522
PIVX/BTC,1561327964115,2019-06-23T22:12:44.115Z,buy,6.58e-05,151.48,0.009967384
PIVX/BTC,1561327968104,2019-06-23T22:12:48.104Z,buy,6.58e-05,454.33,0.0298949139999999
PIVX/BTC,1561327969218,2019-06-23T22:12:49.218Z,buy,6.57e-05,489.07,0.032131899
PIVX/BTC,1561327970164,2019-06-23T22:12:50.164Z,buy,6.57e-05,52.87,0.0034735589999999
PIVX/BTC,1561327970164,2019-06-23T22:12:50.164Z,buy,6.58e-05,401.46,0.0264160679999999
PIVX/BTC,1561328080106,2019-06-23T22:14:40.106Z,buy,6.58e-05,1177.5,0.0774795
PIVX/BTC,1561328115332,2019-06-23T22:15:15.332Z,buy,6.63e-05,21.78,0.001444014
PIVX/BTC,1561328120122,2019-06-23T22:15:20.122Z,buy,6.63e-05,30.17,0.002000271
PIVX/BTC,1561328310307,2019-06-23T22:18:30.307Z,sell,6.62e-05,25.0,0.001655
PIVX/BTC,1561328311915,2019-06-23T22:18:31.915Z,buy,6.63e-05,15.23,0.001009749
PIVX/BTC,1561328311915,2019-06-23T22:18:31.915Z,buy,6.64e-05,190.23,0.0126312719999999
PIVX/BTC,1561328311915,2019-06-23T22:18:31.915Z,buy,6.65e-05,787.6,0.0523754
PIVX/BTC,1561328315316,2019-06-23T22:18:35.316Z,sell,6.62e-05,459.46,0.0304162519999999
PIVX/BTC,1561328399209,2019-06-23T22:19:59.209Z,sell,6.61e-05,28.58,0.0018891379999999
PIVX/BTC,1561328405036,2019-06-23T22:20:05.036Z,sell,6.62e-05,25.0,0.001655
PIVX/BTC,1561328467486,2019-06-23T22:21:07.486Z,sell,6.62e-05,19.05,0.00126111
PIVX/BTC,1561328498573,2019-06-23T22:21:38.573Z,sell,6.64e-05,119.82,0.007956048
PIVX/BTC,1561328502524,2019-06-23T22:21:42.524Z,buy,6.64e-05,447.92,0.029741888
PIVX/BTC,1561328554566,2019-06-23T22:22:34.566Z,buy,6.66e-05,116.71,0.007772886
PIVX/BTC,1561328564124,2019-06-23T22:22:44.124Z,buy,6.66e-05,0.01,6.660000000000001e-07
PIVX/BTC,1561328564124,2019-06-23T22:22:44.124Z,buy,6.67e-05,44.94,0.0029974979999999
PIVX/BTC,1561328575510,2019-06-23T22:22:55.510Z,buy,6.67e-05,4.61,0.000307487
PIVX/BTC,1561328652358,2019-06-23T22:24:12.358Z,sell,6.66e-05,68.96,0.004592736
PIVX/BTC,1561328711147,2019-06-23T22:25:11.147Z,sell,6.67e-05,128.7,0.0085842899999999
PIVX/BTC,1561328718667,2019-06-23T22:25:18.667Z,sell,6.67e-05,21.78,0.0014527259999999
PIVX/BTC,1561328764974,2019-06-23T22:26:04.974Z,sell,6.67e-05,101.52,0.0067713839999999
PIVX/BTC,1561328830108,2019-06-23T22:27:10.108Z,buy,6.68e-05,149.64,0.0099959519999999
PIVX/BTC,1561328832104,2019-06-23T22:27:12.104Z,buy,6.68e-05,30.7,0.00205076
PIVX/BTC,1561328832104,2019-06-23T22:27:12.104Z,buy,6.69e-05,14.16,0.000947304
PIVX/BTC,1561328834288,2019-06-23T22:27:14.288Z,buy,6.69e-05,67.78,0.004534482
PIVX/BTC,1561328834288,2019-06-23T22:27:14.288Z,buy,6.7e-05,81.73,0.00547591
PIVX/BTC,1561328836099,2019-06-23T22:27:16.099Z,buy,6.7e-05,51.79,0.00346993
PIVX/BTC,1561328840102,2019-06-23T22:27:20.102Z,buy,6.71e-05,84.25,0.005653175
PIVX/BTC,1561328855143,2019-06-23T22:27:35.143Z,buy,6.71e-05,85.24,0.005719604
PIVX/BTC,1561328855143,2019-06-23T22:27:35.143Z,buy,6.72e-05,65.07,0.0043727039999999
PIVX/BTC,1561328868472,2019-06-23T22:27:48.472Z,sell,6.69e-05,38.2,0.00255558
PIVX/BTC,1561328869032,2019-06-23T22:27:49.032Z,sell,6.69e-05,24.24,0.001621656
PIVX/BTC,1561328881241,2019-06-23T22:28:01.241Z,buy,6.73e-05,1001.98,0.067433254
PIVX/BTC,1561328882534,2019-06-23T22:28:02.534Z,buy,6.73e-05,261.02,0.0175666459999999
PIVX/BTC,1561328883743,2019-06-23T22:28:03.743Z,buy,6.73e-05,0.01,6.73e-07
PIVX/BTC,1561328907062,2019-06-23T22:28:27.062Z,sell,6.72e-05,38.0,0.0025535999999999
PIVX/BTC,1561328917907,2019-06-23T22:28:37.907Z,sell,6.72e-05,22.79,0.001531488
PIVX/BTC,1561328936731,2019-06-23T22:28:56.731Z,buy,6.74e-05,22.72,0.001531328
PIVX/BTC,1561328936731,2019-06-23T22:28:56.731Z,buy,6.75e-05,6.28,0.0004239
PIVX/BTC,1561328956493,2019-06-23T22:29:16.493Z,sell,6.71e-05,49.99,0.003354329
PIVX/BTC,1561328962859,2019-06-23T22:29:22.859Z,sell,6.72e-05,124.07,0.0083375039999999
PIVX/BTC,1561328969190,2019-06-23T22:29:29.190Z,sell,6.72e-05,29.0,0.0019487999999999
PIVX/BTC,1561329026240,2019-06-23T22:30:26.240Z,buy,6.73e-05,21.33,0.0014355089999999
PIVX/BTC,1561329028112,2019-06-23T22:30:28.112Z,buy,6.73e-05,16.46,0.001107758
PIVX/BTC,1561329030116,2019-06-23T22:30:30.116Z,buy,6.75e-05,15.0,0.0010125
PIVX/BTC,1561329035146,2019-06-23T22:30:35.146Z,buy,6.75e-05,0.02,1.35e-06
PIVX/BTC,1561329035146,2019-06-23T22:30:35.146Z,buy,6.76e-05,208.51,0.014095276
PIVX/BTC,1561329035505,2019-06-23T22:30:35.505Z,sell,6.76e-05,29.61,0.002001636
PIVX/BTC,1561329041469,2019-06-23T22:30:41.469Z,sell,6.74e-05,54.89,0.003699586
PIVX/BTC,1561329042848,2019-06-23T22:30:42.848Z,sell,6.74e-05,38.62,0.0026029879999999
PIVX/BTC,1561329087706,2019-06-23T22:31:27.706Z,buy,6.76e-05,340.8,0.02303808
PIVX/BTC,1561329095413,2019-06-23T22:31:35.413Z,sell,6.73e-05,16.73,0.001125929
PIVX/BTC,1561329103051,2019-06-23T22:31:43.051Z,buy,6.76e-05,60.91,0.004117516
PIVX/BTC,1561329144228,2019-06-23T22:32:24.228Z,buy,6.76e-05,55.69,0.003764644
PIVX/BTC,1561329146100,2019-06-23T22:32:26.100Z,buy,6.76e-05,44.36,0.002998736
PIVX/BTC,1561329207323,2019-06-23T22:33:27.323Z,sell,6.73e-05,16.19,0.001089587
PIVX/BTC,1561329207323,2019-06-23T22:33:27.323Z,sell,6.72e-05,211.29,0.0141986879999999
PIVX/BTC,1561329207323,2019-06-23T22:33:27.323Z,sell,6.71e-05,64.02,0.004295742
PIVX/BTC,1561329328097,2019-06-23T22:35:28.097Z,buy,6.73e-05,167.07,0.011243811
PIVX/BTC,1561329328097,2019-06-23T22:35:28.097Z,buy,6.76e-05,54.74,0.003700424
PIVX/BTC,1561329333530,2019-06-23T22:35:33.530Z,buy,6.74e-05,56.36,0.0037986639999999
PIVX/BTC,1561329336102,2019-06-23T22:35:36.102Z,buy,6.74e-05,7.66,0.000516284
PIVX/BTC,1561329336102,2019-06-23T22:35:36.102Z,buy,6.76e-05,36.71,0.002481596
PIVX/BTC,1561329357972,2019-06-23T22:35:57.972Z,sell,6.73e-05,92.44,0.0062212119999999
PIVX/BTC,1561329357972,2019-06-23T22:35:57.972Z,sell,6.72e-05,56.96,0.0038277119999999
PIVX/BTC,1561329392155,2019-06-23T22:36:32.155Z,buy,6.76e-05,44.44,0.003004144
PIVX/BTC,1561329405505,2019-06-23T22:36:45.505Z,sell,6.74e-05,167.84,0.011312416
PIVX/BTC,1561329450119,2019-06-23T22:37:30.119Z,buy,6.75e-05,72.22,0.00487485
PIVX/BTC,1561329493256,2019-06-23T22:38:13.256Z,buy,6.77e-05,85.52,0.005789704
PIVX/BTC,1561329493256,2019-06-23T22:38:13.256Z,buy,6.78e-05,180.78,0.012256884
PIVX/BTC,1561329493403,2019-06-23T22:38:13.403Z,buy,6.78e-05,264.87,0.0179581859999999
PIVX/BTC,1561329497066,2019-06-23T22:38:17.066Z,buy,6.76e-05,58.2,0.00393432
PIVX/BTC,1561329497066,2019-06-23T22:38:17.066Z,buy,6.78e-05,431.75,0.0292726499999999
PIVX/BTC,1561329497825,2019-06-23T22:38:17.825Z,buy,6.83e-05,298.63,0.020396429
PIVX/BTC,1561329497840,2019-06-23T22:38:17.840Z,buy,6.83e-05,67.0,0.0045761
PIVX/BTC,1561329503060,2019-06-23T22:38:23.060Z,buy,6.83e-05,263.66,0.018007978
PIVX/BTC,1561329503060,2019-06-23T22:38:23.060Z,buy,6.84e-05,782.69,0.053535996
PIVX/BTC,1561329503060,2019-06-23T22:38:23.060Z,buy,6.85e-05,14.71,0.001007635
PIVX/BTC,1561329509317,2019-06-23T22:38:29.317Z,sell,6.78e-05,797.38,0.0540623639999999
PIVX/BTC,1561329509317,2019-06-23T22:38:29.317Z,sell,6.77e-05,1281.12,0.086731824
PIVX/BTC,1561329509340,2019-06-23T22:38:29.340Z,sell,6.77e-05,0.01,6.77e-07
PIVX/BTC,1561329509340,2019-06-23T22:38:29.340Z,sell,6.73e-05,53.94,0.0036301619999999
PIVX/BTC,1561329509340,2019-06-23T22:38:29.340Z,sell,6.72e-05,432.95,0.0290942399999999
PIVX/BTC,1561329509344,2019-06-23T22:38:29.344Z,sell,6.72e-05,486.9,0.0327196799999999
PIVX/BTC,1561329509401,2019-06-23T22:38:29.401Z,buy,6.77e-05,97.66,0.006611582
PIVX/BTC,1561329509401,2019-06-23T22:38:29.401Z,buy,6.85e-05,131.05,0.008976925
PIVX/BTC,1561329509450,2019-06-23T22:38:29.450Z,sell,6.72e-05,50.2,0.0033734399999999
PIVX/BTC,1561329515128,2019-06-23T22:38:35.128Z,buy,6.83e-05,187.83,0.012828789
PIVX/BTC,1561329515128,2019-06-23T22:38:35.128Z,buy,6.84e-05,1734.38,0.118631592
PIVX/BTC,1561329515128,2019-06-23T22:38:35.128Z,buy,6.85e-05,107.27,0.0073479949999999
PIVX/BTC,1561329519575,2019-06-23T22:38:39.575Z,buy,6.84e-05,180.0,0.012312
PIVX/BTC,1561329519581,2019-06-23T22:38:39.581Z,buy,6.84e-05,211.98,0.0144994319999999
PIVX/BTC,1561329519581,2019-06-23T22:38:39.581Z,buy,6.85e-05,104.64,0.00716784
PIVX/BTC,1561329519713,2019-06-23T22:38:39.713Z,buy,6.85e-05,247.2,0.0169332
PIVX/BTC,1561329519731,2019-06-23T22:38:39.731Z,buy,6.85e-05,129.4,0.0088639
PIVX/BTC,1561329519731,2019-06-23T22:38:39.731Z,buy,6.85e-05,0.43,2.9455e-05
PIVX/BTC,1561329519731,2019-06-23T22:38:39.731Z,buy,6.86e-05,265.87,0.018238682
PIVX/BTC,1561329519733,2019-06-23T22:38:39.733Z,buy,6.86e-05,247.2,0.0169579199999999
PIVX/BTC,1561329521140,2019-06-23T22:38:41.140Z,buy,6.85e-05,247.2,0.0169332
PIVX/BTC,1561329521140,2019-06-23T22:38:41.140Z,buy,6.86e-05,355.25,0.02437015
PIVX/BTC,1561329521140,2019-06-23T22:38:41.140Z,buy,6.87e-05,1421.11,0.097630257
PIVX/BTC,1561329526052,2019-06-23T22:38:46.052Z,sell,6.84e-05,27.49,0.0018803159999999
PIVX/BTC,1561329527149,2019-06-23T22:38:47.149Z,buy,6.87e-05,27.49,0.001888563
PIVX/BTC,1561329527149,2019-06-23T22:38:47.149Z,buy,6.88e-05,146.62,0.010087456
PIVX/BTC,1561329527149,2019-06-23T22:38:47.149Z,buy,6.9e-05,1843.55,0.1272049499999999
PIVX/BTC,1561329528453,2019-06-23T22:38:48.453Z,buy,6.85e-05,16.44,0.00112614
PIVX/BTC,1561329528503,2019-06-23T22:38:48.503Z,buy,6.85e-05,1.56,0.00010686
PIVX/BTC,1561329529135,2019-06-23T22:38:49.135Z,sell,6.86e-05,64.11,0.004397946
PIVX/BTC,1561329529135,2019-06-23T22:38:49.135Z,sell,6.85e-05,208.81,0.014303485
PIVX/BTC,1561329529135,2019-06-23T22:38:49.135Z,sell,6.84e-05,186.18,0.012734712
PIVX/BTC,1561329529135,2019-06-23T22:38:49.135Z,sell,6.83e-05,540.0,0.036882
PIVX/BTC,1561329529135,2019-06-23T22:38:49.135Z,sell,6.82e-05,234.7,0.01600654
PIVX/BTC,1561329529139,2019-06-23T22:38:49.139Z,sell,6.82e-05,927.21,0.063235722
PIVX/BTC,1561329529146,2019-06-23T22:38:49.146Z,sell,6.77e-05,1112.69,0.075329113
PIVX/BTC,1561329533165,2019-06-23T22:38:53.165Z,buy,6.86e-05,250.29,0.0171698939999999
PIVX/BTC,1561329533324,2019-06-23T22:38:53.324Z,sell,6.79e-05,67.4,0.00457646
PIVX/BTC,1561329533826,2019-06-23T22:38:53.826Z,sell,6.8e-05,251.94,0.01713192
PIVX/BTC,1561329533826,2019-06-23T22:38:53.826Z,sell,6.78e-05,637.97,0.0432543659999999
PIVX/BTC,1561329533826,2019-06-23T22:38:53.826Z,sell,6.77e-05,121.08,0.008197116
PIVX/BTC,1561329535129,2019-06-23T22:38:55.129Z,sell,6.79e-05,16.44,0.001116276
PIVX/BTC,1561329539169,2019-06-23T22:38:59.169Z,buy,6.82e-05,251.94,0.017182308
PIVX/BTC,1561329539169,2019-06-23T22:38:59.169Z,buy,6.84e-05,540.0,0.036936
PIVX/BTC,1561329539169,2019-06-23T22:38:59.169Z,buy,6.85e-05,611.56,0.0418918599999999
PIVX/BTC,1561329545196,2019-06-23T22:39:05.196Z,buy,6.83e-05,108.79,0.007430357
PIVX/BTC,1561329545196,2019-06-23T22:39:05.196Z,buy,6.85e-05,795.03,0.054459555
PIVX/BTC,1561329552461,2019-06-23T22:39:12.461Z,buy,6.83e-05,67.4,0.00460342
PIVX/BTC,1561329552461,2019-06-23T22:39:12.461Z,buy,6.84e-05,146.2,0.0100000799999999
PIVX/BTC,1561329552461,2019-06-23T22:39:12.461Z,buy,6.85e-05,49.22,0.00337157
PIVX/BTC,1561329552461,2019-06-23T22:39:12.461Z,buy,6.87e-05,0.67,4.6029e-05
PIVX/BTC,1561329552469,2019-06-23T22:39:12.469Z,buy,6.87e-05,209.7,0.01440639
PIVX/BTC,1561329552469,2019-06-23T22:39:12.469Z,buy,6.88e-05,56.6,0.00389408
PIVX/BTC,1561329552597,2019-06-23T22:39:12.597Z,buy,6.88e-05,246.3,0.01694544
PIVX/BTC,1561329563198,2019-06-23T22:39:23.198Z,sell,6.84e-05,211.55,0.01447002
PIVX/BTC,1561329563198,2019-06-23T22:39:23.198Z,sell,6.83e-05,64.1,0.00437803
PIVX/BTC,1561329563198,2019-06-23T22:39:23.198Z,sell,6.82e-05,1513.55,0.10322411
PIVX/BTC,1561329590475,2019-06-23T22:39:50.475Z,buy,6.82e-05,409.3,0.02791426
PIVX/BTC,1561329590476,2019-06-23T22:39:50.476Z,buy,6.82e-05,0.48,3.2736e-05
PIVX/BTC,1561329590483,2019-06-23T22:39:50.483Z,buy,6.84e-05,204.61,0.013995324
PIVX/BTC,1561329590483,2019-06-23T22:39:50.483Z,buy,6.85e-05,117.29,0.008034365
PIVX/BTC,1561329590486,2019-06-23T22:39:50.486Z,buy,6.85e-05,669.06,0.0458306099999999
PIVX/BTC,1561329590486,2019-06-23T22:39:50.486Z,buy,6.88e-05,1943.63,0.133721744
PIVX/BTC,1561329590493,2019-06-23T22:39:50.493Z,buy,6.88e-05,266.3,0.01832144
PIVX/BTC,1561329590496,2019-06-23T22:39:50.496Z,buy,6.88e-05,825.4,0.05678752
PIVX/BTC,1561329590504,2019-06-23T22:39:50.504Z,buy,6.88e-05,859.53,0.059135664
PIVX/BTC,1561329591794,2019-06-23T22:39:51.794Z,buy,6.87e-05,177.14,0.0121695179999999
PIVX/BTC,1561329595852,2019-06-23T22:39:55.852Z,buy,6.87e-05,29.0,0.0019923
PIVX/BTC,1561329600119,2019-06-23T22:40:00.119Z,sell,6.84e-05,61.56,0.004210704
PIVX/BTC,1561329600119,2019-06-23T22:40:00.119Z,sell,6.83e-05,790.74,0.054007542
PIVX/BTC,1561329600119,2019-06-23T22:40:00.119Z,sell,6.82e-05,2095.3,0.14289946
PIVX/BTC,1561329600128,2019-06-23T22:40:00.128Z,sell,6.82e-05,2191.87,0.149485534
PIVX/BTC,1561329600128,2019-06-23T22:40:00.128Z,sell,6.8e-05,440.35,0.0299438
PIVX/BTC,1561329600128,2019-06-23T22:40:00.128Z,sell,6.78e-05,315.38,0.021382764
PIVX/BTC,1561329600148,2019-06-23T22:40:00.148Z,buy,6.84e-05,61.5,0.0042066
PIVX/BTC,1561329600148,2019-06-23T22:40:00.148Z,buy,6.86e-05,182.64,0.012529104
PIVX/BTC,1561329600148,2019-06-23T22:40:00.148Z,buy,6.87e-05,150.97,0.010371639
PIVX/BTC,1561329600148,2019-06-23T22:40:00.148Z,buy,6.88e-05,847.37,0.058299056
PIVX/BTC,1561329600148,2019-06-23T22:40:00.148Z,buy,6.89e-05,824.39,0.0568004709999999
PIVX/BTC,1561329600148,2019-06-23T22:40:00.148Z,buy,6.9e-05,880.73,0.06077037
PIVX/BTC,1561329616636,2019-06-23T22:40:16.636Z,sell,6.78e-05,21.33,0.0014461739999999
PIVX/BTC,1561329632150,2019-06-23T22:40:32.150Z,buy,6.8e-05,61.56,0.00418608
PIVX/BTC,1561329632150,2019-06-23T22:40:32.150Z,buy,6.81e-05,204.74,0.013942794
PIVX/BTC,1561329632354,2019-06-23T22:40:32.354Z,buy,6.81e-05,45.95,0.003129195
PIVX/BTC,1561329632354,2019-06-23T22:40:32.354Z,buy,6.82e-05,200.85,0.01369797
PIVX/BTC,1561329632366,2019-06-23T22:40:32.366Z,buy,6.82e-05,92.44,0.006304408
PIVX/BTC,1561329632366,2019-06-23T22:40:32.366Z,buy,6.83e-05,154.36,0.010542788
PIVX/BTC,1561329632381,2019-06-23T22:40:32.381Z,buy,6.81e-05,91.7,0.00624477
PIVX/BTC,1561329632383,2019-06-23T22:40:32.383Z,buy,6.81e-05,92.2,0.00627882
PIVX/BTC,1561329632383,2019-06-23T22:40:32.383Z,buy,6.81e-05,356.15,0.0242538149999999
PIVX/BTC,1561329632418,2019-06-23T22:40:32.418Z,buy,6.83e-05,137.23,0.009372809
PIVX/BTC,1561329632436,2019-06-23T22:40:32.436Z,sell,6.82e-05,104.5,0.0071269
PIVX/BTC,1561329632438,2019-06-23T22:40:32.438Z,sell,6.82e-05,34.85,0.00237677
PIVX/BTC,1561329641314,2019-06-23T22:40:41.314Z,buy,6.85e-05,167.32,0.01146142
PIVX/BTC,1561329645623,2019-06-23T22:40:45.623Z,sell,6.85e-05,19.39,0.001328215
PIVX/BTC,1561329646677,2019-06-23T22:40:46.677Z,buy,6.86e-05,219.4,0.01505084
PIVX/BTC,1561329649653,2019-06-23T22:40:49.653Z,buy,6.86e-05,0.05,3.43e-06
PIVX/BTC,1561329651420,2019-06-23T22:40:51.420Z,sell,6.86e-05,29.0,0.0019894
PIVX/BTC,1561329660099,2019-06-23T22:41:00.099Z,sell,6.85e-05,437.2,0.0299481999999999
PIVX/BTC,1561329662164,2019-06-23T22:41:02.164Z,sell,6.85e-05,146.03,0.010003055
PIVX/BTC,1561329666806,2019-06-23T22:41:06.806Z,sell,6.85e-05,744.0,0.0509639999999999
PIVX/BTC,1561329666806,2019-06-23T22:41:06.806Z,sell,6.84e-05,1808.3,0.1236877199999999
PIVX/BTC,1561329666842,2019-06-23T22:41:06.842Z,sell,6.81e-05,213.22,0.014520282
PIVX/BTC,1561329666842,2019-06-23T22:41:06.842Z,sell,6.8e-05,1082.18,0.07358824
PIVX/BTC,1561329703394,2019-06-23T22:41:43.394Z,buy,6.83e-05,66.17,0.004519411
PIVX/BTC,1561329703461,2019-06-23T22:41:43.461Z,buy,6.83e-05,32.35,0.002209505
PIVX/BTC,1561329703479,2019-06-23T22:41:43.479Z,buy,6.83e-05,89.31,0.006099873
PIVX/BTC,1561329703666,2019-06-23T22:41:43.666Z,buy,6.84e-05,16.17,0.001106028
PIVX/BTC,1561329703950,2019-06-23T22:41:43.950Z,buy,6.84e-05,38.07,0.002603988
PIVX/BTC,1561329707224,2019-06-23T22:41:47.224Z,buy,6.83e-05,5.17,0.000353111
PIVX/BTC,1561329740006,2019-06-23T22:42:20.006Z,buy,6.83e-05,5.05,0.000344915
PIVX/BTC,1561329747907,2019-06-23T22:42:27.907Z,sell,6.79e-05,69.2,0.00469868
PIVX/BTC,1561329765572,2019-06-23T22:42:45.572Z,sell,6.79e-05,77.24,0.005244596
PIVX/BTC,1561329854642,2019-06-23T22:44:14.642Z,sell,6.78e-05,156.49,0.010610022
PIVX/BTC,1561329945216,2019-06-23T22:45:45.216Z,buy,6.76e-05,147.29,0.009956804
PIVX/BTC,1561329984097,2019-06-23T22:46:24.097Z,buy,6.76e-05,44.43,0.003003468
PIVX/BTC,1561330042181,2019-06-23T22:47:22.181Z,buy,6.76e-05,441.57,0.029850132
PIVX/BTC,1561330063053,2019-06-23T22:47:43.053Z,buy,6.76e-05,873.0,0.0590148
PIVX/BTC,1561330063604,2019-06-23T22:47:43.604Z,buy,6.76e-05,143.1,0.00967356
PIVX/BTC,1561330071666,2019-06-23T22:47:51.666Z,buy,6.76e-05,290.6,0.01964456
PIVX/BTC,1561330071797,2019-06-23T22:47:51.797Z,buy,6.76e-05,0.01,6.760000000000001e-07
PIVX/BTC,1561330100213,2019-06-23T22:48:20.213Z,sell,6.76e-05,245.55,0.01659918
PIVX/BTC,1561330100505,2019-06-23T22:48:20.505Z,sell,6.75e-05,216.13,0.014588775
PIVX/BTC,1561330100505,2019-06-23T22:48:20.505Z,sell,6.75e-05,216.13,0.014588775
PIVX/BTC,1561330136638,2019-06-23T22:48:56.638Z,sell,6.75e-05,29.3,0.00197775
PIVX/BTC,1561330136741,2019-06-23T22:48:56.741Z,sell,6.75e-05,49.6,0.003348
PIVX/BTC,1561330136836,2019-06-23T22:48:56.836Z,sell,6.74e-05,45.7,0.00308018
PIVX/BTC,1561330140718,2019-06-23T22:49:00.718Z,sell,6.74e-05,19.9,0.00134126
PIVX/BTC,1561330140913,2019-06-23T22:49:00.913Z,sell,6.74e-05,19.9,0.00134126
PIVX/BTC,1561330141622,2019-06-23T22:49:01.622Z,sell,6.74e-05,55.6,0.00374744
PIVX/BTC,1561330141647,2019-06-23T22:49:01.647Z,sell,6.74e-05,24.7,0.0016647799999999
PIVX/BTC,1561330141718,2019-06-23T22:49:01.718Z,sell,6.74e-05,24.7,0.0016647799999999
PIVX/BTC,1561330141739,2019-06-23T22:49:01.739Z,sell,6.74e-05,24.7,0.0016647799999999
PIVX/BTC,1561330141805,2019-06-23T22:49:01.805Z,sell,6.74e-05,24.7,0.0016647799999999
PIVX/BTC,1561330141865,2019-06-23T22:49:01.865Z,sell,6.74e-05,24.7,0.0016647799999999
PIVX/BTC,1561330141888,2019-06-23T22:49:01.888Z,sell,6.74e-05,16.6,0.00111884
PIVX/BTC,1561330141969,2019-06-23T22:49:01.969Z,sell,6.74e-05,24.7,0.0016647799999999
PIVX/BTC,1561330142055,2019-06-23T22:49:02.055Z,sell,6.74e-05,24.7,0.0016647799999999
PIVX/BTC,1561330142121,2019-06-23T22:49:02.121Z,sell,6.74e-05,24.7,0.0016647799999999
PIVX/BTC,1561330142128,2019-06-23T22:49:02.128Z,sell,6.74e-05,16.43,0.0011073819999999
PIVX/BTC,1561330143423,2019-06-23T22:49:03.423Z,buy,6.75e-05,296.29,0.019999575
PIVX/BTC,1561330169088,2019-06-23T22:49:29.088Z,sell,6.74e-05,533.0,0.0359241999999999
PIVX/BTC,1561330172091,2019-06-23T22:49:32.091Z,buy,6.75e-05,148.32,0.0100115999999999
PIVX/BTC,1561330174172,2019-06-23T22:49:34.172Z,buy,6.75e-05,442.86,0.02989305
PIVX/BTC,1561330176096,2019-06-23T22:49:36.096Z,buy,6.75e-05,442.58,0.02987415
PIVX/BTC,1561330178106,2019-06-23T22:49:38.106Z,buy,6.75e-05,64.48,0.0043524
PIVX/BTC,1561330178106,2019-06-23T22:49:38.106Z,buy,6.76e-05,83.05,0.00561418
PIVX/BTC,1561330184163,2019-06-23T22:49:44.163Z,buy,6.75e-05,368.87,0.024898725
PIVX/BTC,1561330242097,2019-06-23T22:50:42.097Z,buy,6.75e-05,441.84,0.0298242
PIVX/BTC,1561330242772,2019-06-23T22:50:42.772Z,buy,6.75e-05,95.52,0.0064475999999999
PIVX/BTC,1561330268836,2019-06-23T22:51:08.836Z,sell,6.73e-05,525.4,0.0353594199999999
PIVX/BTC,1561330268891,2019-06-23T22:51:08.891Z,buy,6.73e-05,4117.4,0.27710102
PIVX/BTC,1561330292989,2019-06-23T22:51:32.989Z,sell,6.72e-05,65.05,0.0043713599999999
PIVX/BTC,1561330296258,2019-06-23T22:51:36.258Z,buy,6.72e-05,48.98,0.0032914559999999
PIVX/BTC,1561330298639,2019-06-23T22:51:38.639Z,buy,6.72e-05,883.97,0.0594027839999999
PIVX/BTC,1561330298639,2019-06-23T22:51:38.639Z,buy,6.73e-05,250.32,0.016846536
PIVX/BTC,1561330298639,2019-06-23T22:51:38.639Z,buy,6.74e-05,475.71,0.0320628539999999
PIVX/BTC,1561330324889,2019-06-23T22:52:04.889Z,sell,6.73e-05,64.96,0.004371808
PIVX/BTC,1561330324897,2019-06-23T22:52:04.897Z,buy,6.73e-05,188.65,0.0126961449999999
PIVX/BTC,1561330382500,2019-06-23T22:53:02.500Z,buy,6.73e-05,216.52,0.014571796
PIVX/BTC,1561330382796,2019-06-23T22:53:02.796Z,buy,6.73e-05,79.02,0.0053180459999999
PIVX/BTC,1561330416386,2019-06-23T22:53:36.386Z,sell,6.73e-05,256.92,0.017290716
PIVX/BTC,1561330421214,2019-06-23T22:53:41.214Z,buy,6.74e-05,216.5,0.0145921
PIVX/BTC,1561330464583,2019-06-23T22:54:24.583Z,sell,6.75e-05,215.97,0.014577975
PIVX/BTC,1561330464583,2019-06-23T22:54:24.583Z,sell,6.74e-05,128.7,0.0086743799999999
PIVX/BTC,1561330554629,2019-06-23T22:55:54.629Z,buy,6.77e-05,22.0,0.0014894
PIVX/BTC,1561330633502,2019-06-23T22:57:13.502Z,sell,6.74e-05,215.99,0.014557726
PIVX/BTC,1561330779401,2019-06-23T22:59:39.401Z,sell,6.73e-05,86.8,0.0058416399999999
PIVX/BTC,1561330892992,2019-06-23T23:01:32.992Z,sell,6.73e-05,82.48,0.005550904
PIVX/BTC,1561330964857,2019-06-23T23:02:44.857Z,buy,6.73e-05,958.89,0.0645332969999999
PIVX/BTC,1561330964857,2019-06-23T23:02:44.857Z,buy,6.74e-05,553.11,0.037279614
PIVX/BTC,1561330965690,2019-06-23T23:02:45.690Z,buy,6.74e-05,8.99,0.000605926
PIVX/BTC,1561331278863,2019-06-23T23:07:58.863Z,sell,6.76e-05,22.29,0.001506804
PIVX/BTC,1561331297528,2019-06-23T23:08:17.528Z,buy,6.77e-05,29.54,0.001999858
PIVX/BTC,1561331297528,2019-06-23T23:08:17.528Z,buy,6.79e-05,16.9,0.0011475099999999
PIVX/BTC,1561331301028,2019-06-23T23:08:21.028Z,buy,6.79e-05,464.03,0.031507637
PIVX/BTC,1561331302762,2019-06-23T23:08:22.762Z,sell,6.79e-05,80.98,0.005498542
PIVX/BTC,1561331324805,2019-06-23T23:08:44.805Z,sell,6.78e-05,102.46,0.0069467879999999
PIVX/BTC,1561331347661,2019-06-23T23:09:07.661Z,buy,6.8e-05,4.98,0.00033864
PIVX/BTC,1561331407694,2019-06-23T23:10:07.694Z,buy,6.79e-05,40.62,0.0027580979999999
PIVX/BTC,1561331407694,2019-06-23T23:10:07.694Z,buy,6.8e-05,35.67,0.00242556
PIVX/BTC,1561331426469,2019-06-23T23:10:26.469Z,buy,6.78e-05,21.08,0.0014292239999999
PIVX/BTC,1561331694906,2019-06-23T23:14:54.906Z,buy,6.77e-05,533.0,0.0360841
PIVX/BTC,1561331694984,2019-06-23T23:14:54.984Z,buy,6.77e-05,179.51,0.012152827
PIVX/BTC,1561331756610,2019-06-23T23:15:56.610Z,buy,6.78e-05,36.8,0.0024950399999999
PIVX/BTC,1561331902094,2019-06-23T23:18:22.094Z,sell,6.78e-05,103.24,0.0069996719999999
PIVX/BTC,1561331902094,2019-06-23T23:18:22.094Z,sell,6.77e-05,266.05,0.018011585
PIVX/BTC,1561331918099,2019-06-23T23:18:38.099Z,sell,6.77e-05,147.88,0.010011476
PIVX/BTC,1561331927927,2019-06-23T23:18:47.927Z,sell,6.77e-05,16.0,0.0010832
PIVX/BTC,1561332116518,2019-06-23T23:21:56.518Z,sell,6.77e-05,17.21,0.001165117
PIVX/BTC,1561332309970,2019-06-23T23:25:09.970Z,buy,6.78e-05,57.27,0.0038829059999999
PIVX/BTC,1561332351160,2019-06-23T23:25:51.160Z,buy,6.78e-05,57.98,0.003931044
PIVX/BTC,1561332351160,2019-06-23T23:25:51.160Z,buy,6.79e-05,167.7,0.0113868299999999
PIVX/BTC,1561332364906,2019-06-23T23:26:04.906Z,sell,6.79e-05,66.44,0.004511276
PIVX/BTC,1561332367623,2019-06-23T23:26:07.623Z,sell,6.77e-05,20.44,0.001383788
PIVX/BTC,1561332483877,2019-06-23T23:28:03.877Z,sell,6.76e-05,532.46,0.035994296
PIVX/BTC,1561332557856,2019-06-23T23:29:17.856Z,sell,6.77e-05,28.0,0.0018956
PIVX/BTC,1561332557975,2019-06-23T23:29:17.975Z,sell,6.77e-05,157.5,0.01066275
PIVX/BTC,1561332563028,2019-06-23T23:29:23.028Z,sell,6.77e-05,45.84,0.003103368
PIVX/BTC,1561332563028,2019-06-23T23:29:23.028Z,sell,6.76e-05,20.6,0.00139256
PIVX/BTC,1561332617558,2019-06-23T23:30:17.558Z,buy,6.78e-05,29.52,0.002001456
PIVX/BTC,1561332617558,2019-06-23T23:30:17.558Z,buy,6.8e-05,36.92,0.00251056
PIVX/BTC,1561332630706,2019-06-23T23:30:30.706Z,buy,6.8e-05,58.82,0.00399976
PIVX/BTC,1561332659137,2019-06-23T23:30:59.137Z,sell,6.77e-05,214.89,0.014548053
PIVX/BTC,1561333068251,2019-06-23T23:37:48.251Z,buy,6.76e-05,79.53,0.005376228
PIVX/BTC,1561333386517,2019-06-23T23:43:06.517Z,buy,6.78e-05,29.49,0.001999422
PIVX/BTC,1561333388518,2019-06-23T23:43:08.518Z,buy,6.8e-05,69.41,0.00471988
PIVX/BTC,1561333392539,2019-06-23T23:43:12.539Z,buy,6.81e-05,32.82,0.002235042
PIVX/BTC,1561333507785,2019-06-23T23:45:07.785Z,buy,6.79e-05,29.47,0.002001013
PIVX/BTC,1561333507785,2019-06-23T23:45:07.785Z,buy,6.81e-05,46.52,0.003168012
PIVX/BTC,1561333515142,2019-06-23T23:45:15.142Z,sell,6.77e-05,21.08,0.001427116
PIVX/BTC,1561333623126,2019-06-23T23:47:03.126Z,sell,6.77e-05,44.16,0.002989632
PIVX/BTC,1561333623126,2019-06-23T23:47:03.126Z,sell,6.76e-05,60.76,0.004107376
PIVX/BTC,1561333631049,2019-06-23T23:47:11.049Z,sell,6.76e-05,36.98,0.002499848
PIVX/BTC,1561333631049,2019-06-23T23:47:11.049Z,sell,6.75e-05,188.64,0.0127332
PIVX/BTC,1561333631049,2019-06-23T23:47:11.049Z,sell,6.74e-05,480.7,0.03239918
PIVX/BTC,1561333631049,2019-06-23T23:47:11.049Z,sell,6.73e-05,692.12,0.046579676
PIVX/BTC,1561333631049,2019-06-23T23:47:11.049Z,sell,6.72e-05,1227.51,0.0824886719999999
PIVX/BTC,1561333631049,2019-06-23T23:47:11.049Z,sell,6.71e-05,5513.67,0.369967257
PIVX/BTC,1561333631078,2019-06-23T23:47:11.078Z,buy,6.71e-05,370.5,0.02486055
PIVX/BTC,1561333631080,2019-06-23T23:47:11.080Z,buy,6.71e-05,706.0,0.0473726
PIVX/BTC,1561333631112,2019-06-23T23:47:11.112Z,buy,6.71e-05,36.98,0.002481358
PIVX/BTC,1561333631120,2019-06-23T23:47:11.120Z,sell,6.7e-05,77.47,0.00519049
PIVX/BTC,1561333631120,2019-06-23T23:47:11.120Z,sell,6.69e-05,485.63,0.032488647
PIVX/BTC,1561333631141,2019-06-23T23:47:11.141Z,sell,6.7e-05,77.47,0.00519049
PIVX/BTC,1561333631155,2019-06-23T23:47:11.155Z,buy,6.71e-05,1336.46,0.089676466
PIVX/BTC,1561333631191,2019-06-23T23:47:11.191Z,sell,6.69e-05,6.25,0.000418125
PIVX/BTC,1561333631191,2019-06-23T23:47:11.191Z,sell,6.68e-05,96.35,0.00643618
PIVX/BTC,1561333632174,2019-06-23T23:47:12.174Z,buy,6.7e-05,22.0,0.001474
PIVX/BTC,1561333632460,2019-06-23T23:47:12.460Z,sell,6.69e-05,480.7,0.03215883
PIVX/BTC,1561333633719,2019-06-23T23:47:13.719Z,sell,6.69e-05,58.23,0.003895587
PIVX/BTC,1561333634648,2019-06-23T23:47:14.648Z,sell,6.69e-05,77.47,0.005182743
PIVX/BTC,1561333634648,2019-06-23T23:47:14.648Z,sell,6.69e-05,77.47,0.005182743
PIVX/BTC,1561333701758,2019-06-23T23:48:21.758Z,buy,6.7e-05,37.75,0.00252925
PIVX/BTC,1561333705219,2019-06-23T23:48:25.219Z,buy,6.73e-05,70.0,0.004711
PIVX/BTC,1561333711761,2019-06-23T23:48:31.761Z,sell,6.69e-05,198.59,0.013285671
PIVX/BTC,1561333716858,2019-06-23T23:48:36.858Z,buy,6.73e-05,16.34,0.0010996819999999
PIVX/BTC,1561333802960,2019-06-23T23:50:02.960Z,buy,6.72e-05,29.8,0.00200256
PIVX/BTC,1561333802960,2019-06-23T23:50:02.960Z,buy,6.73e-05,194.2,0.0130696599999999
PIVX/BTC,1561333811847,2019-06-23T23:50:11.847Z,buy,6.71e-05,29.82,0.002000922
PIVX/BTC,1561333811847,2019-06-23T23:50:11.847Z,buy,6.73e-05,35.42,0.002383766
PIVX/BTC,1561333813272,2019-06-23T23:50:13.272Z,buy,6.73e-05,112.12,0.0075456759999999
PIVX/BTC,1561333814034,2019-06-23T23:50:14.034Z,sell,6.73e-05,114.18,0.007684314
PIVX/BTC,1561333838609,2019-06-23T23:50:38.609Z,sell,6.7e-05,299.42,0.02006114
PIVX/BTC,1561333914107,2019-06-23T23:51:54.107Z,buy,6.7e-05,445.95,0.02987865
PIVX/BTC,1561333916099,2019-06-23T23:51:56.099Z,buy,6.7e-05,371.73,0.02490591
PIVX/BTC,1561333916543,2019-06-23T23:51:56.543Z,buy,6.7e-05,134.62,0.00901954
PIVX/BTC,1561333923411,2019-06-23T23:52:03.411Z,buy,6.71e-05,601.32,0.040348572
PIVX/BTC,1561334054292,2019-06-23T23:54:14.292Z,buy,6.71e-05,116.06,0.007787626
PIVX/BTC,1561334063468,2019-06-23T23:54:23.468Z,sell,6.71e-05,589.21,0.039535991
PIVX/BTC,1561334068026,2019-06-23T23:54:28.026Z,sell,6.7e-05,285.5,0.0191285
PIVX/BTC,1561334114397,2019-06-23T23:55:14.397Z,buy,6.71e-05,25.0,0.0016775
PIVX/BTC,1561334114787,2019-06-23T23:55:14.787Z,buy,6.71e-05,24.95,0.001674145
PIVX/BTC,1561334139812,2019-06-23T23:55:39.812Z,sell,6.7e-05,49.95,0.00334665
PIVX/BTC,1561334194663,2019-06-23T23:56:34.663Z,buy,6.71e-05,116.06,0.007787626
PIVX/BTC,1561334246095,2019-06-23T23:57:26.095Z,buy,6.68e-05,54.76,0.0036579679999999
PIVX/BTC,1561334261513,2019-06-23T23:57:41.513Z,buy,6.69e-05,223.51,0.014952819
PIVX/BTC,1561334270537,2019-06-23T23:57:50.537Z,buy,6.7e-05,124.56,0.00834552
PIVX/BTC,1561334295698,2019-06-23T23:58:15.698Z,sell,6.68e-05,240.62,0.016073416
PIVX/BTC,1561334349066,2019-06-23T23:59:09.066Z,buy,6.7e-05,189.23,0.01267841
PIVX/BTC,1561334349066,2019-06-23T23:59:09.066Z,buy,6.71e-05,97.7,0.00655567
PIVX/BTC,1561334355851,2019-06-23T23:59:15.851Z,buy,6.71e-05,4.39,0.000294569
PIVX/BTC,1561334373440,2019-06-23T23:59:33.440Z,sell,6.68e-05,108.06,0.007218408
PIVX/BTC,1561334373584,2019-06-23T23:59:33.584Z,sell,6.68e-05,178.87,0.011948516
PIVX/BTC,1561334412458,2019-06-24T00:00:12.458Z,buy,6.7e-05,303.68,0.02034656
PIVX/BTC,1561334438589,2019-06-24T00:00:38.589Z,buy,6.7e-05,367.75,0.02463925
PIVX/BTC,1561334457900,2019-06-24T00:00:57.900Z,buy,6.7e-05,772.74,0.05177358
PIVX/BTC,1561334479983,2019-06-24T00:01:19.983Z,buy,6.7e-05,80.06,0.00536402
PIVX/BTC,1561334493302,2019-06-24T00:01:33.302Z,buy,6.7e-05,0.01,6.7e-07
PIVX/BTC,1561334493302,2019-06-24T00:01:33.302Z,buy,6.71e-05,63.31,0.004248101
PIVX/BTC,1561334533741,2019-06-24T00:02:13.741Z,buy,6.7e-05,139.52,0.00934784
PIVX/BTC,1561334533741,2019-06-24T00:02:13.741Z,buy,6.71e-05,453.1,0.03040301
PIVX/BTC,1561334546497,2019-06-24T00:02:26.497Z,buy,6.71e-05,0.01,6.71e-07
PIVX/BTC,1561334576961,2019-06-24T00:02:56.961Z,sell,6.73e-05,31.14,0.002095722
PIVX/BTC,1561334576961,2019-06-24T00:02:56.961Z,sell,6.72e-05,48.7,0.00327264
PIVX/BTC,1561334671918,2019-06-24T00:04:31.918Z,buy,6.73e-05,5.04,0.000339192
PIVX/BTC,1561334672874,2019-06-24T00:04:32.874Z,buy,6.73e-05,928.19,0.062467187
PIVX/BTC,1561334672874,2019-06-24T00:04:32.874Z,buy,6.74e-05,20.79,0.0014012459999999
PIVX/BTC,1561334672874,2019-06-24T00:04:32.874Z,buy,6.78e-05,259.11,0.017567658
PIVX/BTC,1561334722444,2019-06-24T00:05:22.444Z,buy,6.77e-05,4.84,0.000327668
PIVX/BTC,1561334826095,2019-06-24T00:07:06.095Z,sell,6.75e-05,148.37,0.010014975
PIVX/BTC,1561334826765,2019-06-24T00:07:06.765Z,sell,6.75e-05,65.4,0.0044145
PIVX/BTC,1561334826831,2019-06-24T00:07:06.831Z,sell,6.74e-05,51.6,0.00347784
PIVX/BTC,1561334828102,2019-06-24T00:07:08.102Z,sell,6.74e-05,149.45,0.0100729299999999
PIVX/BTC,1561334936256,2019-06-24T00:08:56.256Z,buy,6.77e-05,68.27,0.004621879
PIVX/BTC,1561335011249,2019-06-24T00:10:11.249Z,buy,6.78e-05,112.37,0.0076186859999999
PIVX/BTC,1561335107037,2019-06-24T00:11:47.037Z,buy,6.78e-05,458.93,0.0311154539999999
PIVX/BTC,1561335651842,2019-06-24T00:20:51.842Z,sell,6.76e-05,54.53,0.003686228
PIVX/BTC,1561335801663,2019-06-24T00:23:21.663Z,sell,6.75e-05,58.82,0.00397035
PIVX/BTC,1561335892437,2019-06-24T00:24:52.437Z,buy,6.79e-05,129.49,0.008792371
PIVX/BTC,1561335962107,2019-06-24T00:26:02.107Z,sell,6.75e-05,222.05,0.014988375
PIVX/BTC,1561335968052,2019-06-24T00:26:08.052Z,sell,6.75e-05,34.73,0.002344275
PIVX/BTC,1561336030184,2019-06-24T00:27:10.184Z,sell,6.75e-05,21.3,0.00143775
PIVX/BTC,1561336030184,2019-06-24T00:27:10.184Z,sell,6.74e-05,26.68,0.0017982319999999
PIVX/BTC,1561336714020,2019-06-24T00:38:34.020Z,sell,6.69e-05,223.77,0.014970213
PIVX/BTC,1561336756668,2019-06-24T00:39:16.668Z,sell,6.69e-05,14.95,0.001000155
PIVX/BTC,1561336756668,2019-06-24T00:39:16.668Z,sell,6.68e-05,97.3,0.0064996399999999
PIVX/BTC,1561336900311,2019-06-24T00:41:40.311Z,buy,6.72e-05,631.28,0.0424220159999999
PIVX/BTC,1561336981807,2019-06-24T00:43:01.807Z,buy,6.73e-05,28.36,0.0019086279999999
PIVX/BTC,1561337108850,2019-06-24T00:45:08.850Z,buy,6.72e-05,65.4,0.00439488
PIVX/BTC,1561337167815,2019-06-24T00:46:07.815Z,buy,6.72e-05,193.1,0.0129763199999999
PIVX/BTC,1561337169810,2019-06-24T00:46:09.810Z,buy,6.72e-05,0.02,1.344e-06
PIVX/BTC,1561337194673,2019-06-24T00:46:34.673Z,sell,6.73e-05,54.64,0.0036772719999999
PIVX/BTC,1561337194673,2019-06-24T00:46:34.673Z,sell,6.73e-05,54.64,0.0036772719999999
PIVX/BTC,1561337273165,2019-06-24T00:47:53.165Z,buy,6.75e-05,22.0,0.001485
PIVX/BTC,1561337792604,2019-06-24T00:56:32.604Z,buy,6.76e-05,14.95,0.00101062
PIVX/BTC,1561337859640,2019-06-24T00:57:39.640Z,buy,6.76e-05,32.55,0.00220038
PIVX/BTC,1561337998229,2019-06-24T00:59:58.229Z,buy,6.76e-05,22.0,0.0014872
PIVX/BTC,1561338029349,2019-06-24T01:00:29.349Z,buy,6.76e-05,5.28,0.000356928
PIVX/BTC,1561338030567,2019-06-24T01:00:30.567Z,sell,6.75e-05,19.96,0.0013473
PIVX/BTC,1561338052963,2019-06-24T01:00:52.963Z,sell,6.75e-05,124.19,0.008382825
PIVX/BTC,1561338178667,2019-06-24T01:02:58.667Z,sell,6.72e-05,811.32,0.0545207039999999
PIVX/BTC,1561338253129,2019-06-24T01:04:13.129Z,buy,6.76e-05,4.49,0.000303524
PIVX/BTC,1561338391763,2019-06-24T01:06:31.763Z,buy,6.76e-05,123.76,0.008366176
PIVX/BTC,1561338688897,2019-06-24T01:11:28.897Z,buy,6.77e-05,22.0,0.0014894
PIVX/BTC,1561338812814,2019-06-24T01:13:32.814Z,buy,6.77e-05,22.0,0.0014894
PIVX/BTC,1561338947797,2019-06-24T01:15:47.797Z,sell,6.76e-05,109.0,0.0073684
PIVX/BTC,1561338980623,2019-06-24T01:16:20.623Z,sell,6.76e-05,543.19,0.036719644
PIVX/BTC,1561339569102,2019-06-24T01:26:09.102Z,buy,6.79e-05,15.25,0.001035475
PIVX/BTC,1561340102358,2019-06-24T01:35:02.358Z,sell,6.75e-05,503.43,0.033981525
PIVX/BTC,1561340163582,2019-06-24T01:36:03.582Z,sell,6.72e-05,194.17,0.0130482239999999
PIVX/BTC,1561340163850,2019-06-24T01:36:03.850Z,buy,6.72e-05,106.7,0.00717024
PIVX/BTC,1561340163851,2019-06-24T01:36:03.851Z,buy,6.72e-05,0.03,2.016e-06
PIVX/BTC,1561340165960,2019-06-24T01:36:05.960Z,buy,6.75e-05,194.18,0.01310715
PIVX/BTC,1561340295595,2019-06-24T01:38:15.595Z,buy,6.75e-05,0.01,6.75e-07
PIVX/BTC,1561340295595,2019-06-24T01:38:15.595Z,buy,6.76e-05,21.99,0.001486524
PIVX/BTC,1561340434036,2019-06-24T01:40:34.036Z,buy,6.76e-05,21.22,0.001434472
PIVX/BTC,1561340434036,2019-06-24T01:40:34.036Z,buy,6.76e-05,21.22,0.001434472
PIVX/BTC,1561341523353,2019-06-24T01:58:43.353Z,sell,6.7e-05,22.0,0.001474
PIVX/BTC,1561342078343,2019-06-24T02:07:58.343Z,buy,6.76e-05,5.01,0.000338676
PIVX/BTC,1561342483301,2019-06-24T02:14:43.301Z,sell,6.72e-05,820.0,0.0551039999999999
PIVX/BTC,1561342483445,2019-06-24T02:14:43.445Z,sell,6.72e-05,108.68,0.007303296
PIVX/BTC,1561342483445,2019-06-24T02:14:43.445Z,sell,6.71e-05,644.62,0.043254002
PIVX/BTC,1561342483483,2019-06-24T02:14:43.483Z,sell,6.71e-05,208.57,0.013995047
PIVX/BTC,1561342483483,2019-06-24T02:14:43.483Z,sell,6.7e-05,212.13,0.01421271
PIVX/BTC,1561342917723,2019-06-24T02:21:57.723Z,sell,6.7e-05,14.93,0.00100031
PIVX/BTC,1561342920053,2019-06-24T02:22:00.053Z,sell,6.69e-05,399.75,0.026743275
PIVX/BTC,1561343165892,2019-06-24T02:26:05.892Z,buy,6.72e-05,21.31,0.0014320319999999
PIVX/BTC,1561343473176,2019-06-24T02:31:13.176Z,sell,6.69e-05,18.59,0.001243671
PIVX/BTC,1561343506100,2019-06-24T02:31:46.100Z,buy,6.72e-05,44.75,0.0030072
PIVX/BTC,1561343508098,2019-06-24T02:31:48.098Z,buy,6.72e-05,91.74,0.0061649279999999
PIVX/BTC,1561343508098,2019-06-24T02:31:48.098Z,buy,6.72e-05,91.74,0.0061649279999999
PIVX/BTC,1561344152094,2019-06-24T02:42:32.094Z,buy,6.71e-05,66.17,0.004440007
PIVX/BTC,1561344152094,2019-06-24T02:42:32.094Z,buy,6.72e-05,231.59,0.0155628479999999
PIVX/BTC,1561344157429,2019-06-24T02:42:37.429Z,sell,6.69e-05,365.61,0.024459309
PIVX/BTC,1561344564095,2019-06-24T02:49:24.095Z,buy,6.72e-05,371.52,0.0249661439999999
PIVX/BTC,1561344604098,2019-06-24T02:50:04.098Z,buy,6.73e-05,445.21,0.0299626329999999
PIVX/BTC,1561344672167,2019-06-24T02:51:12.167Z,buy,6.73e-05,296.79,0.019973967
PIVX/BTC,1561344759896,2019-06-24T02:52:39.896Z,sell,6.72e-05,1636.68,0.109984896
PIVX/BTC,1561344795554,2019-06-24T02:53:15.554Z,sell,6.71e-05,41.25,0.002767875
PIVX/BTC,1561344830101,2019-06-24T02:53:50.101Z,buy,6.73e-05,64.2,0.00432066
PIVX/BTC,1561344988440,2019-06-24T02:56:28.440Z,sell,6.72e-05,562.45,0.03779664
PIVX/BTC,1561344998103,2019-06-24T02:56:38.103Z,buy,6.72e-05,123.79,0.008318688
PIVX/BTC,1561345026523,2019-06-24T02:57:06.523Z,sell,6.7e-05,26.56,0.00177952
PIVX/BTC,1561345223932,2019-06-24T03:00:23.932Z,sell,6.7e-05,16.46,0.00110282
PIVX/BTC,1561346247273,2019-06-24T03:17:27.273Z,buy,6.75e-05,17.43,0.001176525
PIVX/BTC,1561346247273,2019-06-24T03:17:27.273Z,buy,6.76e-05,287.84,0.0194579839999999
PIVX/BTC,1561346411949,2019-06-24T03:20:11.949Z,buy,6.76e-05,24.24,0.001638624
PIVX/BTC,1561346643084,2019-06-24T03:24:03.084Z,sell,6.75e-05,304.99,0.020586825
PIVX/BTC,1561346690955,2019-06-24T03:24:50.955Z,buy,6.76e-05,476.29,0.032197204
PIVX/BTC,1561346763585,2019-06-24T03:26:03.585Z,sell,6.76e-05,52.68,0.003561168
PIVX/BTC,1561346956820,2019-06-24T03:29:16.820Z,sell,6.77e-05,23.99,0.001624123
PIVX/BTC,1561346956820,2019-06-24T03:29:16.820Z,sell,6.77e-05,23.99,0.001624123
PIVX/BTC,1561347808097,2019-06-24T03:43:28.097Z,sell,6.78e-05,221.58,0.0150231239999999
PIVX/BTC,1561347809482,2019-06-24T03:43:29.482Z,sell,6.78e-05,75.5,0.0051189
PIVX/BTC,1561348588429,2019-06-24T03:56:28.429Z,sell,6.78e-05,14.88,0.001008864
PIVX/BTC,1561348643294,2019-06-24T03:57:23.294Z,sell,6.78e-05,16.34,0.0011078519999999
PIVX/BTC,1561348940279,2019-06-24T04:02:20.279Z,sell,6.78e-05,319.5,0.0216620999999999
PIVX/BTC,1561349085232,2019-06-24T04:04:45.232Z,buy,6.79e-05,92.35,0.006270565
PIVX/BTC,1561349163538,2019-06-24T04:06:03.538Z,buy,6.79e-05,25.75,0.0017484249999999
PIVX/BTC,1561349184494,2019-06-24T04:06:24.494Z,sell,6.78e-05,0.04,2.712e-06
PIVX/BTC,1561349184494,2019-06-24T04:06:24.494Z,sell,6.76e-05,182.81,0.012357956
PIVX/BTC,1561349663738,2019-06-24T04:14:23.738Z,sell,6.77e-05,19.05,0.001289685
PIVX/BTC,1561349699345,2019-06-24T04:14:59.345Z,sell,6.77e-05,3257.48,0.220531396
PIVX/BTC,1561349962854,2019-06-24T04:19:22.854Z,buy,6.8e-05,612.19,0.04162892
PIVX/BTC,1561349962854,2019-06-24T04:19:22.854Z,buy,6.81e-05,1087.29,0.074044449
PIVX/BTC,1561349962889,2019-06-24T04:19:22.889Z,buy,6.81e-05,416.36,0.028354116
PIVX/BTC,1561349962889,2019-06-24T04:19:22.889Z,buy,6.82e-05,1283.68,0.087546976
PIVX/BTC,1561349962953,2019-06-24T04:19:22.953Z,sell,6.78e-05,425.03,0.0288170339999999
PIVX/BTC,1561349962953,2019-06-24T04:19:22.953Z,sell,6.77e-05,1274.45,0.086280265
PIVX/BTC,1561349963591,2019-06-24T04:19:23.591Z,sell,6.8e-05,85.1,0.0057868
PIVX/BTC,1561350181760,2019-06-24T04:23:01.760Z,sell,6.78e-05,286.58,0.0194301239999999
PIVX/BTC,1561350183086,2019-06-24T04:23:03.086Z,sell,6.78e-05,24.24,0.0016434719999999
PIVX/BTC,1561350256913,2019-06-24T04:24:16.913Z,buy,6.8e-05,73.52,0.00499936
PIVX/BTC,1561350256913,2019-06-24T04:24:16.913Z,buy,6.8e-05,73.52,0.00499936
PIVX/BTC,1561350624563,2019-06-24T04:30:24.563Z,sell,6.78e-05,76.5,0.0051867
PIVX/BTC,1561350626127,2019-06-24T04:30:26.127Z,sell,6.78e-05,21.22,0.0014387159999999
PIVX/BTC,1561350715428,2019-06-24T04:31:55.428Z,sell,6.78e-05,56.0,0.0037967999999999
PIVX/BTC,1561350845615,2019-06-24T04:34:05.615Z,buy,6.8e-05,355.19,0.02415292
PIVX/BTC,1561350845615,2019-06-24T04:34:05.615Z,buy,6.81e-05,1020.62,0.069504222
PIVX/BTC,1561350845615,2019-06-24T04:34:05.615Z,buy,6.82e-05,1624.19,0.110769758
PIVX/BTC,1561350862974,2019-06-24T04:34:22.974Z,sell,6.79e-05,200.0,0.01358
PIVX/BTC,1561350909230,2019-06-24T04:35:09.230Z,sell,6.79e-05,559.57,0.037994803
PIVX/BTC,1561351270100,2019-06-24T04:41:10.100Z,buy,6.82e-05,18.12,0.001235784
PIVX/BTC,1561351270100,2019-06-24T04:41:10.100Z,buy,6.83e-05,417.35,0.028505005
PIVX/BTC,1561351270493,2019-06-24T04:41:10.493Z,buy,6.83e-05,223.54,0.015267782
PIVX/BTC,1561351270493,2019-06-24T04:41:10.493Z,buy,6.84e-05,738.75,0.0505305
PIVX/BTC,1561351270493,2019-06-24T04:41:10.493Z,buy,6.85e-05,21.81,0.001493985
PIVX/BTC,1561351270493,2019-06-24T04:41:10.493Z,buy,6.86e-05,21.92,0.001503712
PIVX/BTC,1561351270493,2019-06-24T04:41:10.493Z,buy,6.87e-05,617.98,0.042455226
PIVX/BTC,1561351271492,2019-06-24T04:41:11.492Z,buy,6.87e-05,35.67,0.002450529
PIVX/BTC,1561351287287,2019-06-24T04:41:27.287Z,sell,6.84e-05,14.93,0.0010212119999999
PIVX/BTC,1561351316523,2019-06-24T04:41:56.523Z,sell,6.84e-05,190.42,0.0130247279999999
PIVX/BTC,1561351316523,2019-06-24T04:41:56.523Z,sell,6.83e-05,107.69,0.007355227
PIVX/BTC,1561351318553,2019-06-24T04:41:58.553Z,sell,6.83e-05,47.5,0.00324425
PIVX/BTC,1561351321821,2019-06-24T04:42:01.821Z,sell,6.83e-05,14.75,0.001007425
PIVX/BTC,1561351343836,2019-06-24T04:42:23.836Z,sell,6.83e-05,670.2,0.04577466
PIVX/BTC,1561351349727,2019-06-24T04:42:29.727Z,sell,6.82e-05,200.0,0.01364
PIVX/BTC,1561352132092,2019-06-24T04:55:32.092Z,sell,6.81e-05,44.14,0.003005934
PIVX/BTC,1561352133825,2019-06-24T04:55:33.825Z,sell,6.81e-05,25.77,0.001754937
PIVX/BTC,1561352149998,2019-06-24T04:55:49.998Z,sell,6.81e-05,117.76,0.008019456
PIVX/BTC,1561352187493,2019-06-24T04:56:27.493Z,sell,6.81e-05,166.06,0.011308686
PIVX/BTC,1561352456566,2019-06-24T05:00:56.566Z,buy,6.81e-05,19.25,0.001310925
PIVX/BTC,1561352532120,2019-06-24T05:02:12.120Z,buy,6.81e-05,45.06,0.003068586
PIVX/BTC,1561352532120,2019-06-24T05:02:12.120Z,buy,6.82e-05,19.25,0.00131285
PIVX/BTC,1561352558696,2019-06-24T05:02:38.696Z,sell,6.8e-05,83.56,0.00568208
PIVX/BTC,1561352609253,2019-06-24T05:03:29.253Z,buy,6.82e-05,64.31,0.004385942
PIVX/BTC,1561352684963,2019-06-24T05:04:44.963Z,buy,6.82e-05,45.06,0.003073092
PIVX/BTC,1561352710742,2019-06-24T05:05:10.742Z,sell,6.8e-05,109.37,0.00743716
PIVX/BTC,1561352888872,2019-06-24T05:08:08.872Z,buy,6.83e-05,232.74,0.015896142
PIVX/BTC,1561353574191,2019-06-24T05:19:34.191Z,sell,6.82e-05,50.17,0.003421594
PIVX/BTC,1561353710772,2019-06-24T05:21:50.772Z,sell,6.82e-05,25.18,0.001717276
PIVX/BTC,1561353787539,2019-06-24T05:23:07.539Z,sell,6.82e-05,186.33,0.012707706
PIVX/BTC,1561353792387,2019-06-24T05:23:12.387Z,sell,6.82e-05,186.33,0.012707706
PIVX/BTC,1561353824410,2019-06-24T05:23:44.410Z,sell,6.82e-05,342.0,0.0233244
PIVX/BTC,1561353829347,2019-06-24T05:23:49.347Z,sell,6.82e-05,49.42,0.003370444
PIVX/BTC,1561353847972,2019-06-24T05:24:07.972Z,sell,6.82e-05,221.31,0.015093342
PIVX/BTC,1561353847972,2019-06-24T05:24:07.972Z,sell,6.82e-05,221.31,0.015093342
PIVX/BTC,1561353868396,2019-06-24T05:24:28.396Z,sell,6.82e-05,150.24,0.010246368
PIVX/BTC,1561353963868,2019-06-24T05:26:03.868Z,sell,6.8e-05,34.1,0.0023188
PIVX/BTC,1561353974668,2019-06-24T05:26:14.668Z,sell,6.8e-05,89.31,0.00607308
PIVX/BTC,1561354491544,2019-06-24T05:34:51.544Z,buy,6.82e-05,171.08,0.011667656
PIVX/BTC,1561354500159,2019-06-24T05:35:00.159Z,buy,6.82e-05,267.44,0.018239408
PIVX/BTC,1561354532090,2019-06-24T05:35:32.090Z,sell,6.8e-05,563.86,0.03834248
PIVX/BTC,1561354534405,2019-06-24T05:35:34.405Z,sell,6.79e-05,1035.84,0.0703335359999999
PIVX/BTC,1561354536110,2019-06-24T05:35:36.110Z,sell,6.78e-05,1400.86,0.0949783079999999
PIVX/BTC,1561354537112,2019-06-24T05:35:37.112Z,sell,6.78e-05,550.0,0.03729
PIVX/BTC,1561354539574,2019-06-24T05:35:39.574Z,sell,6.77e-05,3863.38,0.261550826
PIVX/BTC,1561354546103,2019-06-24T05:35:46.103Z,buy,6.83e-05,218.89,0.014950187
PIVX/BTC,1561354546240,2019-06-24T05:35:46.240Z,buy,6.83e-05,323.48,0.022093684
PIVX/BTC,1561354565213,2019-06-24T05:36:05.213Z,buy,6.83e-05,201.16,0.013739228
PIVX/BTC,1561354628097,2019-06-24T05:37:08.097Z,buy,6.83e-05,43.89,0.002997687
PIVX/BTC,1561354648104,2019-06-24T05:37:28.104Z,buy,6.83e-05,14.71,0.001004693
PIVX/BTC,1561354648104,2019-06-24T05:37:28.104Z,buy,6.84e-05,29.18,0.001995912
PIVX/BTC,1561354700294,2019-06-24T05:38:20.294Z,sell,6.82e-05,43.88,0.002992616
PIVX/BTC,1561354703297,2019-06-24T05:38:23.297Z,sell,6.81e-05,469.15,0.031949115
PIVX/BTC,1561354705015,2019-06-24T05:38:25.015Z,sell,6.82e-05,103.32,0.007046424
PIVX/BTC,1561354705015,2019-06-24T05:38:25.015Z,sell,6.81e-05,64.74,0.004408794
PIVX/BTC,1561354705015,2019-06-24T05:38:25.015Z,sell,6.8e-05,1048.37,0.0712891599999999
PIVX/BTC,1561354736081,2019-06-24T05:38:56.081Z,buy,6.83e-05,64.74,0.004421742
PIVX/BTC,1561355195934,2019-06-24T05:46:35.934Z,sell,6.83e-05,38.44,0.002625452
PIVX/BTC,1561355198095,2019-06-24T05:46:38.095Z,buy,6.82e-05,293.04,0.019985328
PIVX/BTC,1561355200102,2019-06-24T05:46:40.102Z,buy,6.82e-05,146.12,0.009965384
PIVX/BTC,1561355204163,2019-06-24T05:46:44.163Z,buy,6.82e-05,96.47,0.006579254
PIVX/BTC,1561355206103,2019-06-24T05:46:46.103Z,buy,6.82e-05,43.94,0.002996708
PIVX/BTC,1561355231035,2019-06-24T05:47:11.035Z,buy,6.83e-05,701.78,0.047931574
PIVX/BTC,1561355232160,2019-06-24T05:47:12.160Z,buy,6.84e-05,43.86,0.0030000239999999
PIVX/BTC,1561355353645,2019-06-24T05:49:13.645Z,buy,6.84e-05,100.01,0.006840684
PIVX/BTC,1561355359140,2019-06-24T05:49:19.140Z,buy,6.84e-05,89.26,0.006105384
PIVX/BTC,1561355367659,2019-06-24T05:49:27.659Z,buy,6.84e-05,632.77,0.043281468
PIVX/BTC,1561355398559,2019-06-24T05:49:58.559Z,buy,6.83e-05,40.54,0.002768882
PIVX/BTC,1561355400096,2019-06-24T05:50:00.096Z,buy,6.83e-05,11.92,0.000814136
PIVX/BTC,1561355400096,2019-06-24T05:50:00.096Z,buy,6.84e-05,31.91,0.002182644
PIVX/BTC,1561355478285,2019-06-24T05:51:18.285Z,buy,6.84e-05,23.08,0.0015786719999999
PIVX/BTC,1561355530071,2019-06-24T05:52:10.071Z,buy,6.85e-05,64.55,0.004421675
PIVX/BTC,1561355646087,2019-06-24T05:54:06.087Z,buy,6.83e-05,437.53,0.029883299
PIVX/BTC,1561355648092,2019-06-24T05:54:08.092Z,buy,6.83e-05,218.78,0.014942674
PIVX/BTC,1561355648888,2019-06-24T05:54:08.888Z,buy,6.83e-05,48.25,0.003295475
PIVX/BTC,1561355950102,2019-06-24T05:59:10.102Z,buy,6.83e-05,0.01,6.830000000000001e-07
PIVX/BTC,1561355950102,2019-06-24T05:59:10.102Z,buy,6.85e-05,146.18,0.01001333
PIVX/BTC,1561355951514,2019-06-24T05:59:11.514Z,buy,6.85e-05,182.69,0.012514265
PIVX/BTC,1561355952097,2019-06-24T05:59:12.097Z,buy,6.85e-05,145.63,0.009975655
PIVX/BTC,1561356018279,2019-06-24T06:00:18.279Z,buy,6.85e-05,54.78,0.00375243
PIVX/BTC,1561356022880,2019-06-24T06:00:22.880Z,buy,6.86e-05,152.28,0.010446408
PIVX/BTC,1561356022880,2019-06-24T06:00:22.880Z,buy,6.87e-05,40.0,0.002748
PIVX/BTC,1561356028152,2019-06-24T06:00:28.152Z,buy,6.86e-05,103.24,0.007082264
PIVX/BTC,1561356028152,2019-06-24T06:00:28.152Z,buy,6.87e-05,821.35,0.056426745
PIVX/BTC,1561356065882,2019-06-24T06:01:05.882Z,buy,6.87e-05,0.01,6.87e-07
PIVX/BTC,1561356112921,2019-06-24T06:01:52.921Z,buy,6.87e-05,58.71,0.004033377
PIVX/BTC,1561356244188,2019-06-24T06:04:04.188Z,buy,6.87e-05,14.67,0.001007829
PIVX/BTC,1561356257725,2019-06-24T06:04:17.725Z,buy,6.88e-05,110.22,0.007583136
PIVX/BTC,1561356337783,2019-06-24T06:05:37.783Z,buy,6.89e-05,88.2,0.00607698
PIVX/BTC,1561356357046,2019-06-24T06:05:57.046Z,buy,6.9e-05,40.63,0.00280347
PIVX/BTC,1561356363133,2019-06-24T06:06:03.133Z,buy,6.9e-05,69.95,0.00482655
PIVX/BTC,1561356363185,2019-06-24T06:06:03.185Z,sell,6.9e-05,17.91,0.0012357899999999
PIVX/BTC,1561356368682,2019-06-24T06:06:08.682Z,sell,6.9e-05,67.26,0.00464094
PIVX/BTC,1561356379072,2019-06-24T06:06:19.072Z,buy,6.91e-05,200.94,0.013884954
PIVX/BTC,1561356379149,2019-06-24T06:06:19.149Z,sell,6.91e-05,15.36,0.001061376
PIVX/BTC,1561356381357,2019-06-24T06:06:21.357Z,sell,6.91e-05,505.14,0.034905174
PIVX/BTC,1561356402277,2019-06-24T06:06:42.277Z,buy,6.92e-05,353.57,0.024467044
PIVX/BTC,1561356403151,2019-06-24T06:06:43.151Z,sell,6.92e-05,43.78,0.003029576
PIVX/BTC,1561356403298,2019-06-24T06:06:43.298Z,sell,6.92e-05,123.9,0.00857388
PIVX/BTC,1561356403525,2019-06-24T06:06:43.525Z,sell,6.92e-05,23.59,0.001632428
PIVX/BTC,1561356407735,2019-06-24T06:06:47.735Z,buy,6.93e-05,1032.59,0.071558487
PIVX/BTC,1561356407735,2019-06-24T06:06:47.735Z,buy,6.94e-05,4590.37,0.318571678
PIVX/BTC,1561356410161,2019-06-24T06:06:50.161Z,buy,6.93e-05,14.58,0.001010394
PIVX/BTC,1561356410534,2019-06-24T06:06:50.534Z,sell,6.92e-05,247.38,0.017118696
PIVX/BTC,1561356415268,2019-06-24T06:06:55.268Z,sell,6.92e-05,63.89,0.004421188
PIVX/BTC,1561356417878,2019-06-24T06:06:57.878Z,sell,6.91e-05,57.93,0.004002963
PIVX/BTC,1561356425584,2019-06-24T06:07:05.584Z,sell,6.91e-05,93.4,0.00645394
PIVX/BTC,1561356426629,2019-06-24T06:07:06.629Z,buy,6.93e-05,69.36,0.004806648
PIVX/BTC,1561356435831,2019-06-24T06:07:15.831Z,buy,6.95e-05,34.48,0.0023963599999999
PIVX/BTC,1561356438337,2019-06-24T06:07:18.337Z,buy,6.94e-05,17.15,0.00119021
PIVX/BTC,1561356439908,2019-06-24T06:07:19.908Z,buy,6.93e-05,17.19,0.001191267
PIVX/BTC,1561356455983,2019-06-24T06:07:35.983Z,buy,6.93e-05,43.15,0.002990295
PIVX/BTC,1561356461137,2019-06-24T06:07:41.137Z,buy,6.93e-05,139.32,0.009654876
PIVX/BTC,1561356461137,2019-06-24T06:07:41.137Z,buy,6.94e-05,1138.43,0.079007042
PIVX/BTC,1561356461137,2019-06-24T06:07:41.137Z,buy,6.95e-05,1135.86,0.0789422699999999
PIVX/BTC,1561356461137,2019-06-24T06:07:41.137Z,buy,6.96e-05,1420.82,0.098889072
PIVX/BTC,1561356461137,2019-06-24T06:07:41.137Z,buy,6.97e-05,751.21,0.052359337
PIVX/BTC,1561356461799,2019-06-24T06:07:41.799Z,sell,6.95e-05,63.73,0.0044292349999999
PIVX/BTC,1561356462426,2019-06-24T06:07:42.426Z,sell,6.94e-05,67.22,0.004665068
PIVX/BTC,1561356462827,2019-06-24T06:07:42.827Z,buy,6.95e-05,14.47,0.001005665
PIVX/BTC,1561356471464,2019-06-24T06:07:51.464Z,buy,6.94e-05,52.75,0.00366085
PIVX/BTC,1561356472441,2019-06-24T06:07:52.441Z,sell,6.94e-05,18.8,0.00130472
PIVX/BTC,1561356480091,2019-06-24T06:08:00.091Z,sell,6.94e-05,144.32,0.010015808
PIVX/BTC,1561356480178,2019-06-24T06:08:00.178Z,buy,6.97e-05,24.29,0.001693013
PIVX/BTC,1561356482334,2019-06-24T06:08:02.334Z,sell,6.94e-05,51.88,0.003600472
PIVX/BTC,1561356486510,2019-06-24T06:08:06.510Z,buy,6.97e-05,148.85,0.0103748449999999
PIVX/BTC,1561356496289,2019-06-24T06:08:16.289Z,buy,6.97e-05,79.08,0.005511876
PIVX/BTC,1561356496289,2019-06-24T06:08:16.289Z,buy,6.98e-05,331.55,0.02314219
PIVX/BTC,1561356496289,2019-06-24T06:08:16.289Z,buy,6.99e-05,32.15,0.002247285
PIVX/BTC,1561356496694,2019-06-24T06:08:16.694Z,sell,6.96e-05,63.64,0.004429344
PIVX/BTC,1561356496735,2019-06-24T06:08:16.735Z,sell,6.95e-05,63.64,0.00442298
PIVX/BTC,1561356497140,2019-06-24T06:08:17.140Z,sell,6.95e-05,121.15,0.008419925
PIVX/BTC,1561356497811,2019-06-24T06:08:17.811Z,buy,6.98e-05,14.45,0.00100861
PIVX/BTC,1561356537286,2019-06-24T06:08:57.286Z,sell,6.92e-05,129.49,0.008960708
PIVX/BTC,1561356537518,2019-06-24T06:08:57.518Z,buy,6.96e-05,184.79,0.0128613839999999
PIVX/BTC,1561356537518,2019-06-24T06:08:57.518Z,buy,6.97e-05,1959.36,0.1365673919999999
PIVX/BTC,1561356537518,2019-06-24T06:08:57.518Z,buy,6.99e-05,801.98,0.056058402
PIVX/BTC,1561356546080,2019-06-24T06:09:06.080Z,sell,6.94e-05,38.07,0.002642058
PIVX/BTC,1561356568667,2019-06-24T06:09:28.667Z,sell,6.95e-05,43.31,0.003010045
PIVX/BTC,1561356569885,2019-06-24T06:09:29.885Z,buy,6.97e-05,150.0,0.010455
PIVX/BTC,1561356572153,2019-06-24T06:09:32.153Z,buy,6.97e-05,2.78,0.0001937659999999
PIVX/BTC,1561356573182,2019-06-24T06:09:33.182Z,sell,6.97e-05,74.4,0.00518568
PIVX/BTC,1561356584989,2019-06-24T06:09:44.989Z,sell,6.97e-05,154.34,0.010757498
PIVX/BTC,1561356586672,2019-06-24T06:09:46.672Z,buy,6.98e-05,176.68,0.012332264
PIVX/BTC,1561356587506,2019-06-24T06:09:47.506Z,sell,6.98e-05,21.48,0.001499304
PIVX/BTC,1561356587975,2019-06-24T06:09:47.975Z,sell,6.98e-05,16.0,0.0011168
PIVX/BTC,1561356587985,2019-06-24T06:09:47.985Z,sell,6.98e-05,61.9,0.00432062
PIVX/BTC,1561356588156,2019-06-24T06:09:48.156Z,sell,6.98e-05,261.31,0.018239438
