symbol,timestamp,datetime,side,price,amount,btc_volume
POA/BTC,1564070454183,2019-07-25T16:00:54.183Z,buy,2.18e-06,15.0,3.2699999999999995e-05
POA/BTC,1564070594782,2019-07-25T16:03:14.782Z,sell,2.16e-06,78.0,0.00016848
POA/BTC,1564070598410,2019-07-25T16:03:18.410Z,buy,2.17e-06,52.0,0.00011284
POA/BTC,1564070598410,2019-07-25T16:03:18.410Z,buy,2.18e-06,2296.0,0.00500528
POA/BTC,1564070623074,2019-07-25T16:03:43.074Z,buy,2.18e-06,14.0,3.052e-05
POA/BTC,1564070632907,2019-07-25T16:03:52.907Z,buy,2.18e-06,1009.0,0.00219962
POA/BTC,1564070634981,2019-07-25T16:03:54.981Z,sell,2.17e-06,12412.0,0.02693404
POA/BTC,1564070637423,2019-07-25T16:03:57.423Z,buy,2.18e-06,1007.0,0.00219526
POA/BTC,1564070637987,2019-07-25T16:03:57.987Z,sell,2.17e-06,986.0,0.00213962
POA/BTC,1564070757703,2019-07-25T16:05:57.703Z,sell,2.16e-06,1238.0,0.00267408
POA/BTC,1564070833997,2019-07-25T16:07:13.997Z,sell,2.16e-06,1388.0,0.00299808
POA/BTC,1564071041380,2019-07-25T16:10:41.380Z,buy,2.17e-06,111.0,0.00024087
POA/BTC,1564071042081,2019-07-25T16:10:42.081Z,buy,2.17e-06,2339.0,0.00507563
POA/BTC,1564071043266,2019-07-25T16:10:43.266Z,buy,2.17e-06,1033.0,0.00224161
POA/BTC,1564071047434,2019-07-25T16:10:47.434Z,buy,2.17e-06,1070.0,0.0023219
POA/BTC,1564071112068,2019-07-25T16:11:52.068Z,sell,2.16e-06,4124.0,0.00890784
POA/BTC,1564071167898,2019-07-25T16:12:47.898Z,buy,2.17e-06,1605.0,0.00348285
POA/BTC,1564071209446,2019-07-25T16:13:29.446Z,buy,2.17e-06,478.0,0.00103726
POA/BTC,1564071215625,2019-07-25T16:13:35.625Z,buy,2.17e-06,17.0,3.689e-05
POA/BTC,1564071936822,2019-07-25T16:25:36.822Z,buy,2.17e-06,1691.0,0.0036694699999999
POA/BTC,1564072109103,2019-07-25T16:28:29.103Z,sell,2.16e-06,11930.0,0.0257688
POA/BTC,1564072135506,2019-07-25T16:28:55.506Z,sell,2.15e-06,48796.0,0.1049114
POA/BTC,1564072135506,2019-07-25T16:28:55.506Z,sell,2.14e-06,80473.0,0.17221222
POA/BTC,1564072135506,2019-07-25T16:28:55.506Z,sell,2.13e-06,48458.0,0.10321554
POA/BTC,1564072135675,2019-07-25T16:28:55.675Z,sell,2.14e-06,151.0,0.0003231399999999
POA/BTC,1564072135930,2019-07-25T16:28:55.930Z,sell,2.14e-06,160.0,0.0003424
POA/BTC,1564072137082,2019-07-25T16:28:57.082Z,sell,2.14e-06,2675.0,0.0057244999999999
POA/BTC,1564072137772,2019-07-25T16:28:57.772Z,sell,2.14e-06,2424.0,0.0051873599999999
POA/BTC,1564072138687,2019-07-25T16:28:58.687Z,buy,2.14e-06,280.0,0.0005991999999999
POA/BTC,1564072140081,2019-07-25T16:29:00.081Z,sell,2.14e-06,606.0,0.0012968399999999
POA/BTC,1564072161818,2019-07-25T16:29:21.818Z,sell,2.14e-06,2348.0,0.00502472
POA/BTC,1564072483993,2019-07-25T16:34:43.993Z,buy,2.15e-06,13.0,2.795e-05
POA/BTC,1564072538183,2019-07-25T16:35:38.183Z,buy,2.15e-06,16.0,3.44e-05
POA/BTC,1564072569104,2019-07-25T16:36:09.104Z,buy,2.15e-06,14.0,3.0100000000000003e-05
POA/BTC,1564072615948,2019-07-25T16:36:55.948Z,buy,2.15e-06,16.0,3.44e-05
POA/BTC,1564072730717,2019-07-25T16:38:50.717Z,buy,2.15e-06,13.0,2.795e-05
POA/BTC,1564072795862,2019-07-25T16:39:55.862Z,buy,2.15e-06,14.0,3.0100000000000003e-05
POA/BTC,1564072952687,2019-07-25T16:42:32.687Z,buy,2.15e-06,15.0,3.2250000000000005e-05
POA/BTC,1564072977875,2019-07-25T16:42:57.875Z,buy,2.15e-06,786.0,0.0016899
POA/BTC,1564073015929,2019-07-25T16:43:35.929Z,buy,2.15e-06,13.0,2.795e-05
POA/BTC,1564073135488,2019-07-25T16:45:35.488Z,sell,2.14e-06,38159.0,0.08166026
POA/BTC,1564073135600,2019-07-25T16:45:35.600Z,buy,2.14e-06,437.0,0.00093518
POA/BTC,1564073136652,2019-07-25T16:45:36.652Z,buy,2.14e-06,52.0,0.0001112799999999
POA/BTC,1564073172469,2019-07-25T16:46:12.469Z,buy,2.15e-06,16.0,3.44e-05
POA/BTC,1564073216686,2019-07-25T16:46:56.686Z,sell,2.14e-06,18518.0,0.03962852
POA/BTC,1564073217283,2019-07-25T16:46:57.283Z,buy,2.14e-06,142.0,0.0003038799999999
POA/BTC,1564073225430,2019-07-25T16:47:05.430Z,buy,2.15e-06,17.0,3.655e-05
POA/BTC,1564073225495,2019-07-25T16:47:05.495Z,sell,2.14e-06,48.0,0.0001027199999999
POA/BTC,1564073285753,2019-07-25T16:48:05.753Z,buy,2.15e-06,16.0,3.44e-05
POA/BTC,1564073290329,2019-07-25T16:48:10.329Z,sell,2.13e-06,190.0,0.0004046999999999
POA/BTC,1564073473220,2019-07-25T16:51:13.220Z,buy,2.15e-06,15.0,3.2250000000000005e-05
POA/BTC,1564073733341,2019-07-25T16:55:33.341Z,buy,2.15e-06,17.0,3.655e-05
POA/BTC,1564073826406,2019-07-25T16:57:06.406Z,sell,2.14e-06,10000.0,0.0214
POA/BTC,1564073826406,2019-07-25T16:57:06.406Z,sell,2.13e-06,71021.0,0.15127473
POA/BTC,1564073826422,2019-07-25T16:57:06.422Z,buy,2.13e-06,12634.0,0.02691042
POA/BTC,1564073827562,2019-07-25T16:57:07.562Z,sell,2.13e-06,67.0,0.00014271
POA/BTC,1564073827888,2019-07-25T16:57:07.888Z,sell,2.13e-06,10210.0,0.0217473
POA/BTC,1564073927187,2019-07-25T16:58:47.187Z,sell,2.13e-06,702.0,0.00149526
POA/BTC,1564073927187,2019-07-25T16:58:47.187Z,sell,2.13e-06,702.0,0.00149526
POA/BTC,1564074017836,2019-07-25T17:00:17.836Z,buy,2.14e-06,21503.0,0.0460164199999999
POA/BTC,1564074157730,2019-07-25T17:02:37.730Z,sell,2.14e-06,68.0,0.00014552
POA/BTC,1564074205161,2019-07-25T17:03:25.161Z,sell,2.14e-06,642.0,0.0013738799999999
POA/BTC,1564074206819,2019-07-25T17:03:26.819Z,buy,2.15e-06,701.0,0.00150715
POA/BTC,1564074216231,2019-07-25T17:03:36.231Z,buy,2.15e-06,13.0,2.795e-05
POA/BTC,1564074216339,2019-07-25T17:03:36.339Z,sell,2.14e-06,50.0,0.000107
POA/BTC,1564074366071,2019-07-25T17:06:06.071Z,buy,2.15e-06,163.0,0.00035045
POA/BTC,1564074366586,2019-07-25T17:06:06.586Z,buy,2.15e-06,163.0,0.00035045
POA/BTC,1564074394812,2019-07-25T17:06:34.812Z,buy,2.15e-06,15.0,3.2250000000000005e-05
POA/BTC,1564074550919,2019-07-25T17:09:10.919Z,sell,2.14e-06,68.0,0.00014552
POA/BTC,1564074656914,2019-07-25T17:10:56.914Z,sell,2.14e-06,5000.0,0.0107
POA/BTC,1564074663808,2019-07-25T17:11:03.808Z,sell,2.14e-06,93654.0,0.20041956
POA/BTC,1564074852746,2019-07-25T17:14:12.746Z,buy,2.15e-06,939.0,0.00201885
POA/BTC,1564075655275,2019-07-25T17:27:35.275Z,sell,2.13e-06,2094.0,0.00446022
POA/BTC,1564075657352,2019-07-25T17:27:37.352Z,buy,2.14e-06,264.0,0.00056496
POA/BTC,1564075925906,2019-07-25T17:32:05.906Z,buy,2.14e-06,16.0,3.424e-05
POA/BTC,1564076004422,2019-07-25T17:33:24.422Z,sell,2.14e-06,73.0,0.00015622
POA/BTC,1564076407725,2019-07-25T17:40:07.725Z,sell,2.14e-06,68.0,0.00014552
POA/BTC,1564076466337,2019-07-25T17:41:06.337Z,sell,2.14e-06,105.0,0.0002247
POA/BTC,1564076809559,2019-07-25T17:46:49.559Z,buy,2.15e-06,30279.0,0.06509985
POA/BTC,1564076948009,2019-07-25T17:49:08.009Z,buy,2.16e-06,939.0,0.00202824
POA/BTC,1564076949011,2019-07-25T17:49:09.011Z,sell,2.15e-06,1810.0,0.0038915
POA/BTC,1564077063432,2019-07-25T17:51:03.432Z,buy,2.16e-06,679.0,0.00146664
POA/BTC,1564077227086,2019-07-25T17:53:47.086Z,buy,2.16e-06,1388.0,0.00299808
POA/BTC,1564077317025,2019-07-25T17:55:17.025Z,buy,2.16e-06,17658.0,0.03814128
POA/BTC,1564077317025,2019-07-25T17:55:17.025Z,buy,2.16e-06,17658.0,0.03814128
POA/BTC,1564078185039,2019-07-25T18:09:45.039Z,sell,2.15e-06,1029.0,0.00221235
POA/BTC,1564079160476,2019-07-25T18:26:00.476Z,buy,2.16e-06,939.0,0.00202824
POA/BTC,1564079456379,2019-07-25T18:30:56.379Z,sell,2.15e-06,1383.0,0.00297345
POA/BTC,1564079825112,2019-07-25T18:37:05.112Z,sell,2.15e-06,200.0,0.00043
POA/BTC,1564080019492,2019-07-25T18:40:19.492Z,buy,2.16e-06,486.0,0.00104976
POA/BTC,1564080677682,2019-07-25T18:51:17.682Z,sell,2.15e-06,103.0,0.00022145
POA/BTC,1564080828336,2019-07-25T18:53:48.336Z,buy,2.16e-06,939.0,0.00202824
POA/BTC,1564080829279,2019-07-25T18:53:49.279Z,sell,2.15e-06,680.0,0.001462
POA/BTC,1564080829279,2019-07-25T18:53:49.279Z,sell,2.15e-06,680.0,0.001462
POA/BTC,1564080990708,2019-07-25T18:56:30.708Z,sell,2.14e-06,1872.0,0.0040060799999999
POA/BTC,1564081091028,2019-07-25T18:58:11.028Z,buy,2.16e-06,627.0,0.00135432
POA/BTC,1564083572025,2019-07-25T19:39:32.025Z,sell,2.14e-06,30679.0,0.06565306
POA/BTC,1564083572025,2019-07-25T19:39:32.025Z,sell,2.13e-06,46992.0,0.10009296
POA/BTC,1564083572025,2019-07-25T19:39:32.025Z,sell,2.12e-06,147725.0,0.313177
POA/BTC,1564083572025,2019-07-25T19:39:32.025Z,sell,2.11e-06,12702.0,0.02680122
POA/BTC,1564083572218,2019-07-25T19:39:32.218Z,buy,2.14e-06,387.0,0.00082818
POA/BTC,1564083572828,2019-07-25T19:39:32.828Z,sell,2.13e-06,1857.0,0.0039554099999999
POA/BTC,1564083572847,2019-07-25T19:39:32.847Z,buy,2.13e-06,2590.0,0.0055167
POA/BTC,1564083572853,2019-07-25T19:39:32.853Z,buy,2.13e-06,2590.0,0.0055167
POA/BTC,1564083572854,2019-07-25T19:39:32.854Z,buy,2.13e-06,2590.0,0.0055167
POA/BTC,1564083572857,2019-07-25T19:39:32.857Z,buy,2.13e-06,2590.0,0.0055167
POA/BTC,1564083572858,2019-07-25T19:39:32.858Z,buy,2.13e-06,2590.0,0.0055167
POA/BTC,1564083572859,2019-07-25T19:39:32.859Z,buy,2.13e-06,2590.0,0.0055167
POA/BTC,1564083572866,2019-07-25T19:39:32.866Z,buy,2.13e-06,2590.0,0.0055167
POA/BTC,1564083572881,2019-07-25T19:39:32.881Z,buy,2.13e-06,2583.0,0.0055017899999999
POA/BTC,1564083572885,2019-07-25T19:39:32.885Z,sell,2.12e-06,12950.0,0.027454
POA/BTC,1564083572890,2019-07-25T19:39:32.890Z,buy,2.13e-06,2583.0,0.0055017899999999
POA/BTC,1564083572891,2019-07-25T19:39:32.891Z,buy,2.13e-06,205.0,0.0004366499999999
POA/BTC,1564083572892,2019-07-25T19:39:32.892Z,buy,2.13e-06,540.0,0.0011501999999999
POA/BTC,1564083572949,2019-07-25T19:39:32.949Z,buy,2.13e-06,184.0,0.00039192
POA/BTC,1564083574024,2019-07-25T19:39:34.024Z,buy,2.13e-06,796.0,0.0016954799999999
POA/BTC,1564083578521,2019-07-25T19:39:38.521Z,sell,2.12e-06,280.0,0.0005936
POA/BTC,1564083578831,2019-07-25T19:39:38.831Z,sell,2.12e-06,2424.0,0.00513888
POA/BTC,1564083584019,2019-07-25T19:39:44.019Z,sell,2.12e-06,81.0,0.00017172
POA/BTC,1564083584038,2019-07-25T19:39:44.038Z,sell,2.12e-06,559.0,0.00118508
POA/BTC,1564083589451,2019-07-25T19:39:49.451Z,buy,2.13e-06,159.0,0.00033867
POA/BTC,1564083594262,2019-07-25T19:39:54.262Z,buy,2.13e-06,7967.0,0.01696971
POA/BTC,1564083595199,2019-07-25T19:39:55.199Z,buy,2.13e-06,4146.0,0.00883098
POA/BTC,1564083595566,2019-07-25T19:39:55.566Z,sell,2.13e-06,163.0,0.00034719
POA/BTC,1564083595785,2019-07-25T19:39:55.785Z,sell,2.13e-06,2590.0,0.0055167
POA/BTC,1564083595886,2019-07-25T19:39:55.886Z,buy,2.14e-06,15.0,3.2099999999999994e-05
POA/BTC,1564083627467,2019-07-25T19:40:27.467Z,buy,2.14e-06,62.0,0.0001326799999999
POA/BTC,1564083672760,2019-07-25T19:41:12.760Z,sell,2.13e-06,625.0,0.00133125
POA/BTC,1564083785272,2019-07-25T19:43:05.272Z,buy,2.14e-06,14.0,2.996e-05
POA/BTC,1564083786715,2019-07-25T19:43:06.715Z,buy,2.14e-06,15.0,3.2099999999999994e-05
POA/BTC,1564084328228,2019-07-25T19:52:08.228Z,buy,2.14e-06,467.0,0.00099938
POA/BTC,1564084396924,2019-07-25T19:53:16.924Z,buy,2.14e-06,467.0,0.00099938
POA/BTC,1564084400956,2019-07-25T19:53:20.956Z,buy,2.14e-06,467.0,0.00099938
POA/BTC,1564084404964,2019-07-25T19:53:24.964Z,buy,2.14e-06,467.0,0.00099938
POA/BTC,1564084405219,2019-07-25T19:53:25.219Z,buy,2.14e-06,11000.0,0.02354
POA/BTC,1564084408798,2019-07-25T19:53:28.798Z,buy,2.14e-06,467.0,0.00099938
POA/BTC,1564084412584,2019-07-25T19:53:32.584Z,buy,2.14e-06,467.0,0.00099938
POA/BTC,1564084413046,2019-07-25T19:53:33.046Z,buy,2.14e-06,19000.0,0.0406599999999999
POA/BTC,1564084413047,2019-07-25T19:53:33.047Z,buy,2.14e-06,5000.0,0.0107
POA/BTC,1564084413074,2019-07-25T19:53:33.074Z,buy,2.14e-06,21888.0,0.04684032
POA/BTC,1564084418989,2019-07-25T19:53:38.989Z,buy,2.15e-06,15.0,3.2250000000000005e-05
POA/BTC,1564084418989,2019-07-25T19:53:38.989Z,buy,2.15e-06,15.0,3.2250000000000005e-05
POA/BTC,1564084856224,2019-07-25T20:00:56.224Z,buy,2.15e-06,401.0,0.00086215
POA/BTC,1564084862725,2019-07-25T20:01:02.725Z,buy,2.15e-06,325.0,0.00069875
POA/BTC,1564084863110,2019-07-25T20:01:03.110Z,buy,2.15e-06,321.0,0.00069015
POA/BTC,1564084864100,2019-07-25T20:01:04.100Z,buy,2.15e-06,327.0,0.00070305
POA/BTC,1564084943000,2019-07-25T20:02:23.000Z,buy,2.15e-06,14.0,3.0100000000000003e-05
POA/BTC,1564085847982,2019-07-25T20:17:27.982Z,buy,2.15e-06,57.0,0.00012255
POA/BTC,1564085919445,2019-07-25T20:18:39.445Z,buy,2.15e-06,17.0,3.655e-05
POA/BTC,1564087424129,2019-07-25T20:43:44.129Z,buy,2.15e-06,4651.0,0.00999965
POA/BTC,1564087424129,2019-07-25T20:43:44.129Z,buy,2.15e-06,4651.0,0.00999965
POA/BTC,1564088148096,2019-07-25T20:55:48.096Z,sell,2.13e-06,653.0,0.0013908899999999
POA/BTC,1564088426362,2019-07-25T21:00:26.362Z,sell,2.13e-06,23076.0,0.04915188
POA/BTC,1564088427378,2019-07-25T21:00:27.378Z,buy,2.13e-06,8183.0,0.01742979
POA/BTC,1564088684325,2019-07-25T21:04:44.325Z,sell,2.13e-06,4936.0,0.01051368
POA/BTC,1564088684583,2019-07-25T21:04:44.583Z,buy,2.13e-06,3000.0,0.00639
POA/BTC,1564088684585,2019-07-25T21:04:44.585Z,buy,2.13e-06,2000.0,0.00426
POA/BTC,1564088684756,2019-07-25T21:04:44.756Z,buy,2.13e-06,2000.0,0.00426
POA/BTC,1564088813169,2019-07-25T21:06:53.169Z,buy,2.13e-06,50.0,0.0001065
POA/BTC,1564089215699,2019-07-25T21:13:35.699Z,sell,2.12e-06,19227.0,0.04076124
POA/BTC,1564089636708,2019-07-25T21:20:36.708Z,buy,2.13e-06,338.0,0.00071994
POA/BTC,1564090313598,2019-07-25T21:31:53.598Z,sell,2.12e-06,9216.0,0.01953792
POA/BTC,1564090313598,2019-07-25T21:31:53.598Z,sell,2.12e-06,9216.0,0.01953792
POA/BTC,1564091705775,2019-07-25T21:55:05.775Z,buy,2.13e-06,17.0,3.621e-05
POA/BTC,1564091920443,2019-07-25T21:58:40.443Z,buy,2.13e-06,17.0,3.621e-05
POA/BTC,1564093150079,2019-07-25T22:19:10.079Z,sell,2.12e-06,269.0,0.00057028
POA/BTC,1564093150079,2019-07-25T22:19:10.079Z,sell,2.12e-06,269.0,0.00057028
POA/BTC,1564095032209,2019-07-25T22:50:32.209Z,buy,2.12e-06,4117.0,0.00872804
POA/BTC,1564095032237,2019-07-25T22:50:32.237Z,buy,2.12e-06,108.0,0.00022896
POA/BTC,1564095032376,2019-07-25T22:50:32.376Z,buy,2.12e-06,210.0,0.0004452
POA/BTC,1564095754700,2019-07-25T23:02:34.700Z,buy,2.13e-06,2343.0,0.00499059
POA/BTC,1564095777456,2019-07-25T23:02:57.456Z,buy,2.13e-06,2812.0,0.00598956
POA/BTC,1564095812308,2019-07-25T23:03:32.308Z,buy,2.13e-06,2343.0,0.00499059
POA/BTC,1564095831855,2019-07-25T23:03:51.855Z,buy,2.13e-06,44156.0,0.09405228
POA/BTC,1564095832927,2019-07-25T23:03:52.927Z,sell,2.13e-06,47.0,0.00010011
POA/BTC,1564095864971,2019-07-25T23:04:24.971Z,buy,2.14e-06,46658.0,0.09984812
POA/BTC,1564095883283,2019-07-25T23:04:43.283Z,buy,2.14e-06,746.0,0.00159644
POA/BTC,1564095953567,2019-07-25T23:05:53.567Z,buy,2.14e-06,1399.0,0.0029938599999999
POA/BTC,1564095953567,2019-07-25T23:05:53.567Z,buy,2.14e-06,1399.0,0.0029938599999999
POA/BTC,1564097474066,2019-07-25T23:31:14.066Z,sell,2.13e-06,7840.0,0.0166992
POA/BTC,1564097474068,2019-07-25T23:31:14.068Z,sell,2.13e-06,16898.0,0.03599274
POA/BTC,1564097474070,2019-07-25T23:31:14.070Z,sell,2.13e-06,7840.0,0.0166992
POA/BTC,1564097474397,2019-07-25T23:31:14.397Z,sell,2.13e-06,4819.0,0.01026447
POA/BTC,1564097474421,2019-07-25T23:31:14.421Z,sell,2.13e-06,5938.0,0.01264794
POA/BTC,1564098952715,2019-07-25T23:55:52.715Z,sell,2.12e-06,235.0,0.0004982
POA/BTC,1564099228548,2019-07-26T00:00:28.548Z,sell,2.12e-06,1360.0,0.0028832
POA/BTC,1564099321659,2019-07-26T00:02:01.659Z,buy,2.13e-06,1409.0,0.00300117
POA/BTC,1564099321873,2019-07-26T00:02:01.873Z,buy,2.13e-06,470.0,0.0010011
POA/BTC,1564099321926,2019-07-26T00:02:01.926Z,buy,2.13e-06,48.0,0.00010224
POA/BTC,1564099321936,2019-07-26T00:02:01.936Z,buy,2.13e-06,564.0,0.0012013199999999
POA/BTC,1564099321941,2019-07-26T00:02:01.941Z,buy,2.13e-06,1409.0,0.00300117
POA/BTC,1564099322012,2019-07-26T00:02:02.012Z,buy,2.13e-06,7802.0,0.01661826
POA/BTC,1564099322167,2019-07-26T00:02:02.167Z,buy,2.14e-06,1884.0,0.00403176
POA/BTC,1564099322209,2019-07-26T00:02:02.209Z,sell,2.13e-06,66.0,0.0001405799999999
POA/BTC,1564099323320,2019-07-26T00:02:03.320Z,buy,2.14e-06,468.0,0.0010015199999999
POA/BTC,1564099323397,2019-07-26T00:02:03.397Z,buy,2.14e-06,935.0,0.0020009
POA/BTC,1564099325365,2019-07-26T00:02:05.365Z,buy,2.14e-06,116.0,0.00024824
POA/BTC,1564099400049,2019-07-26T00:03:20.049Z,buy,2.14e-06,94.0,0.0002011599999999
POA/BTC,1564099400348,2019-07-26T00:03:20.348Z,buy,2.14e-06,34219.0,0.07322866
POA/BTC,1564099400348,2019-07-26T00:03:20.348Z,buy,2.14e-06,34219.0,0.07322866
POA/BTC,1564100025760,2019-07-26T00:13:45.760Z,buy,2.14e-06,4936.0,0.01056304
POA/BTC,1564100084287,2019-07-26T00:14:44.287Z,buy,2.15e-06,32763.0,0.07044045
POA/BTC,1564100084303,2019-07-26T00:14:44.303Z,buy,2.16e-06,8414.0,0.01817424
POA/BTC,1564100084310,2019-07-26T00:14:44.310Z,buy,2.16e-06,5976.0,0.01290816
POA/BTC,1564100084331,2019-07-26T00:14:44.331Z,buy,2.16e-06,32763.0,0.07076808
POA/BTC,1564100085319,2019-07-26T00:14:45.319Z,buy,2.16e-06,9390.0,0.0202824
POA/BTC,1564100111878,2019-07-26T00:15:11.878Z,buy,2.16e-06,4258.0,0.00919728
POA/BTC,1564100130381,2019-07-26T00:15:30.381Z,sell,2.15e-06,2704.0,0.0058136
POA/BTC,1564100131788,2019-07-26T00:15:31.788Z,sell,2.14e-06,14963.0,0.03202082
POA/BTC,1564100131788,2019-07-26T00:15:31.788Z,sell,2.13e-06,23503.0,0.05006139
POA/BTC,1564100884205,2019-07-26T00:28:04.205Z,sell,2.13e-06,4258.0,0.00906954
POA/BTC,1564100940228,2019-07-26T00:29:00.228Z,buy,2.14e-06,454.0,0.0009715599999999
POA/BTC,1564101039968,2019-07-26T00:30:39.968Z,sell,2.13e-06,54.0,0.0001150199999999
POA/BTC,1564101041489,2019-07-26T00:30:41.489Z,sell,2.13e-06,54.0,0.0001150199999999
POA/BTC,1564101045804,2019-07-26T00:30:45.804Z,sell,2.13e-06,54.0,0.0001150199999999
POA/BTC,1564101048807,2019-07-26T00:30:48.807Z,sell,2.13e-06,54.0,0.0001150199999999
POA/BTC,1564101051803,2019-07-26T00:30:51.803Z,sell,2.13e-06,54.0,0.0001150199999999
POA/BTC,1564101057808,2019-07-26T00:30:57.808Z,sell,2.13e-06,54.0,0.0001150199999999
POA/BTC,1564101060813,2019-07-26T00:31:00.813Z,sell,2.13e-06,54.0,0.0001150199999999
POA/BTC,1564101063815,2019-07-26T00:31:03.815Z,sell,2.13e-06,54.0,0.0001150199999999
POA/BTC,1564101069806,2019-07-26T00:31:09.806Z,sell,2.13e-06,54.0,0.0001150199999999
POA/BTC,1564101072813,2019-07-26T00:31:12.813Z,sell,2.13e-06,54.0,0.0001150199999999
POA/BTC,1564101075811,2019-07-26T00:31:15.811Z,sell,2.13e-06,54.0,0.0001150199999999
POA/BTC,1564101078805,2019-07-26T00:31:18.805Z,sell,2.13e-06,54.0,0.0001150199999999
POA/BTC,1564101081807,2019-07-26T00:31:21.807Z,sell,2.13e-06,54.0,0.0001150199999999
POA/BTC,1564101084810,2019-07-26T00:31:24.810Z,sell,2.13e-06,54.0,0.0001150199999999
POA/BTC,1564101087805,2019-07-26T00:31:27.805Z,sell,2.13e-06,54.0,0.0001150199999999
POA/BTC,1564101090805,2019-07-26T00:31:30.805Z,sell,2.13e-06,54.0,0.0001150199999999
POA/BTC,1564101093815,2019-07-26T00:31:33.815Z,sell,2.13e-06,54.0,0.0001150199999999
POA/BTC,1564101096804,2019-07-26T00:31:36.804Z,sell,2.13e-06,54.0,0.0001150199999999
POA/BTC,1564101099816,2019-07-26T00:31:39.816Z,sell,2.13e-06,54.0,0.0001150199999999
POA/BTC,1564101102814,2019-07-26T00:31:42.814Z,sell,2.13e-06,54.0,0.0001150199999999
POA/BTC,1564101105815,2019-07-26T00:31:45.815Z,sell,2.13e-06,54.0,0.0001150199999999
POA/BTC,1564101108811,2019-07-26T00:31:48.811Z,sell,2.13e-06,54.0,0.0001150199999999
POA/BTC,1564101111812,2019-07-26T00:31:51.812Z,sell,2.13e-06,54.0,0.0001150199999999
POA/BTC,1564101114807,2019-07-26T00:31:54.807Z,sell,2.13e-06,54.0,0.0001150199999999
POA/BTC,1564101120817,2019-07-26T00:32:00.817Z,sell,2.13e-06,54.0,0.0001150199999999
POA/BTC,1564101126807,2019-07-26T00:32:06.807Z,sell,2.13e-06,54.0,0.0001150199999999
POA/BTC,1564101132811,2019-07-26T00:32:12.811Z,sell,2.13e-06,54.0,0.0001150199999999
POA/BTC,1564101135812,2019-07-26T00:32:15.812Z,sell,2.13e-06,54.0,0.0001150199999999
POA/BTC,1564101138818,2019-07-26T00:32:18.818Z,sell,2.13e-06,54.0,0.0001150199999999
POA/BTC,1564101144810,2019-07-26T00:32:24.810Z,sell,2.13e-06,54.0,0.0001150199999999
POA/BTC,1564101147815,2019-07-26T00:32:27.815Z,sell,2.13e-06,54.0,0.0001150199999999
POA/BTC,1564101150812,2019-07-26T00:32:30.812Z,sell,2.13e-06,54.0,0.0001150199999999
POA/BTC,1564101156809,2019-07-26T00:32:36.809Z,sell,2.13e-06,54.0,0.0001150199999999
POA/BTC,1564101159447,2019-07-26T00:32:39.447Z,buy,2.14e-06,17.0,3.638e-05
POA/BTC,1564101160411,2019-07-26T00:32:40.411Z,buy,2.13e-06,1101.0,0.00234513
POA/BTC,1564101161623,2019-07-26T00:32:41.623Z,buy,2.13e-06,925.0,0.0019702499999999
POA/BTC,1564101260857,2019-07-26T00:34:20.857Z,buy,2.13e-06,904.0,0.00192552
POA/BTC,1564101612039,2019-07-26T00:40:12.039Z,sell,2.12e-06,4692.0,0.00994704
POA/BTC,1564101614718,2019-07-26T00:40:14.718Z,sell,2.12e-06,54.0,0.00011448
POA/BTC,1564101671650,2019-07-26T00:41:11.650Z,buy,2.13e-06,467.0,0.00099471
POA/BTC,1564101672665,2019-07-26T00:41:12.665Z,buy,2.13e-06,467.0,0.00099471
POA/BTC,1564101700494,2019-07-26T00:41:40.494Z,buy,2.13e-06,144.0,0.00030672
POA/BTC,1564101702004,2019-07-26T00:41:42.004Z,buy,2.13e-06,144.0,0.00030672
POA/BTC,1564101704250,2019-07-26T00:41:44.250Z,buy,2.13e-06,143.0,0.00030459
POA/BTC,1564102267147,2019-07-26T00:51:07.147Z,sell,2.12e-06,1770.0,0.0037524
POA/BTC,1564102289072,2019-07-26T00:51:29.072Z,sell,2.12e-06,467.0,0.00099004
POA/BTC,1564102289103,2019-07-26T00:51:29.103Z,sell,2.12e-06,262.0,0.00055544
POA/BTC,1564102366194,2019-07-26T00:52:46.194Z,sell,2.12e-06,233.0,0.00049396
POA/BTC,1564102550555,2019-07-26T00:55:50.555Z,sell,2.12e-06,14859.0,0.03150108
POA/BTC,1564102550555,2019-07-26T00:55:50.555Z,sell,2.11e-06,35655.0,0.07523205
POA/BTC,1564102550555,2019-07-26T00:55:50.555Z,sell,2.12e-06,14859.0,0.03150108
POA/BTC,1564102550555,2019-07-26T00:55:50.555Z,sell,2.11e-06,35655.0,0.07523205
POA/BTC,1564103283854,2019-07-26T01:08:03.854Z,sell,2.12e-06,105.0,0.0002226
POA/BTC,1564103400504,2019-07-26T01:10:00.504Z,sell,2.12e-06,105.0,0.0002226
POA/BTC,1564103633373,2019-07-26T01:13:53.373Z,sell,2.12e-06,105.0,0.0002226
POA/BTC,1564103765498,2019-07-26T01:16:05.498Z,sell,2.12e-06,76.0,0.00016112
POA/BTC,1564104098353,2019-07-26T01:21:38.353Z,sell,2.12e-06,210.0,0.0004452
POA/BTC,1564104217447,2019-07-26T01:23:37.447Z,sell,2.12e-06,105.0,0.0002226
POA/BTC,1564104332376,2019-07-26T01:25:32.376Z,sell,2.12e-06,105.0,0.0002226
POA/BTC,1564104660716,2019-07-26T01:31:00.716Z,sell,2.12e-06,3394.0,0.00719528
POA/BTC,1564105195737,2019-07-26T01:39:55.737Z,buy,2.13e-06,518.0,0.00110334
POA/BTC,1564105196443,2019-07-26T01:39:56.443Z,buy,2.13e-06,2650.0,0.0056445
POA/BTC,1564105269875,2019-07-26T01:41:09.875Z,buy,2.13e-06,483.0,0.00102879
POA/BTC,1564105270166,2019-07-26T01:41:10.166Z,buy,2.14e-06,260.0,0.0005564
POA/BTC,1564105272265,2019-07-26T01:41:12.265Z,sell,2.13e-06,300.0,0.000639
POA/BTC,1564105272288,2019-07-26T01:41:12.288Z,sell,2.13e-06,1719.0,0.00366147
POA/BTC,1564105665731,2019-07-26T01:47:45.731Z,sell,2.12e-06,300.0,0.000636
POA/BTC,1564105665731,2019-07-26T01:47:45.731Z,sell,2.12e-06,300.0,0.000636
POA/BTC,1564106699875,2019-07-26T02:04:59.875Z,sell,2.12e-06,300.0,0.000636
POA/BTC,1564109169032,2019-07-26T02:46:09.032Z,sell,2.12e-06,468.0,0.00099216
POA/BTC,1564109169032,2019-07-26T02:46:09.032Z,sell,2.12e-06,468.0,0.00099216
POA/BTC,1564109354553,2019-07-26T02:49:14.553Z,sell,2.12e-06,218.0,0.00046216
POA/BTC,1564109547337,2019-07-26T02:52:27.337Z,buy,2.13e-06,98.0,0.0002087399999999
POA/BTC,1564109547337,2019-07-26T02:52:27.337Z,buy,2.14e-06,841.0,0.0017997399999999
POA/BTC,1564109548341,2019-07-26T02:52:28.341Z,sell,2.12e-06,1210.0,0.0025652
POA/BTC,1564109550413,2019-07-26T02:52:30.413Z,sell,2.12e-06,71.0,0.00015052
POA/BTC,1564110631559,2019-07-26T03:10:31.559Z,buy,2.13e-06,944.0,0.00201072
POA/BTC,1564111015063,2019-07-26T03:16:55.063Z,sell,2.12e-06,28255.0,0.0599006
POA/BTC,1564111327710,2019-07-26T03:22:07.710Z,sell,2.11e-06,51500.0,0.108665
POA/BTC,1564111330267,2019-07-26T03:22:10.267Z,sell,2.11e-06,135.0,0.00028485
POA/BTC,1564111378524,2019-07-26T03:22:58.524Z,sell,2.11e-06,2763.0,0.00582993
POA/BTC,1564111507338,2019-07-26T03:25:07.338Z,sell,2.11e-06,10000.0,0.0211
POA/BTC,1564111599504,2019-07-26T03:26:39.504Z,sell,2.11e-06,10000.0,0.0211
POA/BTC,1564112139615,2019-07-26T03:35:39.615Z,buy,2.12e-06,493.0,0.00104516
POA/BTC,1564112139918,2019-07-26T03:35:39.918Z,buy,2.12e-06,2665.0,0.0056498
POA/BTC,1564112388611,2019-07-26T03:39:48.611Z,buy,2.12e-06,321.0,0.00068052
POA/BTC,1564112767640,2019-07-26T03:46:07.640Z,sell,2.11e-06,32709.0,0.06901599
POA/BTC,1564112768735,2019-07-26T03:46:08.735Z,sell,2.11e-06,61.0,0.00012871
POA/BTC,1564112768735,2019-07-26T03:46:08.735Z,sell,2.11e-06,61.0,0.00012871
POA/BTC,1564112945723,2019-07-26T03:49:05.723Z,buy,2.12e-06,48.0,0.00010176
POA/BTC,1564113361592,2019-07-26T03:56:01.592Z,sell,2.11e-06,7238.0,0.01527218
POA/BTC,1564113409170,2019-07-26T03:56:49.170Z,buy,2.12e-06,3452.0,0.00731824
POA/BTC,1564113409170,2019-07-26T03:56:49.170Z,buy,2.13e-06,6874.0,0.01464162
POA/BTC,1564115022612,2019-07-26T04:23:42.612Z,sell,2.12e-06,1409.0,0.00298708
POA/BTC,1564115400026,2019-07-26T04:30:00.026Z,sell,2.12e-06,627.0,0.00132924
POA/BTC,1564115687904,2019-07-26T04:34:47.904Z,sell,2.12e-06,48.0,0.00010176
POA/BTC,1564116344839,2019-07-26T04:45:44.839Z,buy,2.13e-06,200.0,0.000426
POA/BTC,1564116344839,2019-07-26T04:45:44.839Z,buy,2.13e-06,200.0,0.000426
POA/BTC,1564118285825,2019-07-26T05:18:05.825Z,buy,2.13e-06,22494.0,0.04791222
POA/BTC,1564118285825,2019-07-26T05:18:05.825Z,buy,2.14e-06,63153.0,0.13514742
POA/BTC,1564118322681,2019-07-26T05:18:42.681Z,sell,2.14e-06,1115.0,0.0023861
POA/BTC,1564118655179,2019-07-26T05:24:15.179Z,sell,2.14e-06,189.0,0.00040446
POA/BTC,1564119064327,2019-07-26T05:31:04.327Z,sell,2.14e-06,53083.0,0.11359762
POA/BTC,1564119307981,2019-07-26T05:35:07.981Z,sell,2.14e-06,5219.0,0.0111686599999999
POA/BTC,1564119307981,2019-07-26T05:35:07.981Z,sell,2.14e-06,5219.0,0.0111686599999999
POA/BTC,1564121311899,2019-07-26T06:08:31.899Z,buy,2.15e-06,300.0,0.000645
POA/BTC,1564121312243,2019-07-26T06:08:32.243Z,sell,2.14e-06,2650.0,0.005671
POA/BTC,1564121312555,2019-07-26T06:08:32.555Z,sell,2.14e-06,2665.0,0.0057030999999999
POA/BTC,1564121360767,2019-07-26T06:09:20.767Z,sell,2.14e-06,3042.0,0.0065098799999999
POA/BTC,1564121741193,2019-07-26T06:15:41.193Z,sell,2.14e-06,137.0,0.00029318
POA/BTC,1564121753773,2019-07-26T06:15:53.773Z,buy,2.15e-06,294.0,0.0006321
POA/BTC,1564122001969,2019-07-26T06:20:01.969Z,sell,2.14e-06,321.0,0.0006869399999999
POA/BTC,1564122004052,2019-07-26T06:20:04.052Z,sell,2.14e-06,9.0,1.926e-05
POA/BTC,1564122584935,2019-07-26T06:29:44.935Z,buy,2.14e-06,6671.0,0.0142759399999999
POA/BTC,1564122584935,2019-07-26T06:29:44.935Z,buy,2.14e-06,6671.0,0.0142759399999999
POA/BTC,1564122986080,2019-07-26T06:36:26.080Z,buy,2.14e-06,4133.0,0.00884462
POA/BTC,1564122994429,2019-07-26T06:36:34.429Z,buy,2.15e-06,5736.0,0.0123324
POA/BTC,1564123013412,2019-07-26T06:36:53.412Z,buy,2.15e-06,10402.0,0.0223643
POA/BTC,1564123013484,2019-07-26T06:36:53.484Z,sell,2.15e-06,1496.0,0.0032164
POA/BTC,1564123013535,2019-07-26T06:36:53.535Z,sell,2.15e-06,1057.0,0.00227255
POA/BTC,1564123013642,2019-07-26T06:36:53.642Z,sell,2.15e-06,3063.0,0.00658545
POA/BTC,1564123013759,2019-07-26T06:36:53.759Z,sell,2.15e-06,4005.0,0.00861075
POA/BTC,1564123014307,2019-07-26T06:36:54.307Z,sell,2.15e-06,6953.0,0.01494895
POA/BTC,1564123015047,2019-07-26T06:36:55.047Z,sell,2.15e-06,138.0,0.0002967
POA/BTC,1564123016303,2019-07-26T06:36:56.303Z,sell,2.15e-06,20585.0,0.04425775
POA/BTC,1564123018304,2019-07-26T06:36:58.304Z,sell,2.15e-06,16574.0,0.0356341
POA/BTC,1564123019306,2019-07-26T06:36:59.306Z,sell,2.15e-06,16574.0,0.0356341
POA/BTC,1564123021300,2019-07-26T06:37:01.300Z,sell,2.15e-06,167668.0,0.3604862
POA/BTC,1564123023310,2019-07-26T06:37:03.310Z,sell,2.15e-06,16574.0,0.0356341
POA/BTC,1564123025303,2019-07-26T06:37:05.303Z,sell,2.15e-06,16574.0,0.0356341
POA/BTC,1564123026315,2019-07-26T06:37:06.315Z,sell,2.15e-06,16574.0,0.0356341
POA/BTC,1564123028304,2019-07-26T06:37:08.304Z,sell,2.15e-06,123239.0,0.26496385
POA/BTC,1564123030300,2019-07-26T06:37:10.300Z,sell,2.15e-06,6170.0,0.0132655
POA/BTC,1564123030300,2019-07-26T06:37:10.300Z,sell,2.14e-06,149624.0,0.32019536
POA/BTC,1564123032304,2019-07-26T06:37:12.304Z,sell,2.14e-06,1092.0,0.00233688
POA/BTC,1564123032304,2019-07-26T06:37:12.304Z,sell,2.13e-06,19545.0,0.04163085
POA/BTC,1564123161444,2019-07-26T06:39:21.444Z,buy,2.14e-06,103.0,0.0002204199999999
POA/BTC,1564123542607,2019-07-26T06:45:42.607Z,buy,2.14e-06,2739.0,0.00586146
POA/BTC,1564123782962,2019-07-26T06:49:42.962Z,buy,2.14e-06,29205.0,0.0624987
POA/BTC,1564123787460,2019-07-26T06:49:47.460Z,buy,2.14e-06,14988.0,0.0320743199999999
POA/BTC,1564123906913,2019-07-26T06:51:46.913Z,buy,2.15e-06,15462.0,0.0332433
POA/BTC,1564124007396,2019-07-26T06:53:27.396Z,buy,2.15e-06,935.0,0.00201025
POA/BTC,1564124305349,2019-07-26T06:58:25.349Z,buy,2.15e-06,4221.0,0.00907515
POA/BTC,1564124813481,2019-07-26T07:06:53.481Z,buy,2.15e-06,10000.0,0.0215
POA/BTC,1564124831088,2019-07-26T07:07:11.088Z,buy,2.15e-06,4776.0,0.0102684
POA/BTC,1564124874112,2019-07-26T07:07:54.112Z,buy,2.15e-06,44153.0,0.09492895
POA/BTC,1564124887735,2019-07-26T07:08:07.735Z,buy,2.15e-06,40140.0,0.086301
POA/BTC,1564125552522,2019-07-26T07:19:12.522Z,buy,2.15e-06,2110.0,0.0045365
POA/BTC,1564126043175,2019-07-26T07:27:23.175Z,buy,2.15e-06,11303.0,0.02430145
POA/BTC,1564126059373,2019-07-26T07:27:39.373Z,buy,2.15e-06,3000.0,0.00645
POA/BTC,1564126059373,2019-07-26T07:27:39.373Z,buy,2.15e-06,3000.0,0.00645
POA/BTC,1564126206225,2019-07-26T07:30:06.225Z,buy,2.15e-06,5031.0,0.01081665
POA/BTC,1564126555751,2019-07-26T07:35:55.751Z,sell,2.14e-06,9429.0,0.0201780599999999
POA/BTC,1564126909759,2019-07-26T07:41:49.759Z,sell,2.13e-06,2704.0,0.00575952
POA/BTC,1564126909791,2019-07-26T07:41:49.791Z,buy,2.13e-06,1009.0,0.0021491699999999
POA/BTC,1564126909826,2019-07-26T07:41:49.826Z,buy,2.13e-06,1009.0,0.0021491699999999
POA/BTC,1564126909849,2019-07-26T07:41:49.849Z,buy,2.13e-06,146.0,0.00031098
POA/BTC,1564126984901,2019-07-26T07:43:04.901Z,buy,2.13e-06,1197.0,0.00254961
POA/BTC,1564127072064,2019-07-26T07:44:32.064Z,buy,2.13e-06,1221.0,0.00260073
POA/BTC,1564127150312,2019-07-26T07:45:50.312Z,buy,2.13e-06,1150.0,0.0024495
POA/BTC,1564127219207,2019-07-26T07:46:59.207Z,buy,2.13e-06,1239.0,0.00263907
POA/BTC,1564127263829,2019-07-26T07:47:43.829Z,buy,2.13e-06,1258.0,0.00267954
POA/BTC,1564127304973,2019-07-26T07:48:24.973Z,buy,2.13e-06,635.0,0.0013525499999999
POA/BTC,1564127370211,2019-07-26T07:49:30.211Z,buy,2.13e-06,5775.0,0.01230075
POA/BTC,1564127370528,2019-07-26T07:49:30.528Z,sell,2.13e-06,1009.0,0.0021491699999999
POA/BTC,1564127659888,2019-07-26T07:54:19.888Z,buy,2.14e-06,2768.0,0.00592352
POA/BTC,1564127695357,2019-07-26T07:54:55.357Z,buy,2.15e-06,18583.0,0.03995345
POA/BTC,1564127705806,2019-07-26T07:55:05.806Z,buy,2.15e-06,13937.0,0.02996455
POA/BTC,1564128025904,2019-07-26T08:00:25.904Z,buy,2.15e-06,2151.0,0.00462465
POA/BTC,1564128396659,2019-07-26T08:06:36.659Z,buy,2.15e-06,10453.0,0.02247395
POA/BTC,1564128403110,2019-07-26T08:06:43.110Z,buy,2.15e-06,7839.0,0.01685385
POA/BTC,1564128408675,2019-07-26T08:06:48.675Z,buy,2.15e-06,5880.0,0.012642
POA/BTC,1564128420673,2019-07-26T08:07:00.673Z,buy,2.15e-06,17640.0,0.037926
POA/BTC,1564128420673,2019-07-26T08:07:00.673Z,buy,2.15e-06,17640.0,0.037926
POA/BTC,1564130462767,2019-07-26T08:41:02.767Z,buy,2.15e-06,6653.0,0.01430395
POA/BTC,1564130514550,2019-07-26T08:41:54.550Z,sell,2.14e-06,641.0,0.00137174
POA/BTC,1564130516238,2019-07-26T08:41:56.238Z,sell,2.14e-06,962.0,0.00205868
POA/BTC,1564131246432,2019-07-26T08:54:06.432Z,sell,2.14e-06,104.0,0.0002225599999999
POA/BTC,1564131457182,2019-07-26T08:57:37.182Z,sell,2.14e-06,6784.0,0.01451776
POA/BTC,1564131531029,2019-07-26T08:58:51.029Z,sell,2.14e-06,9786.0,0.02094204
POA/BTC,1564131747991,2019-07-26T09:02:27.991Z,sell,2.14e-06,300.0,0.000642
POA/BTC,1564131747991,2019-07-26T09:02:27.991Z,sell,2.14e-06,300.0,0.000642
POA/BTC,1564132147063,2019-07-26T09:09:07.063Z,sell,2.14e-06,19984.0,0.04276576
POA/BTC,1564132152065,2019-07-26T09:09:12.065Z,sell,2.14e-06,9500.0,0.0203299999999999
POA/BTC,1564132255067,2019-07-26T09:10:55.067Z,sell,2.14e-06,57466.0,0.1229772399999999
POA/BTC,1564132259163,2019-07-26T09:10:59.163Z,sell,2.13e-06,28733.0,0.06120129
POA/BTC,1564132546812,2019-07-26T09:15:46.812Z,sell,2.14e-06,71.0,0.0001519399999999
POA/BTC,1564132573953,2019-07-26T09:16:13.953Z,sell,2.14e-06,70.0,0.0001497999999999
POA/BTC,1564132623307,2019-07-26T09:17:03.307Z,sell,2.14e-06,300.0,0.000642
POA/BTC,1564132633865,2019-07-26T09:17:13.865Z,sell,2.14e-06,63.0,0.00013482
POA/BTC,1564132669618,2019-07-26T09:17:49.618Z,sell,2.14e-06,28733.0,0.0614886199999999
POA/BTC,1564132669625,2019-07-26T09:17:49.625Z,buy,2.15e-06,15.0,3.2250000000000005e-05
POA/BTC,1564132669641,2019-07-26T09:17:49.641Z,sell,2.14e-06,7401.0,0.0158381399999999
POA/BTC,1564132669650,2019-07-26T09:17:49.650Z,sell,2.14e-06,12496.0,0.02674144
POA/BTC,1564132669675,2019-07-26T09:17:49.675Z,sell,2.13e-06,15036.0,0.03202668
POA/BTC,1564132669702,2019-07-26T09:17:49.702Z,buy,2.15e-06,8370.0,0.0179955
POA/BTC,1564132670626,2019-07-26T09:17:50.626Z,sell,2.13e-06,9346.0,0.0199069799999999
POA/BTC,1564132794925,2019-07-26T09:19:54.925Z,sell,2.13e-06,7865.0,0.01675245
POA/BTC,1564132794930,2019-07-26T09:19:54.930Z,sell,2.13e-06,11435.0,0.0243565499999999
POA/BTC,1564132937715,2019-07-26T09:22:17.715Z,buy,2.14e-06,4653.0,0.00995742
POA/BTC,1564134326554,2019-07-26T09:45:26.554Z,buy,2.14e-06,3439.0,0.0073594599999999
POA/BTC,1564134333025,2019-07-26T09:45:33.025Z,buy,2.14e-06,32942.0,0.07049588
POA/BTC,1564134334313,2019-07-26T09:45:34.313Z,buy,2.14e-06,2336.0,0.00499904
POA/BTC,1564134412226,2019-07-26T09:46:52.226Z,sell,2.13e-06,300.0,0.000639
POA/BTC,1564134459759,2019-07-26T09:47:39.759Z,buy,2.14e-06,10000.0,0.0214
POA/BTC,1564134870397,2019-07-26T09:54:30.397Z,sell,2.13e-06,300.0,0.000639
POA/BTC,1564134904755,2019-07-26T09:55:04.755Z,sell,2.13e-06,3980.0,0.0084774
POA/BTC,1564134904755,2019-07-26T09:55:04.755Z,sell,2.13e-06,3980.0,0.0084774
POA/BTC,1564135479386,2019-07-26T10:04:39.386Z,buy,2.14e-06,4580.0,0.0098012
POA/BTC,1564135479804,2019-07-26T10:04:39.804Z,sell,2.14e-06,300.0,0.000642
POA/BTC,1564135528029,2019-07-26T10:05:28.029Z,sell,2.14e-06,1326.0,0.0028376399999999
POA/BTC,1564135528617,2019-07-26T10:05:28.617Z,sell,2.14e-06,1325.0,0.0028355
POA/BTC,1564135529208,2019-07-26T10:05:29.208Z,sell,2.14e-06,1327.0,0.0028397799999999
POA/BTC,1564135718752,2019-07-26T10:08:38.752Z,sell,2.14e-06,41918.0,0.08970452
POA/BTC,1564135718798,2019-07-26T10:08:38.798Z,sell,2.14e-06,3231.0,0.00691434
POA/BTC,1564135718800,2019-07-26T10:08:38.800Z,sell,2.14e-06,8236.0,0.0176250399999999
POA/BTC,1564135721797,2019-07-26T10:08:41.797Z,sell,2.14e-06,9500.0,0.0203299999999999
POA/BTC,1564136248253,2019-07-26T10:17:28.253Z,sell,2.14e-06,300.0,0.000642
POA/BTC,1564137948825,2019-07-26T10:45:48.825Z,buy,2.14e-06,10033.0,0.02147062
POA/BTC,1564137948860,2019-07-26T10:45:48.860Z,sell,2.14e-06,3494.0,0.0074771599999999
POA/BTC,1564138476874,2019-07-26T10:54:36.874Z,sell,2.14e-06,74.0,0.00015836
POA/BTC,1564138476874,2019-07-26T10:54:36.874Z,sell,2.14e-06,74.0,0.00015836
POA/BTC,1564138590306,2019-07-26T10:56:30.306Z,sell,2.13e-06,647.0,0.0013781099999999
POA/BTC,1564138828301,2019-07-26T11:00:28.301Z,buy,2.14e-06,547.0,0.0011705799999999
POA/BTC,1564138829675,2019-07-26T11:00:29.675Z,buy,2.14e-06,700.0,0.001498
POA/BTC,1564138829963,2019-07-26T11:00:29.963Z,buy,2.14e-06,1000.0,0.00214
POA/BTC,1564138829995,2019-07-26T11:00:29.995Z,buy,2.14e-06,1000.0,0.00214
POA/BTC,1564138866012,2019-07-26T11:01:06.012Z,buy,2.14e-06,9346.0,0.0200004399999999
POA/BTC,1564138889945,2019-07-26T11:01:29.945Z,buy,2.14e-06,2414.0,0.00516596
POA/BTC,1564139316125,2019-07-26T11:08:36.125Z,buy,2.14e-06,6699.0,0.0143358599999999
POA/BTC,1564140749771,2019-07-26T11:32:29.771Z,sell,2.13e-06,4504.0,0.00959352
POA/BTC,1564140935556,2019-07-26T11:35:35.556Z,sell,2.13e-06,1516.0,0.00322908
POA/BTC,1564141263322,2019-07-26T11:41:03.322Z,sell,2.13e-06,36068.0,0.0768248399999999
POA/BTC,1564141264417,2019-07-26T11:41:04.417Z,sell,2.13e-06,67.0,0.00014271
POA/BTC,1564141288071,2019-07-26T11:41:28.071Z,buy,2.14e-06,17.0,3.638e-05
POA/BTC,1564141288071,2019-07-26T11:41:28.071Z,buy,2.14e-06,17.0,3.638e-05
POA/BTC,1564143336752,2019-07-26T12:15:36.752Z,buy,2.14e-06,166040.0,0.3553255999999999
POA/BTC,1564143336752,2019-07-26T12:15:36.752Z,buy,2.15e-06,83960.0,0.180514
POA/BTC,1564144202259,2019-07-26T12:30:02.259Z,sell,2.14e-06,40336.0,0.08631904
POA/BTC,1564144203047,2019-07-26T12:30:03.047Z,sell,2.14e-06,6631.0,0.01419034
POA/BTC,1564144214191,2019-07-26T12:30:14.191Z,buy,2.15e-06,1382.0,0.0029713
POA/BTC,1564144805452,2019-07-26T12:40:05.452Z,sell,2.13e-06,732.0,0.00155916
POA/BTC,1564144877230,2019-07-26T12:41:17.230Z,buy,2.14e-06,823.0,0.00176122
POA/BTC,1564144877230,2019-07-26T12:41:17.230Z,buy,2.14e-06,823.0,0.00176122
POA/BTC,1564145062733,2019-07-26T12:44:22.733Z,buy,2.14e-06,74233.0,0.1588586199999999
POA/BTC,1564145725117,2019-07-26T12:55:25.117Z,sell,2.14e-06,58128.0,0.1243939199999999
POA/BTC,1564146232306,2019-07-26T13:03:52.306Z,buy,2.14e-06,14284.0,0.03056776
POA/BTC,1564146878265,2019-07-26T13:14:38.265Z,sell,2.14e-06,53.0,0.00011342
POA/BTC,1564146900259,2019-07-26T13:15:00.259Z,sell,2.14e-06,67.0,0.00014338
POA/BTC,1564146900259,2019-07-26T13:15:00.259Z,sell,2.14e-06,67.0,0.00014338
POA/BTC,1564149725148,2019-07-26T14:02:05.148Z,buy,2.15e-06,8777.0,0.01887055
POA/BTC,1564150024067,2019-07-26T14:07:04.067Z,buy,2.15e-06,52.0,0.0001118
POA/BTC,1564150190467,2019-07-26T14:09:50.467Z,buy,2.15e-06,466.0,0.0010019
POA/BTC,1564150241151,2019-07-26T14:10:41.151Z,buy,2.15e-06,37373.0,0.08035195
POA/BTC,1564150291095,2019-07-26T14:11:31.095Z,buy,2.15e-06,2014.0,0.0043301
POA/BTC,1564150291109,2019-07-26T14:11:31.109Z,buy,2.15e-06,2014.0,0.0043301
POA/BTC,1564150328395,2019-07-26T14:12:08.395Z,buy,2.15e-06,47.0,0.00010105
POA/BTC,1564150474688,2019-07-26T14:14:34.688Z,buy,2.15e-06,38034.0,0.0817731
POA/BTC,1564150475223,2019-07-26T14:14:35.223Z,sell,2.15e-06,2014.0,0.0043301
POA/BTC,1564150475223,2019-07-26T14:14:35.223Z,sell,2.15e-06,2014.0,0.0043301
POA/BTC,1564151195919,2019-07-26T14:26:35.919Z,buy,2.16e-06,1300.0,0.002808
POA/BTC,1564151195931,2019-07-26T14:26:35.931Z,buy,2.16e-06,3087.0,0.00666792
POA/BTC,1564151196034,2019-07-26T14:26:36.034Z,buy,2.16e-06,3084.0,0.00666144
POA/BTC,1564151196753,2019-07-26T14:26:36.753Z,buy,2.16e-06,9346.0,0.02018736
POA/BTC,1564151203771,2019-07-26T14:26:43.771Z,buy,2.16e-06,1541.0,0.00332856
POA/BTC,1564151232258,2019-07-26T14:27:12.258Z,sell,2.15e-06,103.0,0.00022145
POA/BTC,1564151232367,2019-07-26T14:27:12.367Z,sell,2.15e-06,103.0,0.00022145
POA/BTC,1564151232473,2019-07-26T14:27:12.473Z,sell,2.15e-06,103.0,0.00022145
POA/BTC,1564151232610,2019-07-26T14:27:12.610Z,sell,2.15e-06,103.0,0.00022145
POA/BTC,1564151232792,2019-07-26T14:27:12.792Z,sell,2.15e-06,206.0,0.0004429
POA/BTC,1564151234265,2019-07-26T14:27:14.265Z,sell,2.15e-06,103.0,0.00022145
POA/BTC,1564151248505,2019-07-26T14:27:28.505Z,sell,2.15e-06,1405.0,0.00302075
POA/BTC,1564151295976,2019-07-26T14:28:15.976Z,buy,2.16e-06,2805.0,0.0060588
POA/BTC,1564151295988,2019-07-26T14:28:15.988Z,buy,2.16e-06,2814.0,0.00607824
POA/BTC,1564151295996,2019-07-26T14:28:15.996Z,buy,2.16e-06,2142.0,0.00462672
POA/BTC,1564151295996,2019-07-26T14:28:15.996Z,buy,2.17e-06,663.0,0.00143871
POA/BTC,1564151296012,2019-07-26T14:28:16.012Z,buy,2.16e-06,1402.0,0.00302832
POA/BTC,1564151296110,2019-07-26T14:28:16.110Z,buy,2.16e-06,1683.0,0.00363528
POA/BTC,1564151296326,2019-07-26T14:28:16.326Z,buy,2.16e-06,1402.0,0.00302832
POA/BTC,1564151298370,2019-07-26T14:28:18.370Z,buy,2.16e-06,146.0,0.00031536
POA/BTC,1564151298378,2019-07-26T14:28:18.378Z,buy,2.16e-06,146.0,0.00031536
POA/BTC,1564151298398,2019-07-26T14:28:18.398Z,buy,2.16e-06,146.0,0.00031536
POA/BTC,1564151336156,2019-07-26T14:28:56.156Z,buy,2.16e-06,16001.0,0.03456216
POA/BTC,1564151336342,2019-07-26T14:28:56.342Z,sell,2.16e-06,2809.0,0.00606744
POA/BTC,1564151336602,2019-07-26T14:28:56.602Z,sell,2.16e-06,9055.0,0.0195588
POA/BTC,1564151344539,2019-07-26T14:29:04.539Z,sell,2.15e-06,10368.0,0.0222912
POA/BTC,1564151350957,2019-07-26T14:29:10.957Z,buy,2.16e-06,146.0,0.00031536
POA/BTC,1564151361735,2019-07-26T14:29:21.735Z,sell,2.15e-06,146.0,0.0003139
POA/BTC,1564151483394,2019-07-26T14:31:23.394Z,sell,2.15e-06,2805.0,0.00603075
POA/BTC,1564151536020,2019-07-26T14:32:16.020Z,sell,2.15e-06,76.0,0.0001634
POA/BTC,1564151610857,2019-07-26T14:33:30.857Z,sell,2.15e-06,64.0,0.0001376
POA/BTC,1564151624394,2019-07-26T14:33:44.394Z,sell,2.15e-06,65.0,0.00013975
POA/BTC,1564151937924,2019-07-26T14:38:57.924Z,buy,2.16e-06,138.0,0.00029808
POA/BTC,1564152175268,2019-07-26T14:42:55.268Z,sell,2.15e-06,68.0,0.0001462
POA/BTC,1564152196261,2019-07-26T14:43:16.261Z,sell,2.15e-06,37167.0,0.07990905
POA/BTC,1564152216642,2019-07-26T14:43:36.642Z,sell,2.14e-06,2014.0,0.00430996
POA/BTC,1564152300508,2019-07-26T14:45:00.508Z,sell,2.14e-06,85471.0,0.18290794
POA/BTC,1564153572228,2019-07-26T15:06:12.228Z,buy,2.14e-06,206.0,0.0004408399999999
POA/BTC,1564153572335,2019-07-26T15:06:12.335Z,buy,2.14e-06,206.0,0.0004408399999999
POA/BTC,1564153572436,2019-07-26T15:06:12.436Z,buy,2.14e-06,206.0,0.0004408399999999
POA/BTC,1564153572569,2019-07-26T15:06:12.569Z,buy,2.14e-06,199.0,0.0004258599999999
POA/BTC,1564153673002,2019-07-26T15:07:53.002Z,buy,2.14e-06,674.0,0.00144236
POA/BTC,1564153826686,2019-07-26T15:10:26.686Z,sell,2.13e-06,4680.0,0.0099684
POA/BTC,1564153827827,2019-07-26T15:10:27.827Z,buy,2.15e-06,144.0,0.0003096
POA/BTC,1564153830104,2019-07-26T15:10:30.104Z,buy,2.14e-06,2424.0,0.0051873599999999
POA/BTC,1564153912935,2019-07-26T15:11:52.935Z,buy,2.14e-06,927.0,0.0019837799999999
POA/BTC,1564153916112,2019-07-26T15:11:56.112Z,buy,2.14e-06,11073.0,0.0236962199999999
POA/BTC,1564153916112,2019-07-26T15:11:56.112Z,buy,2.14e-06,11073.0,0.0236962199999999
POA/BTC,1564154269923,2019-07-26T15:17:49.923Z,buy,2.14e-06,9144.0,0.0195681599999999
POA/BTC,1564154270064,2019-07-26T15:17:50.064Z,buy,2.14e-06,1742.0,0.00372788
POA/BTC,1564154270136,2019-07-26T15:17:50.136Z,buy,2.14e-06,1742.0,0.00372788
POA/BTC,1564154270186,2019-07-26T15:17:50.186Z,buy,2.14e-06,15209.0,0.0325472599999999
POA/BTC,1564154574071,2019-07-26T15:22:54.071Z,buy,2.14e-06,1809.0,0.0038712599999999
POA/BTC,1564155857028,2019-07-26T15:44:17.028Z,buy,2.14e-06,998.0,0.00213572
POA/BTC,1564155932032,2019-07-26T15:45:32.032Z,buy,2.14e-06,5500.0,0.01177
POA/BTC,1564156131804,2019-07-26T15:48:51.804Z,buy,2.14e-06,7000.0,0.0149799999999999
POA/BTC,1564156904067,2019-07-26T16:01:44.067Z,sell,2.14e-06,15447.0,0.0330565799999999
POA/BTC,1564156904067,2019-07-26T16:01:44.067Z,sell,2.14e-06,15447.0,0.0330565799999999
POA/BTC,1564158208871,2019-07-26T16:23:28.871Z,sell,2.14e-06,33389.0,0.07145246
POA/BTC,1564158208908,2019-07-26T16:23:28.908Z,buy,2.14e-06,6608.0,0.0141411199999999
POA/BTC,1564158244217,2019-07-26T16:24:04.217Z,sell,2.13e-06,26190.0,0.0557847
POA/BTC,1564158282317,2019-07-26T16:24:42.317Z,sell,2.13e-06,886.0,0.00188718
POA/BTC,1564158614390,2019-07-26T16:30:14.390Z,buy,2.15e-06,75.0,0.00016125
POA/BTC,1564158810638,2019-07-26T16:33:30.638Z,buy,2.14e-06,6770.0,0.0144877999999999
POA/BTC,1564158810687,2019-07-26T16:33:30.687Z,buy,2.14e-06,2543.0,0.00544202
POA/BTC,1564158815376,2019-07-26T16:33:35.376Z,buy,2.14e-06,21095.0,0.0451433
POA/BTC,1564158850763,2019-07-26T16:34:10.763Z,buy,2.14e-06,22772.0,0.04873208
POA/BTC,1564159027835,2019-07-26T16:37:07.835Z,buy,2.14e-06,19781.0,0.0423313399999999
POA/BTC,1564159102677,2019-07-26T16:38:22.677Z,buy,2.14e-06,3822.0,0.00817908
POA/BTC,1564159142937,2019-07-26T16:39:02.937Z,buy,2.15e-06,26027.0,0.05595805
POA/BTC,1564159142937,2019-07-26T16:39:02.937Z,buy,2.16e-06,12047.0,0.02602152
POA/BTC,1564159147435,2019-07-26T16:39:07.435Z,sell,2.15e-06,2424.0,0.0052116
POA/BTC,1564159264335,2019-07-26T16:41:04.335Z,sell,2.14e-06,9179.0,0.0196430599999999
POA/BTC,1564159331582,2019-07-26T16:42:11.582Z,buy,2.15e-06,146.0,0.0003139
POA/BTC,1564159719115,2019-07-26T16:48:39.115Z,sell,2.14e-06,4346.0,0.00930044
POA/BTC,1564160333460,2019-07-26T16:58:53.460Z,buy,2.15e-06,519.0,0.00111585
POA/BTC,1564160333460,2019-07-26T16:58:53.460Z,buy,2.15e-06,519.0,0.00111585
POA/BTC,1564160526419,2019-07-26T17:02:06.419Z,sell,2.14e-06,14346.0,0.03070044
POA/BTC,1564160911170,2019-07-26T17:08:31.170Z,sell,2.14e-06,19317.0,0.0413383799999999
POA/BTC,1564160911170,2019-07-26T17:08:31.170Z,sell,2.13e-06,54111.0,0.1152564299999999
POA/BTC,1564160911170,2019-07-26T17:08:31.170Z,sell,2.12e-06,24474.0,0.05188488
POA/BTC,1564160911170,2019-07-26T17:08:31.170Z,sell,2.12e-06,1286.0,0.00272632
POA/BTC,1564160911348,2019-07-26T17:08:31.348Z,buy,2.13e-06,4336.0,0.00923568
POA/BTC,1564160912854,2019-07-26T17:08:32.854Z,sell,2.13e-06,2424.0,0.00516312
POA/BTC,1564160968405,2019-07-26T17:09:28.405Z,buy,2.14e-06,2290.0,0.0049006
POA/BTC,1564160970812,2019-07-26T17:09:30.812Z,buy,2.14e-06,217.0,0.0004643799999999
POA/BTC,1564160970812,2019-07-26T17:09:30.812Z,buy,2.15e-06,83.0,0.00017845
POA/BTC,1564160970843,2019-07-26T17:09:30.843Z,buy,2.15e-06,1963.0,0.00422045
POA/BTC,1564161740474,2019-07-26T17:22:20.474Z,buy,2.15e-06,935.0,0.00201025
POA/BTC,1564162073822,2019-07-26T17:27:53.822Z,buy,2.15e-06,35806.0,0.0769829
POA/BTC,1564162303685,2019-07-26T17:31:43.685Z,buy,2.15e-06,9415.0,0.02024225
POA/BTC,1564162309352,2019-07-26T17:31:49.352Z,buy,2.15e-06,5167.0,0.01110905
POA/BTC,1564162309634,2019-07-26T17:31:49.634Z,sell,2.15e-06,62.0,0.0001333
POA/BTC,1564162313866,2019-07-26T17:31:53.866Z,sell,2.15e-06,47.0,0.00010105
POA/BTC,1564162318674,2019-07-26T17:31:58.674Z,sell,2.15e-06,69.0,0.00014835
POA/BTC,1564162350334,2019-07-26T17:32:30.334Z,sell,2.15e-06,564.0,0.0012126
POA/BTC,1564162351926,2019-07-26T17:32:31.926Z,sell,2.15e-06,2498.0,0.0053707
POA/BTC,1564162700638,2019-07-26T17:38:20.638Z,buy,2.15e-06,6831.0,0.01468665
POA/BTC,1564162700677,2019-07-26T17:38:20.677Z,sell,2.15e-06,6304.0,0.0135536
POA/BTC,1564162700677,2019-07-26T17:38:20.677Z,sell,2.15e-06,6304.0,0.0135536
POA/BTC,1564164481744,2019-07-26T18:08:01.744Z,sell,2.14e-06,3568.0,0.00763552
POA/BTC,1564164935230,2019-07-26T18:15:35.230Z,sell,2.14e-06,17804.0,0.03810056
POA/BTC,1564165032394,2019-07-26T18:17:12.394Z,buy,2.15e-06,48.0,0.0001032
POA/BTC,1564165059097,2019-07-26T18:17:39.097Z,buy,2.15e-06,935.0,0.00201025
POA/BTC,1564165897055,2019-07-26T18:31:37.055Z,sell,2.14e-06,68.0,0.00014552
POA/BTC,1564165901959,2019-07-26T18:31:41.959Z,buy,2.15e-06,935.0,0.00201025
POA/BTC,1564165902986,2019-07-26T18:31:42.986Z,sell,2.14e-06,1802.0,0.0038562799999999
POA/BTC,1564165908541,2019-07-26T18:31:48.541Z,sell,2.14e-06,70.0,0.0001497999999999
POA/BTC,1564165912962,2019-07-26T18:31:52.962Z,buy,2.15e-06,935.0,0.00201025
POA/BTC,1564165912962,2019-07-26T18:31:52.962Z,buy,2.15e-06,935.0,0.00201025
POA/BTC,1564167578667,2019-07-26T18:59:38.667Z,sell,2.14e-06,59.0,0.00012626
POA/BTC,1564168390812,2019-07-26T19:13:10.812Z,sell,2.14e-06,64.0,0.00013696
POA/BTC,1564168512472,2019-07-26T19:15:12.472Z,buy,2.15e-06,300.0,0.000645
POA/BTC,1564169393859,2019-07-26T19:29:53.859Z,buy,2.15e-06,1679.0,0.00360985
POA/BTC,1564169444892,2019-07-26T19:30:44.892Z,buy,2.15e-06,2820.0,0.006063
POA/BTC,1564169444892,2019-07-26T19:30:44.892Z,buy,2.15e-06,2820.0,0.006063
POA/BTC,1564169590449,2019-07-26T19:33:10.449Z,buy,2.15e-06,300.0,0.000645
POA/BTC,1564169988941,2019-07-26T19:39:48.941Z,sell,2.14e-06,49.0,0.00010486
POA/BTC,1564170768231,2019-07-26T19:52:48.231Z,sell,2.14e-06,15211.0,0.03255154
POA/BTC,1564170769967,2019-07-26T19:52:49.967Z,sell,2.14e-06,94.0,0.0002011599999999
POA/BTC,1564170772532,2019-07-26T19:52:52.532Z,sell,2.14e-06,11408.0,0.0244131199999999
POA/BTC,1564171141387,2019-07-26T19:59:01.387Z,buy,2.15e-06,23584.0,0.0507056
POA/BTC,1564171311998,2019-07-26T20:01:51.998Z,buy,2.15e-06,2547.0,0.00547605
POA/BTC,1564171311998,2019-07-26T20:01:51.998Z,buy,2.16e-06,6712.0,0.01449792
POA/BTC,1564171378728,2019-07-26T20:02:58.728Z,buy,2.15e-06,4570.0,0.0098255
POA/BTC,1564171378728,2019-07-26T20:02:58.728Z,buy,2.16e-06,7749.0,0.01673784
POA/BTC,1564171648994,2019-07-26T20:07:28.994Z,sell,2.14e-06,31475.0,0.0673565
POA/BTC,1564171648994,2019-07-26T20:07:28.994Z,sell,2.13e-06,120191.0,0.25600683
POA/BTC,1564171651296,2019-07-26T20:07:31.296Z,sell,2.13e-06,11366.0,0.0242095799999999
POA/BTC,1564171652283,2019-07-26T20:07:32.283Z,sell,2.13e-06,3262.0,0.00694806
POA/BTC,1564171652312,2019-07-26T20:07:32.312Z,buy,2.13e-06,3262.0,0.00694806
POA/BTC,1564171652332,2019-07-26T20:07:32.332Z,buy,2.13e-06,2675.0,0.00569775
POA/BTC,1564171653216,2019-07-26T20:07:33.216Z,buy,2.13e-06,9389.0,0.01999857
POA/BTC,1564171657678,2019-07-26T20:07:37.678Z,sell,2.12e-06,136192.0,0.28872704
POA/BTC,1564171657694,2019-07-26T20:07:37.694Z,buy,2.12e-06,4764.0,0.01009968
POA/BTC,1564171657694,2019-07-26T20:07:37.694Z,buy,2.12e-06,12.0,2.544e-05
POA/BTC,1564171657728,2019-07-26T20:07:37.728Z,buy,2.14e-06,4776.0,0.01022064
POA/BTC,1564171661747,2019-07-26T20:07:41.747Z,sell,2.11e-06,40124.0,0.08466164
POA/BTC,1564171663698,2019-07-26T20:07:43.698Z,buy,2.12e-06,2424.0,0.00513888
POA/BTC,1564171664168,2019-07-26T20:07:44.168Z,sell,2.12e-06,23164.0,0.04910768
POA/BTC,1564171664294,2019-07-26T20:07:44.294Z,sell,2.12e-06,19818.0,0.04201416
POA/BTC,1564171665127,2019-07-26T20:07:45.127Z,sell,2.11e-06,75.0,0.00015825
POA/BTC,1564171665929,2019-07-26T20:07:45.929Z,sell,2.11e-06,144.0,0.00030384
POA/BTC,1564171750300,2019-07-26T20:09:10.300Z,buy,2.12e-06,702.0,0.00148824
POA/BTC,1564171825908,2019-07-26T20:10:25.908Z,buy,2.13e-06,22336.0,0.0475756799999999
POA/BTC,1564172113750,2019-07-26T20:15:13.750Z,buy,2.13e-06,14603.0,0.03110439
POA/BTC,1564172161781,2019-07-26T20:16:01.781Z,sell,2.12e-06,12307.0,0.02609084
POA/BTC,1564172161924,2019-07-26T20:16:01.924Z,sell,2.12e-06,65.0,0.0001378
POA/BTC,1564172540908,2019-07-26T20:22:20.908Z,sell,2.12e-06,22313.0,0.04730356
POA/BTC,1564173016949,2019-07-26T20:30:16.949Z,buy,2.13e-06,17788.0,0.0378884399999999
POA/BTC,1564173016949,2019-07-26T20:30:16.949Z,buy,2.13e-06,17788.0,0.0378884399999999
POA/BTC,1564173088139,2019-07-26T20:31:28.139Z,buy,2.13e-06,13949.0,0.0297113699999999
POA/BTC,1564173454920,2019-07-26T20:37:34.920Z,sell,2.12e-06,71.0,0.00015052
POA/BTC,1564174192798,2019-07-26T20:49:52.798Z,buy,2.13e-06,2526.0,0.00538038
POA/BTC,1564174690679,2019-07-26T20:58:10.679Z,buy,2.13e-06,9039.0,0.01925307
POA/BTC,1564174736200,2019-07-26T20:58:56.200Z,sell,2.12e-06,1272.0,0.00269664
POA/BTC,1564174779183,2019-07-26T20:59:39.183Z,buy,2.13e-06,5566.0,0.01185558
POA/BTC,1564175521114,2019-07-26T21:12:01.114Z,sell,2.12e-06,17824.0,0.03778688
POA/BTC,1564175522872,2019-07-26T21:12:02.872Z,buy,2.13e-06,15.0,3.195e-05
POA/BTC,1564175645302,2019-07-26T21:14:05.302Z,sell,2.11e-06,937.0,0.00197707
POA/BTC,1564175648794,2019-07-26T21:14:08.794Z,sell,2.11e-06,1106.0,0.00233366
POA/BTC,1564176411895,2019-07-26T21:26:51.895Z,buy,2.13e-06,943.0,0.0020085899999999
POA/BTC,1564176412894,2019-07-26T21:26:52.894Z,sell,2.12e-06,1718.0,0.00364216
POA/BTC,1564176412894,2019-07-26T21:26:52.894Z,sell,2.12e-06,1718.0,0.00364216
POA/BTC,1564177554890,2019-07-26T21:45:54.890Z,sell,2.12e-06,213.0,0.00045156
POA/BTC,1564177559150,2019-07-26T21:45:59.150Z,buy,2.13e-06,943.0,0.0020085899999999
POA/BTC,1564177765905,2019-07-26T21:49:25.905Z,sell,2.12e-06,1803.0,0.00382236
POA/BTC,1564178654790,2019-07-26T22:04:14.790Z,sell,2.12e-06,105.0,0.0002226
POA/BTC,1564178697721,2019-07-26T22:04:57.721Z,sell,2.12e-06,354.0,0.00075048
POA/BTC,1564178740250,2019-07-26T22:05:40.250Z,sell,2.12e-06,2472.0,0.00524064
POA/BTC,1564179225455,2019-07-26T22:13:45.455Z,sell,2.12e-06,6000.0,0.01272
POA/BTC,1564179225455,2019-07-26T22:13:45.455Z,sell,2.11e-06,19000.0,0.04009
POA/BTC,1564179227917,2019-07-26T22:13:47.917Z,sell,2.11e-06,294.0,0.00062034
POA/BTC,1564179280459,2019-07-26T22:14:40.459Z,buy,2.12e-06,146.0,0.00030952
POA/BTC,1564179280478,2019-07-26T22:14:40.478Z,buy,2.12e-06,2278.0,0.00482936
POA/BTC,1564179280478,2019-07-26T22:14:40.478Z,buy,2.12e-06,2278.0,0.00482936
POA/BTC,1564180082882,2019-07-26T22:28:02.882Z,sell,2.12e-06,75.0,0.000159
POA/BTC,1564180292241,2019-07-26T22:31:32.241Z,sell,2.12e-06,58.0,0.00012296
POA/BTC,1564180615499,2019-07-26T22:36:55.499Z,sell,2.12e-06,71.0,0.00015052
POA/BTC,1564180860844,2019-07-26T22:41:00.844Z,sell,2.12e-06,8414.0,0.01783768
POA/BTC,1564180860858,2019-07-26T22:41:00.858Z,sell,2.12e-06,3136.0,0.00664832
POA/BTC,1564180866106,2019-07-26T22:41:06.106Z,buy,2.12e-06,3121.0,0.00661652
POA/BTC,1564180869108,2019-07-26T22:41:09.108Z,buy,2.12e-06,9434.0,0.02000008
POA/BTC,1564180872102,2019-07-26T22:41:12.102Z,buy,2.12e-06,9434.0,0.02000008
POA/BTC,1564180875103,2019-07-26T22:41:15.103Z,buy,2.12e-06,9434.0,0.02000008
POA/BTC,1564180878109,2019-07-26T22:41:18.109Z,buy,2.12e-06,9434.0,0.02000008
POA/BTC,1564180878617,2019-07-26T22:41:18.617Z,buy,2.13e-06,8391.0,0.01787283
POA/BTC,1564180893324,2019-07-26T22:41:33.324Z,buy,2.13e-06,6543.0,0.01393659
POA/BTC,1564180965677,2019-07-26T22:42:45.677Z,sell,2.12e-06,4572.0,0.00969264
POA/BTC,1564180974119,2019-07-26T22:42:54.119Z,buy,2.12e-06,9434.0,0.02000008
POA/BTC,1564180977125,2019-07-26T22:42:57.125Z,buy,2.12e-06,9434.0,0.02000008
POA/BTC,1564181060170,2019-07-26T22:44:20.170Z,sell,2.11e-06,5208.0,0.01098888
POA/BTC,1564181060192,2019-07-26T22:44:20.192Z,sell,2.11e-06,11600.0,0.024476
POA/BTC,1564181060192,2019-07-26T22:44:20.192Z,sell,2.11e-06,11600.0,0.024476
POA/BTC,1564181060199,2019-07-26T22:44:20.199Z,sell,2.11e-06,71.0,0.00014981
POA/BTC,1564181060217,2019-07-26T22:44:20.217Z,sell,2.11e-06,48639.0,0.10262829
POA/BTC,1564181105690,2019-07-26T22:45:05.690Z,sell,2.11e-06,55719.0,0.11756709
POA/BTC,1564181105701,2019-07-26T22:45:05.701Z,sell,2.11e-06,10590.0,0.0223449
POA/BTC,1564181105708,2019-07-26T22:45:05.708Z,sell,2.11e-06,6263.0,0.01321493
POA/BTC,1564181105724,2019-07-26T22:45:05.724Z,sell,2.11e-06,11603.0,0.02448233
POA/BTC,1564181105733,2019-07-26T22:45:05.733Z,sell,2.11e-06,11603.0,0.02448233
POA/BTC,1564181112681,2019-07-26T22:45:12.681Z,buy,2.12e-06,952.0,0.00201824
POA/BTC,1564181155670,2019-07-26T22:45:55.670Z,buy,2.12e-06,1472.0,0.00312064
POA/BTC,1564181155719,2019-07-26T22:45:55.719Z,buy,2.13e-06,6802.0,0.01448826
POA/BTC,1564181155798,2019-07-26T22:45:55.798Z,buy,2.13e-06,6802.0,0.01448826
POA/BTC,1564181155843,2019-07-26T22:45:55.843Z,buy,2.13e-06,6094.0,0.0129802199999999
POA/BTC,1564181156148,2019-07-26T22:45:56.148Z,buy,2.13e-06,3602.0,0.00767226
POA/BTC,1564181156219,2019-07-26T22:45:56.219Z,buy,2.13e-06,3606.0,0.00768078
POA/BTC,1564181156315,2019-07-26T22:45:56.315Z,buy,2.13e-06,3602.0,0.00767226
POA/BTC,1564181156396,2019-07-26T22:45:56.396Z,buy,2.13e-06,3602.0,0.00767226
POA/BTC,1564181156563,2019-07-26T22:45:56.563Z,sell,2.12e-06,3609.0,0.00765108
POA/BTC,1564181156801,2019-07-26T22:45:56.801Z,buy,2.13e-06,1058.0,0.00225354
POA/BTC,1564181157127,2019-07-26T22:45:57.127Z,buy,2.13e-06,3602.0,0.00767226
POA/BTC,1564181158367,2019-07-26T22:45:58.367Z,buy,2.13e-06,4229.0,0.00900777
POA/BTC,1564181193817,2019-07-26T22:46:33.817Z,sell,2.13e-06,3262.0,0.00694806
POA/BTC,1564181217590,2019-07-26T22:46:57.590Z,buy,2.14e-06,8228.0,0.01760792
POA/BTC,1564181217606,2019-07-26T22:46:57.606Z,buy,2.14e-06,8335.0,0.0178369
POA/BTC,1564181217613,2019-07-26T22:46:57.613Z,buy,2.14e-06,4550.0,0.0097369999999999
POA/BTC,1564181217646,2019-07-26T22:46:57.646Z,buy,2.14e-06,8228.0,0.01760792
POA/BTC,1564181217653,2019-07-26T22:46:57.653Z,buy,2.14e-06,36970.0,0.0791158
POA/BTC,1564181217694,2019-07-26T22:46:57.694Z,buy,2.14e-06,7629.0,0.01632606
POA/BTC,1564181217696,2019-07-26T22:46:57.696Z,buy,2.14e-06,7629.0,0.01632606
POA/BTC,1564181217707,2019-07-26T22:46:57.707Z,buy,2.14e-06,7629.0,0.01632606
POA/BTC,1564181218556,2019-07-26T22:46:58.556Z,sell,2.12e-06,3430.0,0.0072716
POA/BTC,1564181219000,2019-07-26T22:46:59.000Z,sell,2.12e-06,10527.0,0.02231724
POA/BTC,1564181219138,2019-07-26T22:46:59.138Z,buy,2.13e-06,2306.0,0.00491178
POA/BTC,1564181219197,2019-07-26T22:46:59.197Z,buy,2.14e-06,141.0,0.00030174
POA/BTC,1564181219632,2019-07-26T22:46:59.632Z,sell,2.12e-06,146.0,0.00030952
POA/BTC,1564181219712,2019-07-26T22:46:59.712Z,buy,2.14e-06,73.0,0.00015622
POA/BTC,1564181290565,2019-07-26T22:48:10.565Z,sell,2.12e-06,63.0,0.00013356
POA/BTC,1564181439268,2019-07-26T22:50:39.268Z,sell,2.12e-06,7629.0,0.01617348
POA/BTC,1564181469152,2019-07-26T22:51:09.152Z,sell,2.12e-06,4729.0,0.01002548
POA/BTC,1564182064281,2019-07-26T23:01:04.281Z,sell,2.12e-06,700.0,0.001484
POA/BTC,1564182217511,2019-07-26T23:03:37.511Z,sell,2.12e-06,208.0,0.00044096
POA/BTC,1564182217628,2019-07-26T23:03:37.628Z,sell,2.12e-06,208.0,0.00044096
POA/BTC,1564182217743,2019-07-26T23:03:37.743Z,sell,2.12e-06,208.0,0.00044096
POA/BTC,1564182217832,2019-07-26T23:03:37.832Z,sell,2.12e-06,208.0,0.00044096
POA/BTC,1564182217959,2019-07-26T23:03:37.959Z,sell,2.12e-06,208.0,0.00044096
POA/BTC,1564182218145,2019-07-26T23:03:38.145Z,sell,2.12e-06,208.0,0.00044096
POA/BTC,1564182218252,2019-07-26T23:03:38.252Z,sell,2.12e-06,208.0,0.00044096
POA/BTC,1564182218346,2019-07-26T23:03:38.346Z,sell,2.12e-06,208.0,0.00044096
POA/BTC,1564182218466,2019-07-26T23:03:38.466Z,sell,2.12e-06,208.0,0.00044096
POA/BTC,1564182218583,2019-07-26T23:03:38.583Z,sell,2.12e-06,199.0,0.00042188
POA/BTC,1564182286963,2019-07-26T23:04:46.963Z,sell,2.12e-06,54.0,0.00011448
POA/BTC,1564182286963,2019-07-26T23:04:46.963Z,sell,2.12e-06,54.0,0.00011448
POA/BTC,1564183098842,2019-07-26T23:18:18.842Z,sell,2.12e-06,4000.0,0.00848
POA/BTC,1564183969076,2019-07-26T23:32:49.076Z,sell,2.12e-06,73.0,0.00015476
POA/BTC,1564184040602,2019-07-26T23:34:00.602Z,buy,2.13e-06,433.0,0.00092229
POA/BTC,1564184169293,2019-07-26T23:36:09.293Z,sell,2.13e-06,71.0,0.00015123
POA/BTC,1564184863106,2019-07-26T23:47:43.106Z,sell,2.13e-06,66.0,0.0001405799999999
POA/BTC,1564185058971,2019-07-26T23:50:58.971Z,sell,2.13e-06,9918.0,0.02112534
POA/BTC,1564185467039,2019-07-26T23:57:47.039Z,buy,2.14e-06,300.0,0.000642
POA/BTC,1564185486590,2019-07-26T23:58:06.590Z,buy,2.14e-06,1023.0,0.00218922
POA/BTC,1564185494438,2019-07-26T23:58:14.438Z,sell,2.13e-06,69.0,0.0001469699999999
POA/BTC,1564185509907,2019-07-26T23:58:29.907Z,sell,2.13e-06,76.0,0.00016188
POA/BTC,1564185527899,2019-07-26T23:58:47.899Z,sell,2.13e-06,300.0,0.000639
POA/BTC,1564185637061,2019-07-27T00:00:37.061Z,sell,2.13e-06,71.0,0.00015123
POA/BTC,1564185682151,2019-07-27T00:01:22.151Z,sell,2.13e-06,5000.0,0.01065
POA/BTC,1564185682151,2019-07-27T00:01:22.151Z,sell,2.13e-06,5000.0,0.01065
POA/BTC,1564186130754,2019-07-27T00:08:50.754Z,sell,2.13e-06,458.0,0.00097554
POA/BTC,1564186247129,2019-07-27T00:10:47.129Z,sell,2.13e-06,2057.0,0.00438141
POA/BTC,1564186247593,2019-07-27T00:10:47.593Z,sell,2.13e-06,50886.0,0.10838718
POA/BTC,1564186249594,2019-07-27T00:10:49.594Z,sell,2.12e-06,16612.0,0.03521744
POA/BTC,1564186302600,2019-07-27T00:11:42.600Z,sell,2.11e-06,25568.0,0.05394848
POA/BTC,1564186305364,2019-07-27T00:11:45.364Z,sell,2.1e-06,10076.0,0.0211595999999999
POA/BTC,1564186305364,2019-07-27T00:11:45.364Z,sell,2.1e-06,3000.0,0.0062999999999999
POA/BTC,1564186305364,2019-07-27T00:11:45.364Z,sell,2.1e-06,45637.0,0.0958376999999999
POA/BTC,1564186308808,2019-07-27T00:11:48.808Z,sell,2.09e-06,2704.0,0.0056513599999999
POA/BTC,1564186312514,2019-07-27T00:11:52.514Z,sell,2.09e-06,6699.0,0.01400091
POA/BTC,1564186313602,2019-07-27T00:11:53.602Z,sell,2.09e-06,19182.0,0.0400903799999999
POA/BTC,1564186314449,2019-07-27T00:11:54.449Z,sell,2.09e-06,6671.0,0.0139423899999999
POA/BTC,1564186314603,2019-07-27T00:11:54.603Z,sell,2.09e-06,5290.0,0.0110561
POA/BTC,1564186315822,2019-07-27T00:11:55.822Z,buy,2.1e-06,596.0,0.0012515999999999
POA/BTC,1564186316597,2019-07-27T00:11:56.597Z,sell,2.09e-06,606.0,0.00126654
POA/BTC,1564186319657,2019-07-27T00:11:59.657Z,buy,2.1e-06,687.0,0.0014426999999999
POA/BTC,1564186320599,2019-07-27T00:12:00.599Z,sell,2.1e-06,1694.0,0.0035573999999999
POA/BTC,1564186320685,2019-07-27T00:12:00.685Z,sell,2.08e-06,801.0,0.00166608
POA/BTC,1564186320685,2019-07-27T00:12:00.685Z,sell,2.08e-06,4500.0,0.00936
POA/BTC,1564186321327,2019-07-27T00:12:01.327Z,sell,2.08e-06,988.0,0.00205504
POA/BTC,1564186336259,2019-07-27T00:12:16.259Z,buy,2.09e-06,9796.0,0.0204736399999999
POA/BTC,1564186336597,2019-07-27T00:12:16.597Z,sell,2.09e-06,17095.0,0.03572855
POA/BTC,1564186343747,2019-07-27T00:12:23.747Z,buy,2.09e-06,260.0,0.0005434
POA/BTC,1564186367616,2019-07-27T00:12:47.616Z,buy,2.09e-06,69.0,0.00014421
POA/BTC,1564186367919,2019-07-27T00:12:47.919Z,buy,2.09e-06,691.0,0.00144419
POA/BTC,1564186368006,2019-07-27T00:12:48.006Z,buy,2.09e-06,69.0,0.00014421
POA/BTC,1564186370439,2019-07-27T00:12:50.439Z,buy,2.09e-06,3675.0,0.0076807499999999
POA/BTC,1564186370509,2019-07-27T00:12:50.509Z,buy,2.09e-06,1530.0,0.0031977
POA/BTC,1564186371503,2019-07-27T00:12:51.503Z,buy,2.09e-06,1913.0,0.00399817
POA/BTC,1564186372720,2019-07-27T00:12:52.720Z,buy,2.09e-06,1913.0,0.00399817
POA/BTC,1564186373205,2019-07-27T00:12:53.205Z,buy,2.09e-06,1652.0,0.0034526799999999
POA/BTC,1564186373272,2019-07-27T00:12:53.272Z,buy,2.09e-06,184.0,0.00038456
POA/BTC,1564186377963,2019-07-27T00:12:57.963Z,buy,2.09e-06,285.0,0.00059565
POA/BTC,1564186378603,2019-07-27T00:12:58.603Z,sell,2.09e-06,1628.0,0.00340252
POA/BTC,1564186398795,2019-07-27T00:13:18.795Z,sell,2.08e-06,1228.0,0.00255424
POA/BTC,1564186399044,2019-07-27T00:13:19.044Z,sell,2.08e-06,34332.0,0.07141056
POA/BTC,1564186401606,2019-07-27T00:13:21.606Z,sell,2.07e-06,146420.0,0.3030894
POA/BTC,1564186401606,2019-07-27T00:13:21.606Z,sell,2.06e-06,1208.0,0.00248848
POA/BTC,1564186402137,2019-07-27T00:13:22.137Z,sell,2.07e-06,1725.0,0.00357075
POA/BTC,1564186402612,2019-07-27T00:13:22.612Z,sell,2.06e-06,58231.0,0.11995586
POA/BTC,1564186404225,2019-07-27T00:13:24.225Z,sell,2.06e-06,1906.0,0.00392636
POA/BTC,1564186404466,2019-07-27T00:13:24.466Z,sell,2.06e-06,5679.0,0.01169874
POA/BTC,1564186405494,2019-07-27T00:13:25.494Z,buy,2.06e-06,4686.0,0.00965316
POA/BTC,1564186405603,2019-07-27T00:13:25.603Z,sell,2.05e-06,137445.0,0.28176225
POA/BTC,1564186405603,2019-07-27T00:13:25.603Z,sell,2.04e-06,4632.0,0.00944928
POA/BTC,1564186405662,2019-07-27T00:13:25.662Z,buy,2.06e-06,518.0,0.00106708
POA/BTC,1564186407094,2019-07-27T00:13:27.094Z,sell,2.05e-06,65.0,0.0001332499999999
POA/BTC,1564186407265,2019-07-27T00:13:27.265Z,sell,2.04e-06,9388.0,0.01915152
POA/BTC,1564186407269,2019-07-27T00:13:27.269Z,sell,2.04e-06,29415.0,0.0600066
POA/BTC,1564186407290,2019-07-27T00:13:27.290Z,buy,2.05e-06,565.0,0.00115825
POA/BTC,1564186407748,2019-07-27T00:13:27.748Z,buy,2.05e-06,977.0,0.00200285
POA/BTC,1564186408603,2019-07-27T00:13:28.603Z,sell,2.04e-06,15585.0,0.0317934
POA/BTC,1564186408858,2019-07-27T00:13:28.858Z,sell,2.03e-06,49967.0,0.10143301
POA/BTC,1564186408970,2019-07-27T00:13:28.970Z,sell,2.04e-06,3332.0,0.00679728
POA/BTC,1564186408973,2019-07-27T00:13:28.973Z,buy,2.05e-06,938.0,0.0019229
POA/BTC,1564186409486,2019-07-27T00:13:29.486Z,sell,2.03e-06,13953.0,0.02832459
POA/BTC,1564186409615,2019-07-27T00:13:29.615Z,buy,2.05e-06,1407.0,0.00288435
POA/BTC,1564186409685,2019-07-27T00:13:29.685Z,sell,2.03e-06,43588.0,0.08848364
POA/BTC,1564186410399,2019-07-27T00:13:30.399Z,sell,2.03e-06,3098.0,0.00628894
POA/BTC,1564186410399,2019-07-27T00:13:30.399Z,sell,2.02e-06,2115.0,0.0042723
POA/BTC,1564186410399,2019-07-27T00:13:30.399Z,sell,2.02e-06,500.0,0.00101
POA/BTC,1564186411602,2019-07-27T00:13:31.602Z,sell,2.02e-06,63560.0,0.1283912
POA/BTC,1564186412471,2019-07-27T00:13:32.471Z,buy,2.03e-06,68.0,0.00013804
POA/BTC,1564186412512,2019-07-27T00:13:32.512Z,buy,2.03e-06,860.0,0.0017458
POA/BTC,1564186413101,2019-07-27T00:13:33.101Z,buy,2.02e-06,749.0,0.00151298
POA/BTC,1564186413124,2019-07-27T00:13:33.124Z,sell,2.01e-06,22153.0,0.0445275299999999
POA/BTC,1564186413249,2019-07-27T00:13:33.249Z,buy,2.02e-06,1157.0,0.00233714
POA/BTC,1564186413311,2019-07-27T00:13:33.311Z,sell,2.02e-06,5020.0,0.0101404
POA/BTC,1564186413311,2019-07-27T00:13:33.311Z,sell,2.01e-06,17449.0,0.03507249
POA/BTC,1564186413316,2019-07-27T00:13:33.316Z,buy,2.03e-06,978.0,0.00198534
POA/BTC,1564186413326,2019-07-27T00:13:33.326Z,buy,2.03e-06,978.0,0.00198534
POA/BTC,1564186413405,2019-07-27T00:13:33.405Z,buy,2.03e-06,20624.0,0.04186672
POA/BTC,1564186413405,2019-07-27T00:13:33.405Z,buy,2.04e-06,20896.0,0.04262784
POA/BTC,1564186413427,2019-07-27T00:13:33.427Z,sell,2.04e-06,1000.0,0.00204
POA/BTC,1564186413508,2019-07-27T00:13:33.508Z,sell,2.04e-06,1388.0,0.00283152
POA/BTC,1564186414089,2019-07-27T00:13:34.089Z,sell,2.04e-06,285.0,0.0005814
POA/BTC,1564186414346,2019-07-27T00:13:34.346Z,sell,2.03e-06,1876.0,0.00380828
POA/BTC,1564186414346,2019-07-27T00:13:34.346Z,sell,2.02e-06,1947.0,0.00393294
POA/BTC,1564186414346,2019-07-27T00:13:34.346Z,sell,2.01e-06,5426.0,0.01090626
POA/BTC,1564186414348,2019-07-27T00:13:34.348Z,sell,2.01e-06,2428.0,0.00488028
POA/BTC,1564186415595,2019-07-27T00:13:35.595Z,sell,2.01e-06,111367.0,0.2238476699999999
POA/BTC,1564186416596,2019-07-27T00:13:36.596Z,sell,2e-06,2339.0,0.004678
POA/BTC,1564186416596,2019-07-27T00:13:36.596Z,sell,2e-06,2670.0,0.00534
POA/BTC,1564186417121,2019-07-27T00:13:37.121Z,sell,2.01e-06,73.0,0.00014673
POA/BTC,1564186417121,2019-07-27T00:13:37.121Z,sell,2e-06,44326.0,0.088652
POA/BTC,1564186417883,2019-07-27T00:13:37.883Z,buy,2.03e-06,6264.0,0.01271592
POA/BTC,1564186417883,2019-07-27T00:13:37.883Z,buy,2.04e-06,16858.0,0.03439032
POA/BTC,1564186418168,2019-07-27T00:13:38.168Z,sell,2.01e-06,613.0,0.00123213
POA/BTC,1564186418596,2019-07-27T00:13:38.596Z,sell,2.01e-06,2732.0,0.0054913199999999
POA/BTC,1564186419731,2019-07-27T00:13:39.731Z,sell,2e-06,9694.0,0.019388
POA/BTC,1564186419752,2019-07-27T00:13:39.752Z,sell,2e-06,2828.0,0.005656
POA/BTC,1564186420476,2019-07-27T00:13:40.476Z,sell,1.99e-06,28522.0,0.05675878
POA/BTC,1564186420476,2019-07-27T00:13:40.476Z,sell,1.98e-06,7709.0,0.01526382
POA/BTC,1564186420476,2019-07-27T00:13:40.476Z,sell,1.97e-06,13736.0,0.02705992
POA/BTC,1564186420476,2019-07-27T00:13:40.476Z,sell,1.97e-06,1201.0,0.00236597
POA/BTC,1564186420719,2019-07-27T00:13:40.719Z,buy,2.01e-06,300.0,0.0006029999999999
POA/BTC,1564186421604,2019-07-27T00:13:41.604Z,sell,1.99e-06,593.0,0.00118007
POA/BTC,1564186422349,2019-07-27T00:13:42.349Z,buy,1.99e-06,1397.0,0.00278003
POA/BTC,1564186422349,2019-07-27T00:13:42.349Z,buy,2e-06,831.0,0.0016619999999999
POA/BTC,1564186422359,2019-07-27T00:13:42.359Z,buy,2e-06,1047.0,0.002094
POA/BTC,1564186422366,2019-07-27T00:13:42.366Z,buy,2e-06,1047.0,0.002094
POA/BTC,1564186422586,2019-07-27T00:13:42.586Z,buy,2e-06,723.0,0.001446
POA/BTC,1564186422612,2019-07-27T00:13:42.612Z,buy,2e-06,723.0,0.001446
POA/BTC,1564186423264,2019-07-27T00:13:43.264Z,sell,1.99e-06,1175.0,0.00233825
POA/BTC,1564186423268,2019-07-27T00:13:43.268Z,buy,2e-06,938.0,0.0018759999999999
POA/BTC,1564186423366,2019-07-27T00:13:43.366Z,buy,2e-06,719.0,0.001438
POA/BTC,1564186423604,2019-07-27T00:13:43.604Z,sell,1.99e-06,1894.0,0.00376906
POA/BTC,1564186423673,2019-07-27T00:13:43.673Z,buy,2e-06,1956.0,0.003912
POA/BTC,1564186423694,2019-07-27T00:13:43.694Z,buy,2e-06,1956.0,0.003912
POA/BTC,1564186423854,2019-07-27T00:13:43.854Z,buy,1.99e-06,1738.0,0.00345862
POA/BTC,1564186423862,2019-07-27T00:13:43.862Z,buy,1.99e-06,580.0,0.0011542
POA/BTC,1564186424046,2019-07-27T00:13:44.046Z,buy,2e-06,198.0,0.000396
POA/BTC,1564186424075,2019-07-27T00:13:44.075Z,buy,2e-06,198.0,0.000396
POA/BTC,1564186424513,2019-07-27T00:13:44.513Z,sell,1.98e-06,2339.0,0.00463122
POA/BTC,1564186424540,2019-07-27T00:13:44.540Z,sell,1.98e-06,16332.0,0.03233736
POA/BTC,1564186424598,2019-07-27T00:13:44.598Z,buy,2e-06,6086.0,0.0121719999999999
POA/BTC,1564186424777,2019-07-27T00:13:44.777Z,buy,2.01e-06,520.0,0.0010451999999999
POA/BTC,1564186424871,2019-07-27T00:13:44.871Z,buy,2.01e-06,11228.0,0.02256828
POA/BTC,1564186424871,2019-07-27T00:13:44.871Z,buy,2.02e-06,12154.0,0.02455108
POA/BTC,1564186425436,2019-07-27T00:13:45.436Z,sell,2.01e-06,2358.0,0.0047395799999999
POA/BTC,1564186425601,2019-07-27T00:13:45.601Z,sell,2e-06,70771.0,0.141542
POA/BTC,1564186426597,2019-07-27T00:13:46.597Z,sell,2e-06,1201.0,0.002402
POA/BTC,1564186428119,2019-07-27T00:13:48.119Z,sell,1.98e-06,1267.0,0.00250866
POA/BTC,1564186428353,2019-07-27T00:13:48.353Z,buy,2e-06,1715.0,0.00343
POA/BTC,1564186429642,2019-07-27T00:13:49.642Z,sell,1.98e-06,1538.0,0.00304524
POA/BTC,1564186429925,2019-07-27T00:13:49.925Z,sell,1.98e-06,1417.0,0.00280566
POA/BTC,1564186430363,2019-07-27T00:13:50.363Z,sell,1.98e-06,7192.0,0.01424016
POA/BTC,1564186430379,2019-07-27T00:13:50.379Z,buy,1.98e-06,2942.0,0.00582516
POA/BTC,1564186430541,2019-07-27T00:13:50.541Z,buy,1.98e-06,3752.0,0.00742896
POA/BTC,1564186431192,2019-07-27T00:13:51.192Z,buy,1.98e-06,764.0,0.00151272
POA/BTC,1564186431475,2019-07-27T00:13:51.475Z,sell,1.97e-06,72.0,0.00014184
POA/BTC,1564186431507,2019-07-27T00:13:51.507Z,buy,1.98e-06,200.0,0.000396
POA/BTC,1564186431723,2019-07-27T00:13:51.723Z,sell,1.97e-06,22364.0,0.04405708
POA/BTC,1564186431887,2019-07-27T00:13:51.887Z,sell,1.97e-06,7268.0,0.01431796
POA/BTC,1564186432000,2019-07-27T00:13:52.000Z,buy,1.98e-06,304.0,0.00060192
POA/BTC,1564186432315,2019-07-27T00:13:52.315Z,buy,1.98e-06,1082.0,0.00214236
POA/BTC,1564186432545,2019-07-27T00:13:52.545Z,sell,1.97e-06,1859.0,0.00366223
POA/BTC,1564186432627,2019-07-27T00:13:52.627Z,sell,1.97e-06,803.0,0.00158191
POA/BTC,1564186432628,2019-07-27T00:13:52.628Z,buy,1.98e-06,1215.0,0.0024057
POA/BTC,1564186432908,2019-07-27T00:13:52.908Z,sell,1.97e-06,1930.0,0.0038021
POA/BTC,1564186433359,2019-07-27T00:13:53.359Z,sell,1.97e-06,3098.0,0.00610306
POA/BTC,1564186433407,2019-07-27T00:13:53.407Z,sell,1.97e-06,2445.0,0.00481665
POA/BTC,1564186433518,2019-07-27T00:13:53.518Z,buy,1.98e-06,1407.0,0.00278586
POA/BTC,1564186434776,2019-07-27T00:13:54.776Z,buy,1.98e-06,174.0,0.00034452
POA/BTC,1564186436924,2019-07-27T00:13:56.924Z,buy,1.98e-06,948.0,0.00187704
POA/BTC,1564186437233,2019-07-27T00:13:57.233Z,sell,1.97e-06,40873.0,0.08051981
POA/BTC,1564186437307,2019-07-27T00:13:57.307Z,sell,1.96e-06,3015.0,0.0059093999999999
POA/BTC,1564186437307,2019-07-27T00:13:57.307Z,sell,1.96e-06,2032.0,0.0039827199999999
POA/BTC,1564186437699,2019-07-27T00:13:57.699Z,buy,1.97e-06,264.0,0.00052008
POA/BTC,1564186437921,2019-07-27T00:13:57.921Z,buy,1.97e-06,2000.0,0.00394
POA/BTC,1564186437949,2019-07-27T00:13:57.949Z,buy,1.97e-06,264.0,0.00052008
POA/BTC,1564186438036,2019-07-27T00:13:58.036Z,sell,1.96e-06,1404.0,0.0027518399999999
POA/BTC,1564186438088,2019-07-27T00:13:58.088Z,buy,1.97e-06,1482.0,0.00291954
POA/BTC,1564186438097,2019-07-27T00:13:58.097Z,buy,1.97e-06,1709.0,0.00336673
POA/BTC,1564186438326,2019-07-27T00:13:58.326Z,buy,1.97e-06,643.0,0.00126671
POA/BTC,1564186438601,2019-07-27T00:13:58.601Z,buy,1.98e-06,4011.0,0.00794178
POA/BTC,1564186438770,2019-07-27T00:13:58.770Z,buy,1.98e-06,5346.0,0.01058508
POA/BTC,1564186439599,2019-07-27T00:13:59.599Z,sell,1.99e-06,2382.0,0.00474018
POA/BTC,1564186439856,2019-07-27T00:13:59.856Z,sell,1.98e-06,216.0,0.00042768
POA/BTC,1564186441172,2019-07-27T00:14:01.172Z,buy,1.99e-06,1415.0,0.00281585
POA/BTC,1564186441578,2019-07-27T00:14:01.578Z,sell,1.99e-06,2009.0,0.00399791
POA/BTC,1564186441578,2019-07-27T00:14:01.578Z,sell,1.98e-06,415.0,0.0008217
POA/BTC,1564186442722,2019-07-27T00:14:02.722Z,sell,1.98e-06,83.0,0.00016434
POA/BTC,1564186445824,2019-07-27T00:14:05.824Z,sell,1.98e-06,507.0,0.00100386
POA/BTC,1564186447302,2019-07-27T00:14:07.302Z,buy,1.99e-06,69.0,0.00013731
POA/BTC,1564186447968,2019-07-27T00:14:07.968Z,buy,1.99e-06,1382.0,0.00275018
POA/BTC,1564186448009,2019-07-27T00:14:08.009Z,buy,1.99e-06,69.0,0.00013731
POA/BTC,1564186448283,2019-07-27T00:14:08.283Z,buy,1.99e-06,1006.0,0.00200194
POA/BTC,1564186450417,2019-07-27T00:14:10.417Z,sell,1.98e-06,6438.0,0.01274724
POA/BTC,1564186451822,2019-07-27T00:14:11.822Z,sell,1.98e-06,368.0,0.00072864
POA/BTC,1564186452021,2019-07-27T00:14:12.021Z,buy,1.99e-06,118.0,0.00023482
POA/BTC,1564186452819,2019-07-27T00:14:12.819Z,buy,1.99e-06,8151.0,0.01622049
POA/BTC,1564186452942,2019-07-27T00:14:12.942Z,buy,1.99e-06,475.0,0.00094525
POA/BTC,1564186453271,2019-07-27T00:14:13.271Z,sell,1.98e-06,964.0,0.00190872
POA/BTC,1564186453528,2019-07-27T00:14:13.528Z,sell,1.98e-06,2424.0,0.00479952
POA/BTC,1564186453681,2019-07-27T00:14:13.681Z,buy,1.99e-06,4947.0,0.00984453
POA/BTC,1564186454026,2019-07-27T00:14:14.026Z,sell,1.99e-06,1482.0,0.00294918
POA/BTC,1564186454602,2019-07-27T00:14:14.602Z,sell,1.99e-06,19376.0,0.03855824
POA/BTC,1564186456091,2019-07-27T00:14:16.091Z,buy,2e-06,4786.0,0.0095719999999999
POA/BTC,1564186456091,2019-07-27T00:14:16.091Z,buy,2.01e-06,6371.0,0.01280571
POA/BTC,1564186456091,2019-07-27T00:14:16.091Z,buy,2.02e-06,575.0,0.0011615
POA/BTC,1564186456091,2019-07-27T00:14:16.091Z,buy,2.03e-06,1602.0,0.00325206
POA/BTC,1564186456139,2019-07-27T00:14:16.139Z,sell,2.02e-06,220.0,0.0004444
POA/BTC,1564186456268,2019-07-27T00:14:16.268Z,sell,2.02e-06,220.0,0.0004444
POA/BTC,1564186456269,2019-07-27T00:14:16.269Z,sell,2.02e-06,1859.0,0.00375518
POA/BTC,1564186456497,2019-07-27T00:14:16.497Z,sell,2.02e-06,10397.0,0.02100194
POA/BTC,1564186461204,2019-07-27T00:14:21.204Z,buy,2.02e-06,496.0,0.00100192
POA/BTC,1564186462111,2019-07-27T00:14:22.111Z,buy,2.02e-06,743.0,0.00150086
POA/BTC,1564186464600,2019-07-27T00:14:24.600Z,sell,2e-06,2424.0,0.004848
POA/BTC,1564186464945,2019-07-27T00:14:24.945Z,sell,2.01e-06,1913.0,0.0038451299999999
POA/BTC,1564186465512,2019-07-27T00:14:25.512Z,buy,2.02e-06,1022.0,0.00206444
POA/BTC,1564186467968,2019-07-27T00:14:27.968Z,sell,1.99e-06,2304.0,0.00458496
POA/BTC,1564186468139,2019-07-27T00:14:28.139Z,buy,2.01e-06,5178.0,0.0104077799999999
POA/BTC,1564186468139,2019-07-27T00:14:28.139Z,buy,2.02e-06,11047.0,0.02231494
POA/BTC,1564186471097,2019-07-27T00:14:31.097Z,buy,2.01e-06,757.0,0.0015215699999999
POA/BTC,1564186471602,2019-07-27T00:14:31.602Z,sell,2e-06,3247.0,0.006494
POA/BTC,1564186473041,2019-07-27T00:14:33.041Z,buy,2e-06,2151.0,0.0043019999999999
POA/BTC,1564186473065,2019-07-27T00:14:33.065Z,buy,2e-06,2151.0,0.0043019999999999
POA/BTC,1564186473581,2019-07-27T00:14:33.581Z,buy,2e-06,396.0,0.000792
POA/BTC,1564186474659,2019-07-27T00:14:34.659Z,sell,1.99e-06,6863.0,0.01365737
POA/BTC,1564186476273,2019-07-27T00:14:36.273Z,buy,2e-06,772.0,0.001544
POA/BTC,1564186476412,2019-07-27T00:14:36.412Z,buy,2e-06,4766.0,0.0095319999999999
POA/BTC,1564186476602,2019-07-27T00:14:36.602Z,sell,2e-06,9034.0,0.018068
POA/BTC,1564186481054,2019-07-27T00:14:41.054Z,buy,2e-06,2424.0,0.004848
POA/BTC,1564186481183,2019-07-27T00:14:41.183Z,buy,2.01e-06,2424.0,0.00487224
POA/BTC,1564186481442,2019-07-27T00:14:41.442Z,sell,2.01e-06,396.0,0.00079596
POA/BTC,1564186481600,2019-07-27T00:14:41.600Z,sell,2.01e-06,8269.0,0.0166206899999999
POA/BTC,1564186482018,2019-07-27T00:14:42.018Z,sell,2e-06,2808.0,0.0056159999999999
POA/BTC,1564186483598,2019-07-27T00:14:43.598Z,sell,2e-06,23517.0,0.047034
POA/BTC,1564186483946,2019-07-27T00:14:43.946Z,buy,2e-06,394.0,0.000788
POA/BTC,1564186484598,2019-07-27T00:14:44.598Z,sell,2e-06,2030.0,0.00406
POA/BTC,1564186485249,2019-07-27T00:14:45.249Z,buy,2.02e-06,847.0,0.00171094
POA/BTC,1564186485368,2019-07-27T00:14:45.368Z,buy,2.02e-06,847.0,0.00171094
POA/BTC,1564186488667,2019-07-27T00:14:48.667Z,sell,1.99e-06,4123.0,0.00820477
POA/BTC,1564186488667,2019-07-27T00:14:48.667Z,sell,1.98e-06,861.0,0.00170478
POA/BTC,1564186494603,2019-07-27T00:14:54.603Z,sell,1.99e-06,2749.0,0.00547051
POA/BTC,1564186497022,2019-07-27T00:14:57.022Z,sell,1.99e-06,2835.0,0.00564165
POA/BTC,1564186502369,2019-07-27T00:15:02.369Z,buy,2e-06,108.0,0.000216
POA/BTC,1564186504797,2019-07-27T00:15:04.797Z,sell,1.99e-06,23584.0,0.04693216
POA/BTC,1564186508687,2019-07-27T00:15:08.687Z,sell,1.99e-06,2151.0,0.00428049
POA/BTC,1564186508893,2019-07-27T00:15:08.893Z,sell,1.99e-06,2795.0,0.00556205
POA/BTC,1564186511315,2019-07-27T00:15:11.315Z,buy,2e-06,4000.0,0.008
POA/BTC,1564186513694,2019-07-27T00:15:13.694Z,buy,2e-06,5087.0,0.0101739999999999
POA/BTC,1564186537201,2019-07-27T00:15:37.201Z,buy,2.01e-06,2907.0,0.00584307
POA/BTC,1564186537201,2019-07-27T00:15:37.201Z,buy,2.02e-06,2511.0,0.00507222
POA/BTC,1564186537799,2019-07-27T00:15:37.799Z,sell,2.01e-06,1926.0,0.0038712599999999
POA/BTC,1564186563275,2019-07-27T00:16:03.275Z,sell,2e-06,9786.0,0.019572
POA/BTC,1564186583597,2019-07-27T00:16:23.597Z,sell,2.02e-06,18167.0,0.03669734
POA/BTC,1564186587887,2019-07-27T00:16:27.887Z,buy,2.03e-06,9662.0,0.01961386
POA/BTC,1564186588597,2019-07-27T00:16:28.597Z,sell,2.02e-06,5627.0,0.01136654
POA/BTC,1564186597603,2019-07-27T00:16:37.603Z,sell,2.02e-06,25235.0,0.0509747
POA/BTC,1564186600650,2019-07-27T00:16:40.650Z,buy,2.03e-06,28777.0,0.05841731
POA/BTC,1564186600650,2019-07-27T00:16:40.650Z,buy,2.04e-06,54161.0,0.11048844
POA/BTC,1564186600670,2019-07-27T00:16:40.670Z,sell,2.04e-06,12431.0,0.0253592399999999
POA/BTC,1564186600680,2019-07-27T00:16:40.680Z,sell,2.01e-06,3068.0,0.0061666799999999
POA/BTC,1564186601640,2019-07-27T00:16:41.640Z,buy,2.03e-06,1210.0,0.0024563
POA/BTC,1564186601678,2019-07-27T00:16:41.678Z,buy,2.03e-06,1210.0,0.0024563
POA/BTC,1564186601684,2019-07-27T00:16:41.684Z,buy,2.03e-06,386.0,0.00078358
POA/BTC,1564186602655,2019-07-27T00:16:42.655Z,buy,2.03e-06,2424.0,0.00492072
POA/BTC,1564186607383,2019-07-27T00:16:47.383Z,buy,2.03e-06,1064.0,0.00215992
POA/BTC,1564186607401,2019-07-27T00:16:47.401Z,buy,2.03e-06,1064.0,0.00215992
POA/BTC,1564186607544,2019-07-27T00:16:47.544Z,buy,2.03e-06,113.0,0.00022939
POA/BTC,1564186607584,2019-07-27T00:16:47.584Z,buy,2.03e-06,113.0,0.00022939
POA/BTC,1564186607692,2019-07-27T00:16:47.692Z,buy,2.03e-06,113.0,0.00022939
POA/BTC,1564186613403,2019-07-27T00:16:53.403Z,buy,2.03e-06,113.0,0.00022939
POA/BTC,1564186613408,2019-07-27T00:16:53.408Z,buy,2.03e-06,113.0,0.00022939
POA/BTC,1564186617769,2019-07-27T00:16:57.769Z,buy,2.03e-06,69.0,0.00014007
POA/BTC,1564186618388,2019-07-27T00:16:58.388Z,buy,2.03e-06,493.0,0.00100079
POA/BTC,1564186633615,2019-07-27T00:17:13.615Z,buy,2.03e-06,86.0,0.00017458
POA/BTC,1564186637407,2019-07-27T00:17:17.407Z,buy,2.03e-06,1039.0,0.00210917
POA/BTC,1564186668603,2019-07-27T00:17:48.603Z,buy,2.03e-06,493.0,0.00100079
POA/BTC,1564186670695,2019-07-27T00:17:50.695Z,sell,2.02e-06,1935.0,0.0039087
POA/BTC,1564186670713,2019-07-27T00:17:50.713Z,sell,2.02e-06,25616.0,0.05174432
POA/BTC,1564186675715,2019-07-27T00:17:55.715Z,buy,2.03e-06,493.0,0.00100079
POA/BTC,1564186696598,2019-07-27T00:18:16.598Z,sell,2.02e-06,9407.0,0.01900214
POA/BTC,1564186701373,2019-07-27T00:18:21.373Z,buy,2.03e-06,9853.0,0.02000159
POA/BTC,1564186709491,2019-07-27T00:18:29.491Z,sell,2.01e-06,15000.0,0.0301499999999999
POA/BTC,1564186774223,2019-07-27T00:19:34.223Z,sell,2.02e-06,1064.0,0.00214928
POA/BTC,1564186788686,2019-07-27T00:19:48.686Z,sell,2.02e-06,22323.0,0.04509246
POA/BTC,1564186791867,2019-07-27T00:19:51.867Z,sell,2.02e-06,9337.0,0.01886074
POA/BTC,1564186812906,2019-07-27T00:20:12.906Z,sell,2.02e-06,21000.0,0.04242
POA/BTC,1564186818960,2019-07-27T00:20:18.960Z,buy,2.03e-06,247.0,0.00050141
POA/BTC,1564186824719,2019-07-27T00:20:24.719Z,buy,2.03e-06,24752.0,0.05024656
POA/BTC,1564186833492,2019-07-27T00:20:33.492Z,buy,2.03e-06,493.0,0.00100079
POA/BTC,1564186833900,2019-07-27T00:20:33.900Z,buy,2.03e-06,493.0,0.00100079
POA/BTC,1564186869136,2019-07-27T00:21:09.136Z,buy,2.03e-06,146.0,0.00029638
POA/BTC,1564186991063,2019-07-27T00:23:11.063Z,buy,2.03e-06,4889.0,0.00992467
POA/BTC,1564187087243,2019-07-27T00:24:47.243Z,buy,2.03e-06,782.0,0.00158746
POA/BTC,1564187093945,2019-07-27T00:24:53.945Z,buy,2.03e-06,27731.0,0.05629393
POA/BTC,1564187093945,2019-07-27T00:24:53.945Z,buy,2.04e-06,143911.0,0.29357844
POA/BTC,1564187095619,2019-07-27T00:24:55.619Z,buy,2.04e-06,63589.0,0.1297215599999999
POA/BTC,1564187101348,2019-07-27T00:25:01.348Z,sell,2.03e-06,782.0,0.00158746
POA/BTC,1564187101618,2019-07-27T00:25:01.618Z,buy,2.04e-06,782.0,0.00159528
POA/BTC,1564187110806,2019-07-27T00:25:10.806Z,sell,2.03e-06,11517.0,0.02337951
POA/BTC,1564187111623,2019-07-27T00:25:11.623Z,buy,2.03e-06,43831.0,0.08897693
POA/BTC,1564187113627,2019-07-27T00:25:13.627Z,buy,2.04e-06,2424.0,0.00494496
POA/BTC,1564187135625,2019-07-27T00:25:35.625Z,buy,2.04e-06,21576.0,0.04401504
POA/BTC,1564187195405,2019-07-27T00:26:35.405Z,buy,2.05e-06,122.0,0.0002501
POA/BTC,1564187208137,2019-07-27T00:26:48.137Z,buy,2.05e-06,16000.0,0.0327999999999999
POA/BTC,1564187261637,2019-07-27T00:27:41.637Z,buy,2.05e-06,138046.0,0.2829943
POA/BTC,1564187263640,2019-07-27T00:27:43.640Z,buy,2.05e-06,11718.0,0.0240219
POA/BTC,1564187264647,2019-07-27T00:27:44.647Z,buy,2.06e-06,83655.0,0.1723293
POA/BTC,1564187266627,2019-07-27T00:27:46.627Z,buy,2.07e-06,14872.0,0.03078504
POA/BTC,1564187266627,2019-07-27T00:27:46.627Z,buy,2.08e-06,16640.0,0.0346112
POA/BTC,1564187266649,2019-07-27T00:27:46.649Z,sell,2.08e-06,7187.0,0.01494896
POA/BTC,1564187267644,2019-07-27T00:27:47.644Z,buy,2.07e-06,7228.0,0.01496196
POA/BTC,1564187267868,2019-07-27T00:27:47.868Z,sell,2.07e-06,289.0,0.00059823
POA/BTC,1564187267933,2019-07-27T00:27:47.933Z,sell,2.07e-06,146.0,0.00030222
POA/BTC,1564187273870,2019-07-27T00:27:53.870Z,buy,2.09e-06,14237.0,0.02975533
POA/BTC,1564187275969,2019-07-27T00:27:55.969Z,sell,2.08e-06,1888.0,0.00392704
POA/BTC,1564187277152,2019-07-27T00:27:57.152Z,sell,2.08e-06,536.0,0.00111488
POA/BTC,1564187277951,2019-07-27T00:27:57.951Z,sell,2.07e-06,1913.0,0.00395991
POA/BTC,1564187278492,2019-07-27T00:27:58.492Z,sell,2.07e-06,511.0,0.00105777
POA/BTC,1564187278492,2019-07-27T00:27:58.492Z,sell,2.06e-06,10976.0,0.02261056
POA/BTC,1564187278492,2019-07-27T00:27:58.492Z,sell,2.05e-06,7228.0,0.0148174
POA/BTC,1564187278495,2019-07-27T00:27:58.495Z,sell,2.05e-06,492.0,0.0010086
POA/BTC,1564187279257,2019-07-27T00:27:59.257Z,sell,2.05e-06,247.0,0.0005063499999999
POA/BTC,1564187280636,2019-07-27T00:28:00.636Z,buy,2.07e-06,2424.0,0.00501768
POA/BTC,1564187287043,2019-07-27T00:28:07.043Z,buy,2.08e-06,11411.0,0.02373488
POA/BTC,1564187299192,2019-07-27T00:28:19.192Z,sell,2.08e-06,1533.0,0.00318864
POA/BTC,1564187310637,2019-07-27T00:28:30.637Z,sell,2.08e-06,26481.0,0.05508048
POA/BTC,1564187316443,2019-07-27T00:28:36.443Z,sell,2.07e-06,847.0,0.00175329
POA/BTC,1564187317709,2019-07-27T00:28:37.709Z,sell,2.07e-06,17500.0,0.036225
POA/BTC,1564187317709,2019-07-27T00:28:37.709Z,sell,2.06e-06,11336.0,0.02335216
POA/BTC,1564187319808,2019-07-27T00:28:39.808Z,sell,2.06e-06,1115.0,0.0022969
POA/BTC,1564187321673,2019-07-27T00:28:41.673Z,sell,2.06e-06,2903.0,0.00598018
POA/BTC,1564187321901,2019-07-27T00:28:41.901Z,sell,2.06e-06,7238.0,0.01491028
POA/BTC,1564187324601,2019-07-27T00:28:44.601Z,buy,2.07e-06,122.0,0.00025254
POA/BTC,1564187326315,2019-07-27T00:28:46.315Z,sell,2.06e-06,772.0,0.00159032
POA/BTC,1564187335195,2019-07-27T00:28:55.195Z,sell,2.06e-06,5087.0,0.01047922
POA/BTC,1564187353837,2019-07-27T00:29:13.837Z,sell,2.05e-06,2151.0,0.00440955
POA/BTC,1564187369588,2019-07-27T00:29:29.588Z,buy,2.06e-06,229.0,0.00047174
POA/BTC,1564187369653,2019-07-27T00:29:29.653Z,sell,2.06e-06,117.0,0.00024102
POA/BTC,1564187421832,2019-07-27T00:30:21.832Z,buy,2.07e-06,122.0,0.00025254
POA/BTC,1564187435911,2019-07-27T00:30:35.911Z,sell,2.06e-06,74.0,0.00015244
POA/BTC,1564187476804,2019-07-27T00:31:16.804Z,sell,2.06e-06,9708.0,0.01999848
POA/BTC,1564187653649,2019-07-27T00:34:13.649Z,sell,2.06e-06,19637.0,0.04045222
POA/BTC,1564187653664,2019-07-27T00:34:13.664Z,sell,2.06e-06,105279.0,0.21687474
POA/BTC,1564187701100,2019-07-27T00:35:01.100Z,sell,2.06e-06,30000.0,0.0618
POA/BTC,1564187740650,2019-07-27T00:35:40.650Z,sell,2.06e-06,792.0,0.00163152
POA/BTC,1564188104112,2019-07-27T00:41:44.112Z,sell,2.06e-06,42091.0,0.08670746
POA/BTC,1564188198777,2019-07-27T00:43:18.777Z,sell,2.06e-06,5581.0,0.01149686
POA/BTC,1564188246505,2019-07-27T00:44:06.505Z,buy,2.07e-06,27509.0,0.05694363
POA/BTC,1564188301060,2019-07-27T00:45:01.060Z,sell,2.06e-06,35717.0,0.07357702
POA/BTC,1564188312404,2019-07-27T00:45:12.404Z,sell,2.06e-06,2471.0,0.00509026
POA/BTC,1564188319714,2019-07-27T00:45:19.714Z,sell,2.06e-06,21504.0,0.04429824
POA/BTC,1564188319714,2019-07-27T00:45:19.714Z,sell,2.05e-06,3248.0,0.0066583999999999
POA/BTC,1564188320739,2019-07-27T00:45:20.739Z,sell,2.05e-06,103.0,0.0002111499999999
POA/BTC,1564188323480,2019-07-27T00:45:23.480Z,sell,2.05e-06,73529.0,0.15073445
POA/BTC,1564188352807,2019-07-27T00:45:52.807Z,buy,2.06e-06,22222.0,0.04577732
POA/BTC,1564188358978,2019-07-27T00:45:58.978Z,buy,2.07e-06,4985.0,0.01031895
POA/BTC,1564188464489,2019-07-27T00:47:44.489Z,sell,2.05e-06,65883.0,0.13506015
POA/BTC,1564188720833,2019-07-27T00:52:00.833Z,sell,2.05e-06,22977.0,0.0471028499999999
POA/BTC,1564188773888,2019-07-27T00:52:53.888Z,sell,2.05e-06,6000.0,0.0122999999999999
POA/BTC,1564188888398,2019-07-27T00:54:48.398Z,sell,2.05e-06,10394.0,0.0213077
POA/BTC,1564188888804,2019-07-27T00:54:48.804Z,sell,2.04e-06,77.0,0.00015708
POA/BTC,1564189150942,2019-07-27T00:59:10.942Z,buy,2.05e-06,974.0,0.0019966999999999
POA/BTC,1564189151153,2019-07-27T00:59:11.153Z,buy,2.05e-06,204.0,0.0004182
POA/BTC,1564189253981,2019-07-27T01:00:53.981Z,sell,2.04e-06,166.0,0.0003386399999999
POA/BTC,1564189253981,2019-07-27T01:00:53.981Z,sell,2.04e-06,166.0,0.0003386399999999
POA/BTC,1564189624185,2019-07-27T01:07:04.185Z,buy,2.05e-06,4390.0,0.0089994999999999
POA/BTC,1564189882248,2019-07-27T01:11:22.248Z,buy,2.05e-06,17.0,3.485e-05
POA/BTC,1564190122264,2019-07-27T01:15:22.264Z,sell,2.04e-06,315.0,0.0006426
POA/BTC,1564190191542,2019-07-27T01:16:31.542Z,buy,2.05e-06,582.0,0.0011930999999999
POA/BTC,1564190267733,2019-07-27T01:17:47.733Z,sell,2.05e-06,67.0,0.0001373499999999
POA/BTC,1564190642805,2019-07-27T01:24:02.805Z,buy,2.06e-06,4854.0,0.00999924
POA/BTC,1564190856342,2019-07-27T01:27:36.342Z,sell,2.05e-06,300.0,0.000615
POA/BTC,1564190961096,2019-07-27T01:29:21.096Z,sell,2.05e-06,971.0,0.00199055
POA/BTC,1564191057196,2019-07-27T01:30:57.196Z,buy,2.06e-06,92.0,0.00018952
POA/BTC,1564191561022,2019-07-27T01:39:21.022Z,sell,2.05e-06,141.0,0.00028905
POA/BTC,1564191588807,2019-07-27T01:39:48.807Z,sell,2.05e-06,300.0,0.000615
POA/BTC,1564191590797,2019-07-27T01:39:50.797Z,sell,2.05e-06,300.0,0.000615
POA/BTC,1564192520825,2019-07-27T01:55:20.825Z,sell,2.05e-06,300.0,0.000615
POA/BTC,1564192677392,2019-07-27T01:57:57.392Z,sell,2.05e-06,186.0,0.0003813
POA/BTC,1564192677392,2019-07-27T01:57:57.392Z,sell,2.05e-06,186.0,0.0003813
POA/BTC,1564192941262,2019-07-27T02:02:21.262Z,sell,2.05e-06,300.0,0.000615
POA/BTC,1564193217953,2019-07-27T02:06:57.953Z,sell,2.05e-06,188.0,0.0003854
POA/BTC,1564193832460,2019-07-27T02:17:12.460Z,sell,2.05e-06,52.0,0.0001065999999999
POA/BTC,1564195097472,2019-07-27T02:38:17.472Z,sell,2.05e-06,4898.0,0.0100408999999999
POA/BTC,1564195133930,2019-07-27T02:38:53.930Z,sell,2.04e-06,85.0,0.0001733999999999
POA/BTC,1564195555507,2019-07-27T02:45:55.507Z,buy,2.05e-06,10793.0,0.0221256499999999
POA/BTC,1564195555507,2019-07-27T02:45:55.507Z,buy,2.06e-06,79207.0,0.16316642
POA/BTC,1564195755695,2019-07-27T02:49:15.695Z,sell,2.05e-06,7949.0,0.01629545
POA/BTC,1564195755695,2019-07-27T02:49:15.695Z,sell,2.04e-06,3342.0,0.00681768
POA/BTC,1564195755847,2019-07-27T02:49:15.847Z,sell,2.05e-06,157.0,0.00032185
POA/BTC,1564195757555,2019-07-27T02:49:17.555Z,sell,2.05e-06,2424.0,0.0049692
POA/BTC,1564195760867,2019-07-27T02:49:20.867Z,sell,2.05e-06,107.0,0.00021935
POA/BTC,1564195760867,2019-07-27T02:49:20.867Z,sell,2.05e-06,107.0,0.00021935
POA/BTC,1564196844994,2019-07-27T03:07:24.994Z,sell,2.05e-06,73.0,0.0001496499999999
POA/BTC,1564196852622,2019-07-27T03:07:32.622Z,buy,2.06e-06,14.0,2.884e-05
POA/BTC,1564197339588,2019-07-27T03:15:39.588Z,sell,2.05e-06,53.0,0.00010865
POA/BTC,1564198283792,2019-07-27T03:31:23.792Z,sell,2.05e-06,72.0,0.0001475999999999
POA/BTC,1564198897056,2019-07-27T03:41:37.056Z,buy,2.06e-06,943.0,0.00194258
POA/BTC,1564198898543,2019-07-27T03:41:38.543Z,buy,2.06e-06,750.0,0.001545
POA/BTC,1564199141037,2019-07-27T03:45:41.037Z,sell,2.05e-06,74.0,0.0001517
POA/BTC,1564199141037,2019-07-27T03:45:41.037Z,sell,2.05e-06,74.0,0.0001517
POA/BTC,1564199694431,2019-07-27T03:54:54.431Z,sell,2.05e-06,69.0,0.00014145
POA/BTC,1564200698612,2019-07-27T04:11:38.612Z,buy,2.06e-06,65.0,0.0001339
POA/BTC,1564200703369,2019-07-27T04:11:43.369Z,sell,2.05e-06,1493.0,0.00306065
POA/BTC,1564200704562,2019-07-27T04:11:44.562Z,buy,2.06e-06,1500.0,0.00309
POA/BTC,1564201427350,2019-07-27T04:23:47.350Z,sell,2.05e-06,2227.0,0.0045653499999999
POA/BTC,1564201501497,2019-07-27T04:25:01.497Z,sell,2.05e-06,6899.0,0.01414295
POA/BTC,1564201501497,2019-07-27T04:25:01.497Z,sell,2.04e-06,92424.0,0.1885449599999999
POA/BTC,1564201501520,2019-07-27T04:25:01.520Z,buy,2.04e-06,13292.0,0.02711568
POA/BTC,1564201501524,2019-07-27T04:25:01.524Z,buy,2.04e-06,1471.0,0.00300084
POA/BTC,1564201501525,2019-07-27T04:25:01.525Z,buy,2.04e-06,7810.0,0.0159324
POA/BTC,1564201501530,2019-07-27T04:25:01.530Z,buy,2.04e-06,4043.0,0.00824772
POA/BTC,1564201501546,2019-07-27T04:25:01.546Z,buy,2.06e-06,14506.0,0.02988236
POA/BTC,1564201501548,2019-07-27T04:25:01.548Z,buy,2.06e-06,14.0,2.884e-05
POA/BTC,1564201505087,2019-07-27T04:25:05.087Z,buy,2.04e-06,122.0,0.00024888
POA/BTC,1564201505738,2019-07-27T04:25:05.738Z,sell,2.04e-06,2302.0,0.00469608
POA/BTC,1564201507896,2019-07-27T04:25:07.896Z,buy,2.04e-06,4555.0,0.0092922
POA/BTC,1564201507920,2019-07-27T04:25:07.920Z,buy,2.04e-06,953.0,0.00194412
POA/BTC,1564201515892,2019-07-27T04:25:15.892Z,buy,2.04e-06,853.0,0.00174012
POA/BTC,1564201516897,2019-07-27T04:25:16.897Z,buy,2.04e-06,685.0,0.0013974
POA/BTC,1564201545907,2019-07-27T04:25:45.907Z,buy,2.04e-06,9516.0,0.01941264
POA/BTC,1564201545939,2019-07-27T04:25:45.939Z,buy,2.04e-06,946.0,0.00192984
POA/BTC,1564202006628,2019-07-27T04:33:26.628Z,buy,2.05e-06,6633.0,0.01359765
POA/BTC,1564202079556,2019-07-27T04:34:39.556Z,buy,2.05e-06,943.0,0.0019331499999999
POA/BTC,1564202082592,2019-07-27T04:34:42.592Z,sell,2.04e-06,218.0,0.00044472
POA/BTC,1564202240724,2019-07-27T04:37:20.724Z,buy,2.05e-06,1046.0,0.0021443
POA/BTC,1564202256562,2019-07-27T04:37:36.562Z,buy,2.05e-06,9111.0,0.0186775499999999
POA/BTC,1564202269864,2019-07-27T04:37:49.864Z,buy,2.05e-06,972.0,0.0019925999999999
POA/BTC,1564202269965,2019-07-27T04:37:49.965Z,buy,2.05e-06,2637.0,0.0054058499999999
POA/BTC,1564202558365,2019-07-27T04:42:38.365Z,buy,2.05e-06,7829.0,0.01604945
POA/BTC,1564202641676,2019-07-27T04:44:01.676Z,sell,2.05e-06,185.0,0.00037925
POA/BTC,1564202651311,2019-07-27T04:44:11.311Z,sell,2.05e-06,107.0,0.00021935
POA/BTC,1564202651311,2019-07-27T04:44:11.311Z,sell,2.05e-06,107.0,0.00021935
POA/BTC,1564202926799,2019-07-27T04:48:46.799Z,sell,2.05e-06,221.0,0.00045305
POA/BTC,1564202954235,2019-07-27T04:49:14.235Z,sell,2.05e-06,67.0,0.0001373499999999
POA/BTC,1564203159762,2019-07-27T04:52:39.762Z,sell,2.05e-06,218.0,0.0004468999999999
POA/BTC,1564203205205,2019-07-27T04:53:25.205Z,sell,2.05e-06,70.0,0.0001435
POA/BTC,1564203764733,2019-07-27T05:02:44.733Z,sell,2.05e-06,73.0,0.0001496499999999
POA/BTC,1564204158295,2019-07-27T05:09:18.295Z,sell,2.05e-06,65.0,0.0001332499999999
POA/BTC,1564204295393,2019-07-27T05:11:35.393Z,sell,2.05e-06,1148.0,0.0023534
POA/BTC,1564204533263,2019-07-27T05:15:33.263Z,sell,2.05e-06,584.0,0.0011971999999999
POA/BTC,1564204533263,2019-07-27T05:15:33.263Z,sell,2.04e-06,415.0,0.0008466
POA/BTC,1564204594827,2019-07-27T05:16:34.827Z,sell,2.05e-06,70.0,0.0001435
POA/BTC,1564204810295,2019-07-27T05:20:10.295Z,sell,2.05e-06,72.0,0.0001475999999999
POA/BTC,1564205357993,2019-07-27T05:29:17.993Z,sell,2.05e-06,75.0,0.00015375
POA/BTC,1564205478556,2019-07-27T05:31:18.556Z,sell,2.05e-06,928.0,0.0019023999999999
POA/BTC,1564205478855,2019-07-27T05:31:18.855Z,sell,2.05e-06,671.0,0.00137555
POA/BTC,1564205479300,2019-07-27T05:31:19.300Z,sell,2.05e-06,572.0,0.0011726
POA/BTC,1564205591847,2019-07-27T05:33:11.847Z,sell,2.05e-06,671.0,0.00137555
POA/BTC,1564206134651,2019-07-27T05:42:14.651Z,buy,2.05e-06,76.0,0.0001558
POA/BTC,1564206134651,2019-07-27T05:42:14.651Z,buy,2.06e-06,900.0,0.001854
POA/BTC,1564206134651,2019-07-27T05:42:14.651Z,buy,2.05e-06,76.0,0.0001558
POA/BTC,1564206134651,2019-07-27T05:42:14.651Z,buy,2.06e-06,900.0,0.001854
POA/BTC,1564206714596,2019-07-27T05:51:54.596Z,sell,2.04e-06,366.0,0.00074664
POA/BTC,1564206997142,2019-07-27T05:56:37.142Z,buy,2.06e-06,50.0,0.000103
POA/BTC,1564207046715,2019-07-27T05:57:26.715Z,buy,2.06e-06,2875.0,0.0059225
POA/BTC,1564207081340,2019-07-27T05:58:01.340Z,buy,2.06e-06,18.0,3.708e-05
POA/BTC,1564207081340,2019-07-27T05:58:01.340Z,buy,2.06e-06,18.0,3.708e-05
POA/BTC,1564209758445,2019-07-27T06:42:38.445Z,sell,2.05e-06,6779.0,0.0138969499999999
POA/BTC,1564209758585,2019-07-27T06:42:38.585Z,sell,2.05e-06,263.0,0.00053915
POA/BTC,1564209758589,2019-07-27T06:42:38.589Z,sell,2.05e-06,844.0,0.0017301999999999
POA/BTC,1564209758589,2019-07-27T06:42:38.589Z,sell,2.05e-06,171.0,0.00035055
POA/BTC,1564209788405,2019-07-27T06:43:08.405Z,sell,2.05e-06,6778.0,0.0138948999999999
POA/BTC,1564209913760,2019-07-27T06:45:13.760Z,buy,2.06e-06,71787.0,0.14788122
POA/BTC,1564209913760,2019-07-27T06:45:13.760Z,buy,2.07e-06,59363.0,0.12288141
POA/BTC,1564209914644,2019-07-27T06:45:14.644Z,buy,2.06e-06,13497.0,0.02780382
POA/BTC,1564209957554,2019-07-27T06:45:57.554Z,buy,2.07e-06,1100.0,0.002277
POA/BTC,1564209974466,2019-07-27T06:46:14.466Z,sell,2.06e-06,1043.0,0.00214858
POA/BTC,1564210396727,2019-07-27T06:53:16.727Z,sell,2.06e-06,11381.0,0.02344486
POA/BTC,1564210396727,2019-07-27T06:53:16.727Z,sell,2.05e-06,28759.0,0.0589559499999999
POA/BTC,1564210413778,2019-07-27T06:53:33.778Z,buy,2.05e-06,1011.0,0.00207255
POA/BTC,1564210413910,2019-07-27T06:53:33.910Z,buy,2.05e-06,1011.0,0.00207255
POA/BTC,1564210477681,2019-07-27T06:54:37.681Z,buy,2.05e-06,2052.0,0.0042066
POA/BTC,1564210477709,2019-07-27T06:54:37.709Z,buy,2.05e-06,4182.0,0.0085731
POA/BTC,1564210526686,2019-07-27T06:55:26.686Z,buy,2.05e-06,44153.0,0.0905136499999999
POA/BTC,1564210526686,2019-07-27T06:55:26.686Z,buy,2.05e-06,44153.0,0.0905136499999999
POA/BTC,1564210875483,2019-07-27T07:01:15.483Z,sell,2.05e-06,73.0,0.0001496499999999
POA/BTC,1564211050850,2019-07-27T07:04:10.850Z,sell,2.05e-06,67.0,0.0001373499999999
POA/BTC,1564211068142,2019-07-27T07:04:28.142Z,sell,2.05e-06,66.0,0.0001352999999999
POA/BTC,1564212545556,2019-07-27T07:29:05.556Z,sell,2.05e-06,1403.0,0.0028761499999999
POA/BTC,1564212930550,2019-07-27T07:35:30.550Z,sell,2.05e-06,65.0,0.0001332499999999
POA/BTC,1564212930572,2019-07-27T07:35:30.572Z,buy,2.05e-06,715.0,0.0014657499999999
POA/BTC,1564212930587,2019-07-27T07:35:30.587Z,buy,2.05e-06,2037.0,0.00417585
POA/BTC,1564213756707,2019-07-27T07:49:16.707Z,sell,2.05e-06,16512.0,0.0338496
POA/BTC,1564213756707,2019-07-27T07:49:16.707Z,sell,2.05e-06,16512.0,0.0338496
POA/BTC,1564214639671,2019-07-27T08:03:59.671Z,sell,2.04e-06,37212.0,0.07591248
POA/BTC,1564214640921,2019-07-27T08:04:00.921Z,buy,2.05e-06,2424.0,0.0049692
POA/BTC,1564215671926,2019-07-27T08:21:11.926Z,buy,2.05e-06,4726.0,0.0096882999999999
POA/BTC,1564215671949,2019-07-27T08:21:11.949Z,buy,2.05e-06,2715.0,0.0055657499999999
POA/BTC,1564215671954,2019-07-27T08:21:11.954Z,buy,2.05e-06,2752.0,0.0056415999999999
POA/BTC,1564216084876,2019-07-27T08:28:04.876Z,sell,2.04e-06,491.0,0.00100164
POA/BTC,1564216098315,2019-07-27T08:28:18.315Z,buy,2.06e-06,534.0,0.00110004
POA/BTC,1564217144894,2019-07-27T08:45:44.894Z,sell,2.04e-06,4726.0,0.00964104
POA/BTC,1564217144894,2019-07-27T08:45:44.894Z,sell,2.04e-06,4726.0,0.00964104
POA/BTC,1564218991714,2019-07-27T09:16:31.714Z,sell,2.04e-06,3351.0,0.00683604
POA/BTC,1564219308273,2019-07-27T09:21:48.273Z,buy,2.05e-06,8286.0,0.0169863
POA/BTC,1564219472633,2019-07-27T09:24:32.633Z,sell,2.04e-06,9292.0,0.01895568
POA/BTC,1564219472773,2019-07-27T09:24:32.773Z,sell,2.04e-06,76.0,0.00015504
POA/BTC,1564219473320,2019-07-27T09:24:33.320Z,sell,2.04e-06,67.0,0.00013668
POA/BTC,1564219534413,2019-07-27T09:25:34.413Z,buy,2.05e-06,975.0,0.0019987499999999
POA/BTC,1564220259775,2019-07-27T09:37:39.775Z,buy,2.05e-06,128.0,0.0002624
POA/BTC,1564220259775,2019-07-27T09:37:39.775Z,buy,2.05e-06,128.0,0.0002624
POA/BTC,1564221529948,2019-07-27T09:58:49.948Z,sell,2.04e-06,61.0,0.00012444
POA/BTC,1564222034744,2019-07-27T10:07:14.744Z,sell,2.04e-06,69.0,0.00014076
POA/BTC,1564222039668,2019-07-27T10:07:19.668Z,buy,2.05e-06,976.0,0.0020008
POA/BTC,1564222060238,2019-07-27T10:07:40.238Z,sell,2.04e-06,65.0,0.0001326
POA/BTC,1564222295707,2019-07-27T10:11:35.707Z,buy,2.05e-06,82764.0,0.1696662
POA/BTC,1564222298196,2019-07-27T10:11:38.196Z,sell,2.05e-06,2191.0,0.0044915499999999
POA/BTC,1564222639683,2019-07-27T10:17:19.683Z,sell,2.05e-06,68.0,0.0001394
POA/BTC,1564222756709,2019-07-27T10:19:16.709Z,sell,2.05e-06,70.0,0.0001435
POA/BTC,1564223032040,2019-07-27T10:23:52.040Z,buy,2.06e-06,859.0,0.00176954
POA/BTC,1564223032481,2019-07-27T10:23:52.481Z,buy,2.06e-06,145333.0,0.29938598
POA/BTC,1564223049578,2019-07-27T10:24:09.578Z,sell,2.05e-06,15610.0,0.0320005
POA/BTC,1564223050065,2019-07-27T10:24:10.065Z,buy,2.06e-06,8240.0,0.0169744
POA/BTC,1564223149940,2019-07-27T10:25:49.940Z,buy,2.06e-06,976.0,0.00201056
POA/BTC,1564223150208,2019-07-27T10:25:50.208Z,buy,2.06e-06,16000.0,0.03296
POA/BTC,1564223150211,2019-07-27T10:25:50.211Z,buy,2.06e-06,16000.0,0.03296
POA/BTC,1564223150211,2019-07-27T10:25:50.211Z,buy,2.06e-06,5248.0,0.01081088
POA/BTC,1564223222842,2019-07-27T10:27:02.842Z,buy,2.07e-06,40611.0,0.08406477
POA/BTC,1564223352372,2019-07-27T10:29:12.372Z,sell,2.07e-06,9626.0,0.01992582
POA/BTC,1564223409359,2019-07-27T10:30:09.359Z,sell,2.06e-06,1398.0,0.00287988
POA/BTC,1564223421688,2019-07-27T10:30:21.688Z,sell,2.07e-06,4083.0,0.00845181
POA/BTC,1564223463848,2019-07-27T10:31:03.848Z,sell,2.07e-06,7917.0,0.01638819
POA/BTC,1564223505853,2019-07-27T10:31:45.853Z,sell,2.06e-06,1289.0,0.00265534
POA/BTC,1564223517595,2019-07-27T10:31:57.595Z,sell,2.06e-06,129343.0,0.26644658
POA/BTC,1564223517622,2019-07-27T10:31:57.622Z,buy,2.06e-06,41054.0,0.08457124
POA/BTC,1564223609239,2019-07-27T10:33:29.239Z,sell,2.05e-06,595.0,0.00121975
POA/BTC,1564223724411,2019-07-27T10:35:24.411Z,buy,2.07e-06,976.0,0.00202032
POA/BTC,1564223724886,2019-07-27T10:35:24.886Z,sell,2.05e-06,4524.0,0.0092742
POA/BTC,1564223725279,2019-07-27T10:35:25.279Z,sell,2.05e-06,1042.0,0.0021360999999999
POA/BTC,1564223749853,2019-07-27T10:35:49.853Z,sell,2.05e-06,839.0,0.0017199499999999
POA/BTC,1564223765322,2019-07-27T10:36:05.322Z,sell,2.04e-06,181650.0,0.370566
POA/BTC,1564223765352,2019-07-27T10:36:05.352Z,buy,2.04e-06,181650.0,0.370566
POA/BTC,1564223765386,2019-07-27T10:36:05.386Z,buy,2.04e-06,20094.0,0.04099176
POA/BTC,1564223769508,2019-07-27T10:36:09.508Z,sell,2.04e-06,127798.0,0.26070792
POA/BTC,1564223776472,2019-07-27T10:36:16.472Z,buy,2.04e-06,1961.0,0.00400044
POA/BTC,1564223852988,2019-07-27T10:37:32.988Z,sell,2.03e-06,500.0,0.001015
POA/BTC,1564223852988,2019-07-27T10:37:32.988Z,sell,2.03e-06,21544.0,0.04373432
POA/BTC,1564223852988,2019-07-27T10:37:32.988Z,sell,2.03e-06,500.0,0.001015
POA/BTC,1564223852988,2019-07-27T10:37:32.988Z,sell,2.03e-06,21544.0,0.04373432
POA/BTC,1564223896649,2019-07-27T10:38:16.649Z,sell,2.03e-06,6646.0,0.01349138
POA/BTC,1564223896655,2019-07-27T10:38:16.655Z,sell,2.03e-06,14039.0,0.02849917
POA/BTC,1564223897082,2019-07-27T10:38:17.082Z,sell,2.03e-06,16000.0,0.03248
POA/BTC,1564223953801,2019-07-27T10:39:13.801Z,sell,2.03e-06,66.0,0.00013398
POA/BTC,1564223999108,2019-07-27T10:39:59.108Z,sell,2.03e-06,48154.0,0.09775262
POA/BTC,1564224154173,2019-07-27T10:42:34.173Z,buy,2.04e-06,2424.0,0.00494496
POA/BTC,1564224700394,2019-07-27T10:51:40.394Z,sell,2.04e-06,4396.0,0.00896784
POA/BTC,1564225112473,2019-07-27T10:58:32.473Z,buy,2.05e-06,7928.0,0.0162524
POA/BTC,1564225161690,2019-07-27T10:59:21.690Z,sell,2.05e-06,2243.0,0.00459815
POA/BTC,1564225573099,2019-07-27T11:06:13.099Z,buy,2.05e-06,11806.0,0.0242023
POA/BTC,1564226048651,2019-07-27T11:14:08.651Z,buy,2.05e-06,11668.0,0.0239193999999999
POA/BTC,1564226048651,2019-07-27T11:14:08.651Z,buy,2.05e-06,11668.0,0.0239193999999999
POA/BTC,1564228008342,2019-07-27T11:46:48.342Z,buy,2.05e-06,300.0,0.000615
POA/BTC,1564228393958,2019-07-27T11:53:13.958Z,buy,2.05e-06,3827.0,0.00784535
