symbol,timestamp,datetime,side,price,amount,btc_volume
POA/BTC,1583002803159,2020-02-29T19:00:03.159Z,sell,1.64e-06,161.0,0.00026404
POA/BTC,1583002873898,2020-02-29T19:01:13.898Z,sell,1.63e-06,6799.0,0.01108237
POA/BTC,1583002901963,2020-02-29T19:01:41.963Z,sell,1.63e-06,6000.0,0.00978
POA/BTC,1583003152675,2020-02-29T19:05:52.675Z,buy,1.64e-06,2057.0,0.00337348
POA/BTC,1583003274359,2020-02-29T19:07:54.359Z,buy,1.65e-06,304.0,0.0005016
POA/BTC,1583003279301,2020-02-29T19:07:59.301Z,buy,1.65e-06,909.0,0.00149985
POA/BTC,1583003280126,2020-02-29T19:08:00.126Z,buy,1.65e-06,1818.0,0.0029997
POA/BTC,1583003293509,2020-02-29T19:08:13.509Z,buy,1.65e-06,1212.0,0.0019998
POA/BTC,1583003299215,2020-02-29T19:08:19.215Z,buy,1.65e-06,67.0,0.00011055
POA/BTC,1583003303522,2020-02-29T19:08:23.522Z,buy,1.65e-06,278.0,0.0004587
POA/BTC,1583003303546,2020-02-29T19:08:23.546Z,sell,1.65e-06,950.0,0.0015675
POA/BTC,1583003303551,2020-02-29T19:08:23.551Z,sell,1.65e-06,10893.0,0.01797345
POA/BTC,1583003306334,2020-02-29T19:08:26.334Z,buy,1.65e-06,909.0,0.00149985
POA/BTC,1583003319965,2020-02-29T19:08:39.965Z,buy,1.65e-06,62.0,0.0001023
POA/BTC,1583003323892,2020-02-29T19:08:43.892Z,buy,1.65e-06,61.0,0.00010065
POA/BTC,1583003324329,2020-02-29T19:08:44.329Z,buy,1.65e-06,603.0,0.00099495
POA/BTC,1583003562712,2020-02-29T19:12:42.712Z,buy,1.65e-06,29147.0,0.04809255
POA/BTC,1583004764238,2020-02-29T19:32:44.238Z,buy,1.65e-06,606.0,0.0009999
POA/BTC,1583004893919,2020-02-29T19:34:53.919Z,sell,1.64e-06,121844.0,0.19982416
POA/BTC,1583004996531,2020-02-29T19:36:36.531Z,buy,1.65e-06,20222.0,0.0333663
POA/BTC,1583005627802,2020-02-29T19:47:07.802Z,sell,1.64e-06,7635.0,0.0125214
POA/BTC,1583005637842,2020-02-29T19:47:17.842Z,sell,1.64e-06,22907.0,0.03756748
POA/BTC,1583005648034,2020-02-29T19:47:28.034Z,sell,1.64e-06,10180.0,0.0166952
POA/BTC,1583005648034,2020-02-29T19:47:28.034Z,sell,1.64e-06,10180.0,0.0166952
POA/BTC,1583006526628,2020-02-29T20:02:06.628Z,sell,1.64e-06,67.0,0.00010988
POA/BTC,1583007437473,2020-02-29T20:17:17.473Z,sell,1.64e-06,1691.0,0.0027732399999999
POA/BTC,1583007468180,2020-02-29T20:17:48.180Z,sell,1.64e-06,9700.0,0.015908
POA/BTC,1583008349881,2020-02-29T20:32:29.881Z,sell,1.64e-06,3436.0,0.00563504
POA/BTC,1583008650514,2020-02-29T20:37:30.514Z,sell,1.64e-06,70.0,0.0001148
POA/BTC,1583008650514,2020-02-29T20:37:30.514Z,sell,1.64e-06,70.0,0.0001148
POA/BTC,1583009917869,2020-02-29T20:58:37.869Z,sell,1.64e-06,2214.0,0.00363096
POA/BTC,1583010717567,2020-02-29T21:11:57.567Z,sell,1.64e-06,65.0,0.0001066
POA/BTC,1583010911490,2020-02-29T21:15:11.490Z,sell,1.64e-06,65.0,0.0001066
POA/BTC,1583010925946,2020-02-29T21:15:25.946Z,buy,1.65e-06,63.0,0.00010395
POA/BTC,1583011093944,2020-02-29T21:18:13.944Z,buy,1.65e-06,1336.0,0.0022044
POA/BTC,1583011745661,2020-02-29T21:29:05.661Z,sell,1.64e-06,104.0,0.00017056
POA/BTC,1583011854952,2020-02-29T21:30:54.952Z,sell,1.64e-06,11474.0,0.0188173599999999
POA/BTC,1583011887353,2020-02-29T21:31:27.353Z,sell,1.64e-06,103.0,0.00016892
POA/BTC,1583011916845,2020-02-29T21:31:56.845Z,buy,1.65e-06,70.0,0.0001155
POA/BTC,1583011916845,2020-02-29T21:31:56.845Z,buy,1.65e-06,70.0,0.0001155
POA/BTC,1583012420177,2020-02-29T21:40:20.177Z,buy,1.65e-06,93.0,0.00015345
POA/BTC,1583013654866,2020-02-29T22:00:54.866Z,buy,1.65e-06,2704.0,0.0044616
POA/BTC,1583014713616,2020-02-29T22:18:33.616Z,buy,1.65e-06,26249.0,0.04331085
POA/BTC,1583014732339,2020-02-29T22:18:52.339Z,sell,1.65e-06,2949.0,0.00486585
POA/BTC,1583014740736,2020-02-29T22:19:00.736Z,buy,1.65e-06,68174.0,0.1124871
POA/BTC,1583014740736,2020-02-29T22:19:00.736Z,buy,1.66e-06,58543.0,0.09718138
POA/BTC,1583014744488,2020-02-29T22:19:04.488Z,buy,1.66e-06,3415.0,0.0056689
POA/BTC,1583014744488,2020-02-29T22:19:04.488Z,buy,1.67e-06,252711.0,0.42202737
POA/BTC,1583014745006,2020-02-29T22:19:05.006Z,buy,1.67e-06,2396.0,0.00400132
POA/BTC,1583014745339,2020-02-29T22:19:05.339Z,sell,1.66e-06,381.0,0.0006324599999999
POA/BTC,1583014745441,2020-02-29T22:19:05.441Z,sell,1.66e-06,1665.0,0.0027639
POA/BTC,1583014745531,2020-02-29T22:19:05.531Z,buy,1.66e-06,1019.0,0.00169154
POA/BTC,1583014754235,2020-02-29T22:19:14.235Z,sell,1.66e-06,3376.0,0.00560416
POA/BTC,1583014755499,2020-02-29T22:19:15.499Z,sell,1.65e-06,1836.0,0.0030294
POA/BTC,1583014755943,2020-02-29T22:19:15.943Z,sell,1.65e-06,1225.0,0.00202125
POA/BTC,1583014759794,2020-02-29T22:19:19.794Z,buy,1.66e-06,757.0,0.00125662
POA/BTC,1583014808292,2020-02-29T22:20:08.292Z,sell,1.66e-06,61.0,0.00010126
POA/BTC,1583014812013,2020-02-29T22:20:12.013Z,buy,1.67e-06,61.0,0.00010187
POA/BTC,1583014916173,2020-02-29T22:21:56.173Z,buy,1.67e-06,1074.0,0.00179358
POA/BTC,1583014920652,2020-02-29T22:22:00.652Z,buy,1.67e-06,1326.0,0.00221442
POA/BTC,1583015212701,2020-02-29T22:26:52.701Z,buy,1.67e-06,120.0,0.0002004
POA/BTC,1583015432066,2020-02-29T22:30:32.066Z,buy,1.67e-06,2060.0,0.0034402
POA/BTC,1583015482605,2020-02-29T22:31:22.605Z,sell,1.66e-06,1998.0,0.00331668
POA/BTC,1583015488143,2020-02-29T22:31:28.143Z,sell,1.66e-06,8631.0,0.01432746
POA/BTC,1583015488143,2020-02-29T22:31:28.143Z,sell,1.66e-06,8631.0,0.01432746
POA/BTC,1583015528121,2020-02-29T22:32:08.121Z,sell,1.65e-06,15285.0,0.02522025
POA/BTC,1583015528757,2020-02-29T22:32:08.757Z,sell,1.66e-06,61.0,0.00010126
POA/BTC,1583015528757,2020-02-29T22:32:08.757Z,sell,1.65e-06,3914.0,0.0064581
POA/BTC,1583015589645,2020-02-29T22:33:09.645Z,buy,1.66e-06,85.0,0.0001411
POA/BTC,1583015687339,2020-02-29T22:34:47.339Z,buy,1.66e-06,2274.0,0.00377484
POA/BTC,1583016183695,2020-02-29T22:43:03.695Z,sell,1.65e-06,65.0,0.00010725
POA/BTC,1583016205823,2020-02-29T22:43:25.823Z,buy,1.67e-06,64.0,0.00010688
POA/BTC,1583016293774,2020-02-29T22:44:53.774Z,sell,1.65e-06,65.0,0.00010725
POA/BTC,1583016306959,2020-02-29T22:45:06.959Z,sell,1.65e-06,65.0,0.00010725
POA/BTC,1583016359228,2020-02-29T22:45:59.228Z,buy,1.67e-06,64.0,0.00010688
POA/BTC,1583016398187,2020-02-29T22:46:38.187Z,buy,1.67e-06,179.0,0.00029893
POA/BTC,1583016439546,2020-02-29T22:47:19.546Z,sell,1.66e-06,93.0,0.00015438
POA/BTC,1583016453931,2020-02-29T22:47:33.931Z,buy,1.67e-06,64.0,0.00010688
POA/BTC,1583016533598,2020-02-29T22:48:53.598Z,buy,1.67e-06,4454.0,0.00743818
POA/BTC,1583016562907,2020-02-29T22:49:22.907Z,sell,1.66e-06,65.0,0.0001079
POA/BTC,1583016603167,2020-02-29T22:50:03.167Z,sell,1.66e-06,65.0,0.0001079
POA/BTC,1583016615125,2020-02-29T22:50:15.125Z,buy,1.67e-06,65.0,0.00010855
POA/BTC,1583017182995,2020-02-29T22:59:42.995Z,sell,1.66e-06,65.0,0.0001079
POA/BTC,1583017212001,2020-02-29T23:00:12.001Z,sell,1.66e-06,65.0,0.0001079
POA/BTC,1583017221431,2020-02-29T23:00:21.431Z,buy,1.67e-06,65.0,0.00010855
POA/BTC,1583017407925,2020-02-29T23:03:27.925Z,buy,1.67e-06,2743.0,0.00458081
POA/BTC,1583017437532,2020-02-29T23:03:57.532Z,buy,1.68e-06,65.0,0.0001092
POA/BTC,1583017937058,2020-02-29T23:12:17.058Z,sell,1.67e-06,65.0,0.00010855
POA/BTC,1583017937084,2020-02-29T23:12:17.084Z,sell,1.67e-06,20387.0,0.03404629
POA/BTC,1583018038969,2020-02-29T23:13:58.969Z,buy,1.68e-06,62.0,0.00010416
POA/BTC,1583018102472,2020-02-29T23:15:02.472Z,buy,1.68e-06,791.0,0.00132888
POA/BTC,1583018102893,2020-02-29T23:15:02.893Z,sell,1.67e-06,65.0,0.00010855
POA/BTC,1583018103071,2020-02-29T23:15:03.071Z,buy,1.68e-06,87.0,0.00014616
POA/BTC,1583019011262,2020-02-29T23:30:11.262Z,sell,1.67e-06,936.0,0.00156312
POA/BTC,1583019017601,2020-02-29T23:30:17.601Z,sell,1.66e-06,61.0,0.00010126
POA/BTC,1583019017610,2020-02-29T23:30:17.610Z,sell,1.66e-06,10910.0,0.0181106
POA/BTC,1583019017621,2020-02-29T23:30:17.621Z,sell,1.66e-06,980.0,0.0016268
POA/BTC,1583019017636,2020-02-29T23:30:17.636Z,sell,1.66e-06,61.0,0.00010126
POA/BTC,1583019017763,2020-02-29T23:30:17.763Z,sell,1.66e-06,67.0,0.00011122
POA/BTC,1583019017763,2020-02-29T23:30:17.763Z,sell,1.66e-06,67.0,0.00011122
POA/BTC,1583019446499,2020-02-29T23:37:26.499Z,sell,1.66e-06,7399.0,0.01228234
POA/BTC,1583019447153,2020-02-29T23:37:27.153Z,sell,1.66e-06,1019.0,0.00169154
POA/BTC,1583019627909,2020-02-29T23:40:27.909Z,sell,1.66e-06,194.0,0.00032204
POA/BTC,1583019740191,2020-02-29T23:42:20.191Z,sell,1.66e-06,14127.0,0.02345082
POA/BTC,1583020087618,2020-02-29T23:48:07.618Z,buy,1.67e-06,676.0,0.00112892
POA/BTC,1583020374904,2020-02-29T23:52:54.904Z,buy,1.67e-06,4228.0,0.00706076
POA/BTC,1583020860620,2020-03-01T00:01:00.620Z,sell,1.66e-06,268.0,0.00044488
POA/BTC,1583020920958,2020-03-01T00:02:00.958Z,buy,1.67e-06,180.0,0.0003006
POA/BTC,1583020920958,2020-03-01T00:02:00.958Z,buy,1.68e-06,246.0,0.00041328
POA/BTC,1583021304023,2020-03-01T00:08:24.023Z,buy,1.68e-06,165582.0,0.27817776
POA/BTC,1583021304234,2020-03-01T00:08:24.234Z,buy,1.69e-06,23101.0,0.0390406899999999
POA/BTC,1583021307007,2020-03-01T00:08:27.007Z,buy,1.7e-06,60.0,0.000102
POA/BTC,1583021307291,2020-03-01T00:08:27.291Z,buy,1.7e-06,17047.0,0.0289799
POA/BTC,1583021324326,2020-03-01T00:08:44.326Z,sell,1.69e-06,1557.0,0.00263133
POA/BTC,1583021329446,2020-03-01T00:08:49.446Z,sell,1.69e-06,3030.0,0.0051207
POA/BTC,1583021329463,2020-03-01T00:08:49.463Z,sell,1.69e-06,1212.0,0.00204828
POA/BTC,1583021336638,2020-03-01T00:08:56.638Z,sell,1.68e-06,2407.0,0.00404376
POA/BTC,1583021336678,2020-03-01T00:08:56.678Z,sell,1.68e-06,868.0,0.00145824
POA/BTC,1583021337257,2020-03-01T00:08:57.257Z,sell,1.68e-06,754.0,0.00126672
POA/BTC,1583021415802,2020-03-01T00:10:15.802Z,buy,1.7e-06,118.0,0.0002006
POA/BTC,1583021540610,2020-03-01T00:12:20.610Z,sell,1.68e-06,2393.0,0.00402024
POA/BTC,1583021718588,2020-03-01T00:15:18.588Z,sell,1.68e-06,1210.0,0.0020328
POA/BTC,1583021718622,2020-03-01T00:15:18.622Z,sell,1.68e-06,3013.0,0.00506184
POA/BTC,1583021897288,2020-03-01T00:18:17.288Z,sell,1.68e-06,5923.0,0.00995064
POA/BTC,1583021898606,2020-03-01T00:18:18.606Z,sell,1.67e-06,4217.0,0.00704239
POA/BTC,1583021908874,2020-03-01T00:18:28.874Z,sell,1.67e-06,48585.0,0.08113695
POA/BTC,1583021913228,2020-03-01T00:18:33.228Z,buy,1.67e-06,1189.0,0.00198563
POA/BTC,1583021948228,2020-03-01T00:19:08.228Z,buy,1.67e-06,60.0,0.0001002
POA/BTC,1583021969130,2020-03-01T00:19:29.130Z,buy,1.67e-06,36923.0,0.06166141
POA/BTC,1583021984257,2020-03-01T00:19:44.257Z,buy,1.68e-06,1639.0,0.00275352
POA/BTC,1583022017190,2020-03-01T00:20:17.190Z,sell,1.67e-06,3757.0,0.00627419
POA/BTC,1583022017190,2020-03-01T00:20:17.190Z,sell,1.66e-06,12542.0,0.02081972
POA/BTC,1583022017190,2020-03-01T00:20:17.190Z,sell,1.65e-06,31845.0,0.05254425
POA/BTC,1583022017190,2020-03-01T00:20:17.190Z,sell,1.65e-06,2503.0,0.00412995
POA/BTC,1583022018246,2020-03-01T00:20:18.246Z,sell,1.67e-06,1490.0,0.0024883
POA/BTC,1583022018752,2020-03-01T00:20:18.752Z,sell,1.67e-06,381.0,0.00063627
POA/BTC,1583022019795,2020-03-01T00:20:19.795Z,sell,1.67e-06,2262.0,0.00377754
POA/BTC,1583022019843,2020-03-01T00:20:19.843Z,sell,1.67e-06,381.0,0.00063627
POA/BTC,1583022020144,2020-03-01T00:20:20.144Z,sell,1.67e-06,200.0,0.000334
POA/BTC,1583022020292,2020-03-01T00:20:20.292Z,sell,1.67e-06,176.0,0.00029392
POA/BTC,1583022020584,2020-03-01T00:20:20.584Z,sell,1.67e-06,200.0,0.000334
POA/BTC,1583022020606,2020-03-01T00:20:20.606Z,sell,1.67e-06,176.0,0.00029392
POA/BTC,1583022028405,2020-03-01T00:20:28.405Z,buy,1.67e-06,3852.0,0.00643284
POA/BTC,1583022031239,2020-03-01T00:20:31.239Z,buy,1.68e-06,61.0,0.00010248
POA/BTC,1583022034378,2020-03-01T00:20:34.378Z,sell,1.67e-06,300.0,0.000501
POA/BTC,1583022039561,2020-03-01T00:20:39.561Z,sell,1.67e-06,1000.0,0.00167
POA/BTC,1583022041098,2020-03-01T00:20:41.098Z,sell,1.67e-06,1000.0,0.00167
POA/BTC,1583022131866,2020-03-01T00:22:11.866Z,sell,1.67e-06,1273.0,0.00212591
POA/BTC,1583022250233,2020-03-01T00:24:10.233Z,sell,1.67e-06,231.0,0.00038577
POA/BTC,1583022278591,2020-03-01T00:24:38.591Z,buy,1.68e-06,9106.0,0.01529808
POA/BTC,1583022327369,2020-03-01T00:25:27.369Z,buy,1.69e-06,20.0,3.3799999999999995e-05
POA/BTC,1583022341431,2020-03-01T00:25:41.431Z,sell,1.67e-06,121.0,0.00020207
POA/BTC,1583022352435,2020-03-01T00:25:52.435Z,buy,1.68e-06,20.0,3.3600000000000004e-05
POA/BTC,1583022430591,2020-03-01T00:27:10.591Z,buy,1.68e-06,105.0,0.0001764
POA/BTC,1583022435587,2020-03-01T00:27:15.587Z,buy,1.69e-06,10458.0,0.01767402
POA/BTC,1583022436407,2020-03-01T00:27:16.407Z,buy,1.7e-06,500.0,0.00085
POA/BTC,1583022436602,2020-03-01T00:27:16.602Z,sell,1.69e-06,68.0,0.0001149199999999
POA/BTC,1583022504470,2020-03-01T00:28:24.470Z,sell,1.69e-06,557.0,0.00094133
POA/BTC,1583022528823,2020-03-01T00:28:48.823Z,sell,1.68e-06,65.0,0.0001092
POA/BTC,1583022609430,2020-03-01T00:30:09.430Z,sell,1.69e-06,500.0,0.0008449999999999
POA/BTC,1583022609430,2020-03-01T00:30:09.430Z,sell,1.69e-06,500.0,0.0008449999999999
POA/BTC,1583022631788,2020-03-01T00:30:31.788Z,buy,1.69e-06,240.0,0.0004056
POA/BTC,1583022681352,2020-03-01T00:31:21.352Z,sell,1.68e-06,64.0,0.00010752
POA/BTC,1583022725650,2020-03-01T00:32:05.650Z,sell,1.68e-06,1050.0,0.001764
POA/BTC,1583022725704,2020-03-01T00:32:05.704Z,sell,1.68e-06,378.0,0.00063504
POA/BTC,1583022725704,2020-03-01T00:32:05.704Z,sell,1.67e-06,284.0,0.00047428
POA/BTC,1583022758403,2020-03-01T00:32:38.403Z,buy,1.69e-06,1557.0,0.00263133
POA/BTC,1583022766393,2020-03-01T00:32:46.393Z,sell,1.69e-06,3340.0,0.0056446
POA/BTC,1583022788708,2020-03-01T00:33:08.708Z,buy,1.7e-06,18632.0,0.0316744
POA/BTC,1583022788748,2020-03-01T00:33:08.748Z,sell,1.7e-06,5092.0,0.0086564
POA/BTC,1583022788750,2020-03-01T00:33:08.750Z,sell,1.7e-06,35658.0,0.0606186
POA/BTC,1583022791005,2020-03-01T00:33:11.005Z,buy,1.7e-06,60.0,0.000102
POA/BTC,1583022829444,2020-03-01T00:33:49.444Z,buy,1.71e-06,17239.0,0.02947869
POA/BTC,1583022829444,2020-03-01T00:33:49.444Z,sell,1.71e-06,1112.0,0.0019015199999999
POA/BTC,1583022832310,2020-03-01T00:33:52.310Z,buy,1.72e-06,117.0,0.00020124
POA/BTC,1583022832313,2020-03-01T00:33:52.313Z,buy,1.72e-06,59.0,0.00010148
POA/BTC,1583022844941,2020-03-01T00:34:04.941Z,sell,1.7e-06,87.0,0.0001479
POA/BTC,1583022853104,2020-03-01T00:34:13.104Z,sell,1.7e-06,900.0,0.00153
POA/BTC,1583022853105,2020-03-01T00:34:13.105Z,sell,1.7e-06,905.0,0.0015385
POA/BTC,1583022853150,2020-03-01T00:34:13.150Z,sell,1.7e-06,5404.0,0.0091868
POA/BTC,1583022853152,2020-03-01T00:34:13.152Z,sell,1.7e-06,2714.0,0.0046138
POA/BTC,1583022853187,2020-03-01T00:34:13.187Z,sell,1.7e-06,270.0,0.000459
POA/BTC,1583022853207,2020-03-01T00:34:13.207Z,sell,1.7e-06,1799.0,0.0030583
POA/BTC,1583022853209,2020-03-01T00:34:13.209Z,sell,1.7e-06,6819.0,0.0115923
POA/BTC,1583022853220,2020-03-01T00:34:13.220Z,sell,1.7e-06,1797.0,0.0030549
POA/BTC,1583022853233,2020-03-01T00:34:13.233Z,sell,1.7e-06,905.0,0.0015385
POA/BTC,1583022853708,2020-03-01T00:34:13.708Z,sell,1.7e-06,3597.0,0.0061149
POA/BTC,1583022871109,2020-03-01T00:34:31.109Z,buy,1.71e-06,757.0,0.00129447
POA/BTC,1583022909805,2020-03-01T00:35:09.805Z,buy,1.72e-06,43221.0,0.07434012
POA/BTC,1583022909816,2020-03-01T00:35:09.816Z,sell,1.72e-06,24136.0,0.04151392
POA/BTC,1583022909824,2020-03-01T00:35:09.824Z,sell,1.72e-06,30444.0,0.05236368
POA/BTC,1583022909832,2020-03-01T00:35:09.832Z,sell,1.72e-06,836.0,0.00143792
POA/BTC,1583022909915,2020-03-01T00:35:09.915Z,buy,1.73e-06,1404.0,0.0024289199999999
POA/BTC,1583022918105,2020-03-01T00:35:18.105Z,sell,1.72e-06,116.0,0.00019952
POA/BTC,1583022918283,2020-03-01T00:35:18.283Z,sell,1.72e-06,116.0,0.00019952
POA/BTC,1583022918303,2020-03-01T00:35:18.303Z,buy,1.73e-06,6060.0,0.0104838
POA/BTC,1583022922626,2020-03-01T00:35:22.626Z,buy,1.73e-06,2786.0,0.00481978
POA/BTC,1583022926487,2020-03-01T00:35:26.487Z,buy,1.74e-06,59.0,0.00010266
POA/BTC,1583022953137,2020-03-01T00:35:53.137Z,buy,1.74e-06,60487.0,0.10524738
POA/BTC,1583022955654,2020-03-01T00:35:55.654Z,buy,1.75e-06,115.0,0.0002012499999999
POA/BTC,1583022958602,2020-03-01T00:35:58.602Z,sell,1.74e-06,1336.0,0.00232464
POA/BTC,1583022968196,2020-03-01T00:36:08.196Z,sell,1.74e-06,60.0,0.0001044
POA/BTC,1583022970284,2020-03-01T00:36:10.284Z,buy,1.75e-06,58.0,0.0001015
POA/BTC,1583022970598,2020-03-01T00:36:10.598Z,buy,1.75e-06,30830.0,0.0539525
POA/BTC,1583022971914,2020-03-01T00:36:11.914Z,sell,1.75e-06,287.0,0.00050225
POA/BTC,1583022972088,2020-03-01T00:36:12.088Z,sell,1.75e-06,5394.0,0.0094395
POA/BTC,1583022972093,2020-03-01T00:36:12.093Z,sell,1.75e-06,39546.0,0.0692055
POA/BTC,1583022972093,2020-03-01T00:36:12.093Z,sell,1.74e-06,5393.0,0.00938382
POA/BTC,1583022972099,2020-03-01T00:36:12.099Z,sell,1.74e-06,1189.0,0.00206886
POA/BTC,1583022972255,2020-03-01T00:36:12.255Z,sell,1.74e-06,905.0,0.0015747
POA/BTC,1583022972554,2020-03-01T00:36:12.554Z,sell,1.74e-06,2084.0,0.00362616
POA/BTC,1583022972559,2020-03-01T00:36:12.559Z,sell,1.74e-06,603.0,0.00104922
POA/BTC,1583022972559,2020-03-01T00:36:12.559Z,sell,1.74e-06,585.0,0.0010179
POA/BTC,1583022972954,2020-03-01T00:36:12.954Z,buy,1.76e-06,59.0,0.00010384
POA/BTC,1583022973181,2020-03-01T00:36:13.181Z,buy,1.76e-06,114.0,0.00020064
POA/BTC,1583022973745,2020-03-01T00:36:13.745Z,sell,1.74e-06,581.0,0.00101094
POA/BTC,1583022973746,2020-03-01T00:36:13.746Z,sell,1.74e-06,581.0,0.00101094
POA/BTC,1583022973761,2020-03-01T00:36:13.761Z,sell,1.74e-06,23440.0,0.0407856
POA/BTC,1583022973761,2020-03-01T00:36:13.761Z,sell,1.74e-06,116.0,0.00020184
POA/BTC,1583022973980,2020-03-01T00:36:13.980Z,buy,1.76e-06,58.0,0.00010208
POA/BTC,1583022974203,2020-03-01T00:36:14.203Z,sell,1.74e-06,581.0,0.00101094
POA/BTC,1583022974398,2020-03-01T00:36:14.398Z,buy,1.76e-06,114.0,0.00020064
POA/BTC,1583022974425,2020-03-01T00:36:14.425Z,buy,1.76e-06,114.0,0.00020064
POA/BTC,1583022974874,2020-03-01T00:36:14.874Z,buy,1.76e-06,114.0,0.00020064
POA/BTC,1583022975757,2020-03-01T00:36:15.757Z,sell,1.75e-06,291.0,0.00050925
POA/BTC,1583022982588,2020-03-01T00:36:22.588Z,sell,1.75e-06,95.0,0.00016625
POA/BTC,1583022997863,2020-03-01T00:36:37.863Z,sell,1.75e-06,171.0,0.00029925
POA/BTC,1583022997863,2020-03-01T00:36:37.863Z,sell,1.74e-06,1003.0,0.00174522
POA/BTC,1583023008135,2020-03-01T00:36:48.135Z,sell,1.74e-06,87.0,0.00015138
POA/BTC,1583023024361,2020-03-01T00:37:04.361Z,buy,1.76e-06,495.0,0.0008712
POA/BTC,1583023028778,2020-03-01T00:37:08.778Z,buy,1.76e-06,158.0,0.00027808
POA/BTC,1583023031449,2020-03-01T00:37:11.449Z,buy,1.76e-06,569.0,0.00100144
POA/BTC,1583023031526,2020-03-01T00:37:11.526Z,buy,1.76e-06,114.0,0.00020064
POA/BTC,1583023032434,2020-03-01T00:37:12.434Z,sell,1.75e-06,36677.0,0.06418475
POA/BTC,1583023032591,2020-03-01T00:37:12.591Z,buy,1.76e-06,29621.0,0.05213296
POA/BTC,1583023032682,2020-03-01T00:37:12.682Z,sell,1.76e-06,1160.0,0.0020416
POA/BTC,1583023034910,2020-03-01T00:37:14.910Z,sell,1.76e-06,200.0,0.000352
POA/BTC,1583023041549,2020-03-01T00:37:21.549Z,sell,1.76e-06,2784.0,0.00489984
POA/BTC,1583023068904,2020-03-01T00:37:48.904Z,sell,1.76e-06,88.0,0.00015488
POA/BTC,1583023128214,2020-03-01T00:38:48.214Z,sell,1.76e-06,653.0,0.00114928
POA/BTC,1583023148336,2020-03-01T00:39:08.336Z,sell,1.76e-06,59.0,0.00010384
POA/BTC,1583023188119,2020-03-01T00:39:48.119Z,buy,1.77e-06,15000.0,0.02655
POA/BTC,1583023283597,2020-03-01T00:41:23.597Z,buy,1.77e-06,34998.0,0.06194646
POA/BTC,1583023292879,2020-03-01T00:41:32.879Z,buy,1.77e-06,8715.0,0.01542555
POA/BTC,1583023292899,2020-03-01T00:41:32.899Z,sell,1.77e-06,173.0,0.00030621
POA/BTC,1583023293243,2020-03-01T00:41:33.243Z,buy,1.77e-06,669.0,0.00118413
POA/BTC,1583023293243,2020-03-01T00:41:33.243Z,buy,1.78e-06,12190.0,0.0216981999999999
POA/BTC,1583023294149,2020-03-01T00:41:34.149Z,sell,1.77e-06,717.0,0.00126909
POA/BTC,1583023294151,2020-03-01T00:41:34.151Z,sell,1.77e-06,176.0,0.00031152
POA/BTC,1583023295234,2020-03-01T00:41:35.234Z,buy,1.77e-06,57.0,0.00010089
POA/BTC,1583023305597,2020-03-01T00:41:45.597Z,sell,1.76e-06,1498.0,0.00263648
POA/BTC,1583023305825,2020-03-01T00:41:45.825Z,buy,1.77e-06,92.0,0.00016284
POA/BTC,1583023305825,2020-03-01T00:41:45.825Z,buy,1.78e-06,19.0,3.382e-05
POA/BTC,1583023322921,2020-03-01T00:42:02.921Z,buy,1.78e-06,6359.0,0.0113190199999999
POA/BTC,1583023361754,2020-03-01T00:42:41.754Z,sell,1.77e-06,1000.0,0.00177
POA/BTC,1583023379291,2020-03-01T00:42:59.291Z,buy,1.77e-06,896.0,0.00158592
POA/BTC,1583023426256,2020-03-01T00:43:46.256Z,buy,1.78e-06,158.0,0.00028124
POA/BTC,1583023528111,2020-03-01T00:45:28.111Z,buy,1.78e-06,1147.0,0.00204166
POA/BTC,1583023553859,2020-03-01T00:45:53.859Z,buy,1.78e-06,498.0,0.00088644
POA/BTC,1583023559379,2020-03-01T00:45:59.379Z,sell,1.77e-06,4.0,7.08e-06
POA/BTC,1583023559379,2020-03-01T00:45:59.379Z,sell,1.76e-06,14187.0,0.02496912
POA/BTC,1583023559379,2020-03-01T00:45:59.379Z,sell,1.75e-06,125369.0,0.21939575
POA/BTC,1583023559401,2020-03-01T00:45:59.401Z,buy,1.75e-06,2935.0,0.00513625
POA/BTC,1583023559404,2020-03-01T00:45:59.404Z,buy,1.75e-06,2073.0,0.00362775
POA/BTC,1583023559414,2020-03-01T00:45:59.414Z,sell,1.74e-06,3299.0,0.00574026
POA/BTC,1583023559430,2020-03-01T00:45:59.430Z,buy,1.75e-06,4887.0,0.0085522499999999
POA/BTC,1583023561279,2020-03-01T00:46:01.279Z,sell,1.73e-06,7234.0,0.01251482
POA/BTC,1583023567280,2020-03-01T00:46:07.280Z,sell,1.73e-06,952.0,0.00164696
POA/BTC,1583023573471,2020-03-01T00:46:13.471Z,buy,1.74e-06,893.0,0.00155382
POA/BTC,1583023573471,2020-03-01T00:46:13.471Z,buy,1.75e-06,1883.0,0.00329525
POA/BTC,1583023573471,2020-03-01T00:46:13.471Z,buy,1.76e-06,2538.0,0.00446688
POA/BTC,1583023584005,2020-03-01T00:46:24.005Z,buy,1.77e-06,145.0,0.00025665
POA/BTC,1583023584980,2020-03-01T00:46:24.980Z,sell,1.75e-06,1093.0,0.00191275
POA/BTC,1583023584980,2020-03-01T00:46:24.980Z,sell,1.74e-06,1093.0,0.00190182
POA/BTC,1583023584980,2020-03-01T00:46:24.980Z,sell,1.73e-06,3842.0,0.0066466599999999
POA/BTC,1583023585058,2020-03-01T00:46:25.058Z,buy,1.73e-06,163.0,0.00028199
POA/BTC,1583023585268,2020-03-01T00:46:25.268Z,buy,1.73e-06,8794.0,0.0152136199999999
POA/BTC,1583023589473,2020-03-01T00:46:29.473Z,buy,1.74e-06,893.0,0.00155382
POA/BTC,1583023589473,2020-03-01T00:46:29.473Z,buy,1.75e-06,405.0,0.00070875
POA/BTC,1583023592064,2020-03-01T00:46:32.064Z,buy,1.74e-06,200.0,0.000348
POA/BTC,1583023592717,2020-03-01T00:46:32.717Z,buy,1.74e-06,1725.0,0.0030015
POA/BTC,1583023592717,2020-03-01T00:46:32.717Z,buy,1.75e-06,688.0,0.001204
POA/BTC,1583023592717,2020-03-01T00:46:32.717Z,buy,1.76e-06,1093.0,0.00192368
POA/BTC,1583023592717,2020-03-01T00:46:32.717Z,buy,1.77e-06,12089.0,0.02139753
POA/BTC,1583023594368,2020-03-01T00:46:34.368Z,sell,1.75e-06,717.0,0.00125475
POA/BTC,1583023594384,2020-03-01T00:46:34.384Z,buy,1.76e-06,200.0,0.000352
POA/BTC,1583023594507,2020-03-01T00:46:34.507Z,sell,1.76e-06,163.0,0.00028688
POA/BTC,1583023594598,2020-03-01T00:46:34.598Z,sell,1.76e-06,354.0,0.00062304
POA/BTC,1583023596285,2020-03-01T00:46:36.285Z,buy,1.76e-06,176.0,0.00030976
POA/BTC,1583023597563,2020-03-01T00:46:37.563Z,buy,1.76e-06,541.0,0.00095216
POA/BTC,1583023597563,2020-03-01T00:46:37.563Z,buy,1.77e-06,5267.0,0.00932259
POA/BTC,1583023598718,2020-03-01T00:46:38.718Z,sell,1.76e-06,381.0,0.00067056
POA/BTC,1583023600908,2020-03-01T00:46:40.908Z,buy,1.77e-06,336.0,0.00059472
POA/BTC,1583023601765,2020-03-01T00:46:41.765Z,sell,1.76e-06,336.0,0.00059136
POA/BTC,1583023603389,2020-03-01T00:46:43.389Z,sell,1.76e-06,176.0,0.00030976
POA/BTC,1583023610345,2020-03-01T00:46:50.345Z,buy,1.77e-06,8997.0,0.01592469
POA/BTC,1583023611698,2020-03-01T00:46:51.698Z,sell,1.76e-06,893.0,0.00157168
POA/BTC,1583023613012,2020-03-01T00:46:53.012Z,sell,1.75e-06,1207.0,0.00211225
POA/BTC,1583023613188,2020-03-01T00:46:53.188Z,buy,1.75e-06,3179.0,0.00556325
POA/BTC,1583023619208,2020-03-01T00:46:59.208Z,buy,1.75e-06,1000.0,0.00175
POA/BTC,1583023619208,2020-03-01T00:46:59.208Z,buy,1.76e-06,2093.0,0.00368368
POA/BTC,1583023619208,2020-03-01T00:46:59.208Z,buy,1.77e-06,1839.0,0.00325503
POA/BTC,1583023619281,2020-03-01T00:46:59.281Z,sell,1.77e-06,2179.0,0.00385683
POA/BTC,1583023620199,2020-03-01T00:47:00.199Z,sell,1.76e-06,381.0,0.00067056
POA/BTC,1583023620199,2020-03-01T00:47:00.199Z,sell,1.75e-06,619.0,0.00108325
POA/BTC,1583023620748,2020-03-01T00:47:00.748Z,sell,1.76e-06,336.0,0.00059136
POA/BTC,1583023620748,2020-03-01T00:47:00.748Z,sell,1.75e-06,91727.0,0.16052225
POA/BTC,1583023620780,2020-03-01T00:47:00.780Z,sell,1.74e-06,1393.0,0.00242382
POA/BTC,1583023621329,2020-03-01T00:47:01.329Z,buy,1.75e-06,5154.0,0.0090195
POA/BTC,1583023622649,2020-03-01T00:47:02.649Z,buy,1.75e-06,176.0,0.000308
POA/BTC,1583023627579,2020-03-01T00:47:07.579Z,buy,1.75e-06,4096.0,0.007168
POA/BTC,1583023627579,2020-03-01T00:47:07.579Z,buy,1.76e-06,1393.0,0.00245168
POA/BTC,1583023627579,2020-03-01T00:47:07.579Z,buy,1.77e-06,593.0,0.00104961
POA/BTC,1583023627756,2020-03-01T00:47:07.756Z,sell,1.75e-06,2418.0,0.0042315
POA/BTC,1583023629842,2020-03-01T00:47:09.842Z,buy,1.76e-06,336.0,0.00059136
POA/BTC,1583023632436,2020-03-01T00:47:12.436Z,sell,1.75e-06,1093.0,0.00191275
POA/BTC,1583023632436,2020-03-01T00:47:12.436Z,sell,1.74e-06,4997.0,0.00869478
POA/BTC,1583023643314,2020-03-01T00:47:23.314Z,sell,1.74e-06,114.0,0.00019836
POA/BTC,1583023689887,2020-03-01T00:48:09.887Z,buy,1.75e-06,158.0,0.0002765
POA/BTC,1583023695402,2020-03-01T00:48:15.402Z,buy,1.75e-06,1309.0,0.00229075
POA/BTC,1583023702850,2020-03-01T00:48:22.850Z,buy,1.75e-06,1000.0,0.00175
POA/BTC,1583023705002,2020-03-01T00:48:25.002Z,buy,1.75e-06,1000.0,0.00175
POA/BTC,1583023721505,2020-03-01T00:48:41.505Z,sell,1.74e-06,3627.0,0.00631098
POA/BTC,1583023731010,2020-03-01T00:48:51.010Z,sell,1.74e-06,7099.0,0.01235226
POA/BTC,1583023763829,2020-03-01T00:49:23.829Z,sell,1.73e-06,3893.0,0.0067348899999999
POA/BTC,1583023763829,2020-03-01T00:49:23.829Z,sell,1.72e-06,18089.0,0.03111308
POA/BTC,1583023763829,2020-03-01T00:49:23.829Z,sell,1.71e-06,12987.0,0.0222077699999999
POA/BTC,1583023794675,2020-03-01T00:49:54.675Z,buy,1.72e-06,1188.0,0.00204336
POA/BTC,1583023794704,2020-03-01T00:49:54.704Z,buy,1.73e-06,16.0,2.768e-05
POA/BTC,1583023873731,2020-03-01T00:51:13.731Z,sell,1.72e-06,602.0,0.00103544
POA/BTC,1583023874393,2020-03-01T00:51:14.393Z,sell,1.72e-06,1156.0,0.00198832
POA/BTC,1583023874457,2020-03-01T00:51:14.457Z,sell,1.72e-06,585.0,0.0010062
POA/BTC,1583023877942,2020-03-01T00:51:17.942Z,sell,1.72e-06,1156.0,0.00198832
POA/BTC,1583023879497,2020-03-01T00:51:19.497Z,sell,1.72e-06,1156.0,0.00198832
POA/BTC,1583023880049,2020-03-01T00:51:20.049Z,sell,1.72e-06,1757.0,0.00302204
POA/BTC,1583023880067,2020-03-01T00:51:20.067Z,sell,1.72e-06,1322.0,0.00227384
POA/BTC,1583023882390,2020-03-01T00:51:22.390Z,sell,1.72e-06,684.0,0.00117648
POA/BTC,1583023932903,2020-03-01T00:52:12.903Z,sell,1.71e-06,5154.0,0.00881334
POA/BTC,1583024025019,2020-03-01T00:53:45.019Z,buy,1.73e-06,6609.0,0.01143357
POA/BTC,1583024031556,2020-03-01T00:53:51.556Z,buy,1.73e-06,3229.0,0.00558617
POA/BTC,1583024055694,2020-03-01T00:54:15.694Z,buy,1.73e-06,774.0,0.00133902
POA/BTC,1583024055694,2020-03-01T00:54:15.694Z,buy,1.74e-06,26.0,4.524e-05
POA/BTC,1583024151162,2020-03-01T00:55:51.162Z,sell,1.72e-06,1557.0,0.00267804
POA/BTC,1583024386558,2020-03-01T00:59:46.558Z,buy,1.72e-06,20609.0,0.03544748
POA/BTC,1583024474160,2020-03-01T01:01:14.160Z,sell,1.71e-06,8916.0,0.0152463599999999
POA/BTC,1583024474160,2020-03-01T01:01:14.160Z,sell,1.7e-06,16232.0,0.0275944
POA/BTC,1583024474160,2020-03-01T01:01:14.160Z,sell,1.69e-06,50994.0,0.08617986
POA/BTC,1583024474905,2020-03-01T01:01:14.905Z,buy,1.7e-06,117.0,0.0001989
POA/BTC,1583024534008,2020-03-01T01:02:14.008Z,sell,1.69e-06,3262.0,0.00551278
POA/BTC,1583024908722,2020-03-01T01:08:28.722Z,buy,1.7e-06,2359.0,0.0040103
POA/BTC,1583025022550,2020-03-01T01:10:22.550Z,sell,1.7e-06,499.0,0.0008483
POA/BTC,1583025563486,2020-03-01T01:19:23.486Z,sell,1.7e-06,3059.0,0.0052003
POA/BTC,1583025563486,2020-03-01T01:19:23.486Z,sell,1.69e-06,11454.0,0.0193572599999999
POA/BTC,1583025595993,2020-03-01T01:19:55.993Z,sell,1.69e-06,14514.0,0.0245286599999999
POA/BTC,1583025773042,2020-03-01T01:22:53.042Z,sell,1.69e-06,80.0,0.0001351999999999
POA/BTC,1583025799191,2020-03-01T01:23:19.191Z,buy,1.7e-06,19.0,3.23e-05
POA/BTC,1583025799192,2020-03-01T01:23:19.192Z,sell,1.69e-06,95.0,0.00016055
POA/BTC,1583025910503,2020-03-01T01:25:10.503Z,buy,1.7e-06,1538.0,0.0026146
POA/BTC,1583025910503,2020-03-01T01:25:10.503Z,buy,1.71e-06,2.0,3.42e-06
POA/BTC,1583025915662,2020-03-01T01:25:15.662Z,buy,1.7e-06,5882.0,0.0099994
POA/BTC,1583026045626,2020-03-01T01:27:25.626Z,buy,1.7e-06,60.0,0.000102
POA/BTC,1583026045626,2020-03-01T01:27:25.626Z,buy,1.7e-06,60.0,0.000102
POA/BTC,1583026433095,2020-03-01T01:33:53.095Z,sell,1.7e-06,105.0,0.0001785
POA/BTC,1583026440139,2020-03-01T01:34:00.139Z,buy,1.71e-06,599.0,0.00102429
POA/BTC,1583026445637,2020-03-01T01:34:05.637Z,buy,1.71e-06,17.0,2.907e-05
POA/BTC,1583026695414,2020-03-01T01:38:15.414Z,sell,1.7e-06,137.0,0.0002329
POA/BTC,1583027027635,2020-03-01T01:43:47.635Z,buy,1.71e-06,6664.0,0.01139544
POA/BTC,1583027068996,2020-03-01T01:44:28.996Z,buy,1.71e-06,60.0,0.0001026
POA/BTC,1583027081792,2020-03-01T01:44:41.792Z,buy,1.72e-06,60.0,0.0001032
POA/BTC,1583027139421,2020-03-01T01:45:39.421Z,buy,1.71e-06,59.0,0.0001008899999999
POA/BTC,1583027290116,2020-03-01T01:48:10.116Z,buy,1.72e-06,59.0,0.00010148
POA/BTC,1583027546713,2020-03-01T01:52:26.713Z,buy,1.72e-06,1384.0,0.00238048
POA/BTC,1583027546732,2020-03-01T01:52:26.732Z,buy,1.72e-06,779.0,0.00133988
POA/BTC,1583027568234,2020-03-01T01:52:48.234Z,buy,1.72e-06,59.0,0.00010148
POA/BTC,1583027568234,2020-03-01T01:52:48.234Z,buy,1.73e-06,1.0,1.73e-06
POA/BTC,1583027736321,2020-03-01T01:55:36.321Z,buy,1.73e-06,59.0,0.00010207
POA/BTC,1583027752156,2020-03-01T01:55:52.156Z,buy,1.73e-06,5837.0,0.01009801
POA/BTC,1583027804088,2020-03-01T01:56:44.088Z,sell,1.73e-06,8971.0,0.01551983
POA/BTC,1583028016661,2020-03-01T02:00:16.661Z,buy,1.73e-06,60.0,0.0001038
POA/BTC,1583028028839,2020-03-01T02:00:28.839Z,buy,1.73e-06,60.0,0.0001038
POA/BTC,1583028048728,2020-03-01T02:00:48.728Z,buy,1.73e-06,26420.0,0.0457066
POA/BTC,1583028057733,2020-03-01T02:00:57.733Z,buy,1.74e-06,59.0,0.00010266
POA/BTC,1583028146859,2020-03-01T02:02:26.859Z,sell,1.73e-06,294.0,0.00050862
POA/BTC,1583028348989,2020-03-01T02:05:48.989Z,buy,1.74e-06,59.0,0.00010266
POA/BTC,1583028446835,2020-03-01T02:07:26.835Z,buy,1.74e-06,77.0,0.00013398
POA/BTC,1583028865987,2020-03-01T02:14:25.987Z,buy,1.74e-06,125.0,0.0002175
POA/BTC,1583029047720,2020-03-01T02:17:27.720Z,buy,1.74e-06,385.0,0.0006699
POA/BTC,1583029093663,2020-03-01T02:18:13.663Z,sell,1.73e-06,41781.0,0.07228113
POA/BTC,1583029093663,2020-03-01T02:18:13.663Z,sell,1.72e-06,11348.0,0.01951856
POA/BTC,1583029124957,2020-03-01T02:18:44.957Z,buy,1.73e-06,600.0,0.001038
POA/BTC,1583029132148,2020-03-01T02:18:52.148Z,buy,1.73e-06,1490.0,0.0025777
POA/BTC,1583029183837,2020-03-01T02:19:43.837Z,buy,1.74e-06,59.0,0.00010266
POA/BTC,1583029512988,2020-03-01T02:25:12.988Z,sell,1.73e-06,504.0,0.00087192
POA/BTC,1583029512988,2020-03-01T02:25:12.988Z,sell,1.72e-06,32577.0,0.05603244
POA/BTC,1583029518280,2020-03-01T02:25:18.280Z,sell,1.71e-06,104286.0,0.1783290599999999
POA/BTC,1583029558566,2020-03-01T02:25:58.566Z,buy,1.72e-06,59.0,0.00010148
POA/BTC,1583029604475,2020-03-01T02:26:44.475Z,sell,1.7e-06,38221.0,0.0649757
POA/BTC,1583029604493,2020-03-01T02:26:44.493Z,buy,1.7e-06,704.0,0.0011968
POA/BTC,1583029634820,2020-03-01T02:27:14.820Z,sell,1.7e-06,59.0,0.0001003
POA/BTC,1583029642776,2020-03-01T02:27:22.776Z,sell,1.7e-06,13979.0,0.0237643
POA/BTC,1583029642865,2020-03-01T02:27:22.865Z,buy,1.7e-06,761.0,0.0012937
POA/BTC,1583029644651,2020-03-01T02:27:24.651Z,buy,1.7e-06,31260.0,0.053142
POA/BTC,1583029644651,2020-03-01T02:27:24.651Z,buy,1.7e-06,31260.0,0.053142
POA/BTC,1583029645702,2020-03-01T02:27:25.702Z,buy,1.71e-06,4413.0,0.00754623
POA/BTC,1583029661400,2020-03-01T02:27:41.400Z,buy,1.71e-06,1000.0,0.00171
POA/BTC,1583029787599,2020-03-01T02:29:47.599Z,sell,1.71e-06,59.0,0.0001008899999999
POA/BTC,1583029816183,2020-03-01T02:30:16.183Z,buy,1.71e-06,11.0,1.881e-05
POA/BTC,1583029848386,2020-03-01T02:30:48.386Z,sell,1.71e-06,48.0,8.208e-05
POA/BTC,1583029868290,2020-03-01T02:31:08.290Z,buy,1.71e-06,59.0,0.0001008899999999
POA/BTC,1583029907366,2020-03-01T02:31:47.366Z,buy,1.71e-06,498.0,0.00085158
POA/BTC,1583030061924,2020-03-01T02:34:21.924Z,buy,1.72e-06,1531.0,0.00263332
POA/BTC,1583030068509,2020-03-01T02:34:28.509Z,buy,1.72e-06,245.0,0.0004214
POA/BTC,1583030250035,2020-03-01T02:37:30.035Z,sell,1.71e-06,103.0,0.0001761299999999
POA/BTC,1583030268040,2020-03-01T02:37:48.040Z,buy,1.72e-06,3021.0,0.00519612
POA/BTC,1583030268040,2020-03-01T02:37:48.040Z,buy,1.73e-06,5656.0,0.00978488
POA/BTC,1583030276786,2020-03-01T02:37:56.786Z,buy,1.74e-06,59.0,0.00010266
POA/BTC,1583030276806,2020-03-01T02:37:56.806Z,sell,1.73e-06,123.0,0.00021279
POA/BTC,1583030289114,2020-03-01T02:38:09.114Z,buy,1.74e-06,59.0,0.00010266
POA/BTC,1583030292704,2020-03-01T02:38:12.704Z,sell,1.72e-06,294.0,0.00050568
POA/BTC,1583030320886,2020-03-01T02:38:40.886Z,sell,1.72e-06,1263.0,0.00217236
POA/BTC,1583030362215,2020-03-01T02:39:22.215Z,buy,1.73e-06,59.0,0.00010207
POA/BTC,1583030381643,2020-03-01T02:39:41.643Z,sell,1.71e-06,6349.0,0.01085679
POA/BTC,1583030381643,2020-03-01T02:39:41.643Z,sell,1.7e-06,19562.0,0.0332554
POA/BTC,1583030397680,2020-03-01T02:39:57.680Z,sell,1.7e-06,42300.0,0.07191
POA/BTC,1583030511177,2020-03-01T02:41:51.177Z,sell,1.7e-06,32616.0,0.0554472
POA/BTC,1583030532697,2020-03-01T02:42:12.697Z,sell,1.7e-06,9611.0,0.0163387
POA/BTC,1583030587786,2020-03-01T02:43:07.786Z,buy,1.71e-06,4693.0,0.0080250299999999
POA/BTC,1583030615028,2020-03-01T02:43:35.028Z,sell,1.71e-06,1155.0,0.00197505
POA/BTC,1583030887482,2020-03-01T02:48:07.482Z,buy,1.71e-06,60.0,0.0001026
POA/BTC,1583030892465,2020-03-01T02:48:12.465Z,buy,1.71e-06,504.0,0.00086184
POA/BTC,1583030950641,2020-03-01T02:49:10.641Z,buy,1.72e-06,582.0,0.00100104
POA/BTC,1583030951668,2020-03-01T02:49:11.668Z,buy,1.71e-06,381.0,0.00065151
POA/BTC,1583031044727,2020-03-01T02:50:44.727Z,buy,1.71e-06,1026.0,0.00175446
POA/BTC,1583032510721,2020-03-01T03:15:10.721Z,buy,1.71e-06,21.0,3.591e-05
POA/BTC,1583032510825,2020-03-01T03:15:10.825Z,sell,1.7e-06,82.0,0.0001394
POA/BTC,1583032510825,2020-03-01T03:15:10.825Z,sell,1.7e-06,82.0,0.0001394
POA/BTC,1583034423187,2020-03-01T03:47:03.187Z,sell,1.7e-06,16607.0,0.0282319
POA/BTC,1583034424795,2020-03-01T03:47:04.795Z,sell,1.69e-06,6192.0,0.01046448
POA/BTC,1583034466853,2020-03-01T03:47:46.853Z,buy,1.7e-06,11728.0,0.0199376
POA/BTC,1583034903262,2020-03-01T03:55:03.262Z,sell,1.69e-06,79.0,0.00013351
POA/BTC,1583035036786,2020-03-01T03:57:16.786Z,sell,1.69e-06,1026.0,0.00173394
POA/BTC,1583035077647,2020-03-01T03:57:57.647Z,sell,1.69e-06,494.0,0.00083486
POA/BTC,1583035193734,2020-03-01T03:59:53.734Z,buy,1.7e-06,7619.0,0.0129523
POA/BTC,1583035243984,2020-03-01T04:00:43.984Z,sell,1.7e-06,4358.0,0.0074086
POA/BTC,1583035421619,2020-03-01T04:03:41.619Z,buy,1.7e-06,3446.0,0.0058582
POA/BTC,1583035761680,2020-03-01T04:09:21.680Z,buy,1.7e-06,295.0,0.0005015
POA/BTC,1583035761680,2020-03-01T04:09:21.680Z,buy,1.7e-06,295.0,0.0005015
POA/BTC,1583036816635,2020-03-01T04:26:56.635Z,buy,1.7e-06,59.0,0.0001003
POA/BTC,1583037338069,2020-03-01T04:35:38.069Z,sell,1.7e-06,60.0,0.000102
POA/BTC,1583037341809,2020-03-01T04:35:41.809Z,buy,1.7e-06,59.0,0.0001003
POA/BTC,1583038883262,2020-03-01T05:01:23.262Z,buy,1.7e-06,59.0,0.0001003
POA/BTC,1583038883262,2020-03-01T05:01:23.262Z,buy,1.7e-06,59.0,0.0001003
POA/BTC,1583039944550,2020-03-01T05:19:04.550Z,buy,1.7e-06,59.0,0.0001003
POA/BTC,1583041115185,2020-03-01T05:38:35.185Z,sell,1.7e-06,969.0,0.0016473
POA/BTC,1583041115231,2020-03-01T05:38:35.231Z,sell,1.69e-06,969.0,0.0016376099999999
POA/BTC,1583041306967,2020-03-01T05:41:46.967Z,buy,1.7e-06,64.0,0.0001088
POA/BTC,1583042179861,2020-03-01T05:56:19.861Z,buy,1.71e-06,64.0,0.00010944
POA/BTC,1583042224565,2020-03-01T05:57:04.565Z,buy,1.71e-06,60.0,0.0001026
POA/BTC,1583042224565,2020-03-01T05:57:04.565Z,buy,1.71e-06,60.0,0.0001026
POA/BTC,1583043127643,2020-03-01T06:12:07.643Z,sell,1.7e-06,8198.0,0.0139366
POA/BTC,1583043237068,2020-03-01T06:13:57.068Z,buy,1.7e-06,2911.0,0.0049487
POA/BTC,1583043240732,2020-03-01T06:14:00.732Z,sell,1.7e-06,146.0,0.0002482
POA/BTC,1583043286100,2020-03-01T06:14:46.100Z,sell,1.7e-06,65.0,0.0001105
POA/BTC,1583043306935,2020-03-01T06:15:06.935Z,buy,1.71e-06,64.0,0.00010944
POA/BTC,1583044149341,2020-03-01T06:29:09.341Z,buy,1.71e-06,37339.0,0.06384969
POA/BTC,1583044332263,2020-03-01T06:32:12.263Z,sell,1.7e-06,1126.0,0.0019142
POA/BTC,1583044352076,2020-03-01T06:32:32.076Z,sell,1.7e-06,24905.0,0.0423385
POA/BTC,1583044370007,2020-03-01T06:32:50.007Z,sell,1.7e-06,90000.0,0.153
POA/BTC,1583044371755,2020-03-01T06:32:51.755Z,sell,1.7e-06,3241.0,0.0055097
POA/BTC,1583044447167,2020-03-01T06:34:07.167Z,sell,1.7e-06,169.0,0.0002873
POA/BTC,1583044448332,2020-03-01T06:34:08.332Z,buy,1.7e-06,896.0,0.0015232
POA/BTC,1583045307460,2020-03-01T06:48:27.460Z,sell,1.69e-06,500.0,0.0008449999999999
POA/BTC,1583045409383,2020-03-01T06:50:09.383Z,sell,1.69e-06,19156.0,0.0323736399999999
POA/BTC,1583045409383,2020-03-01T06:50:09.383Z,sell,1.69e-06,19156.0,0.0323736399999999
POA/BTC,1583045966825,2020-03-01T06:59:26.825Z,buy,1.69e-06,274.0,0.00046306
POA/BTC,1583045967424,2020-03-01T06:59:27.424Z,buy,1.69e-06,277.0,0.00046813
POA/BTC,1583045968037,2020-03-01T06:59:28.037Z,buy,1.69e-06,280.0,0.0004731999999999
POA/BTC,1583045968663,2020-03-01T06:59:28.663Z,buy,1.69e-06,283.0,0.00047827
POA/BTC,1583045969266,2020-03-01T06:59:29.266Z,buy,1.69e-06,287.0,0.0004850299999999
POA/BTC,1583045969900,2020-03-01T06:59:29.900Z,buy,1.69e-06,290.0,0.0004900999999999
POA/BTC,1583045970517,2020-03-01T06:59:30.517Z,buy,1.69e-06,293.0,0.00049517
POA/BTC,1583046817656,2020-03-01T07:13:37.656Z,buy,1.69e-06,2091.0,0.0035337899999999
POA/BTC,1583046847452,2020-03-01T07:14:07.452Z,buy,1.7e-06,60.0,0.000102
POA/BTC,1583048023217,2020-03-01T07:33:43.217Z,sell,1.69e-06,65.0,0.00010985
POA/BTC,1583048029278,2020-03-01T07:33:49.278Z,buy,1.7e-06,65.0,0.0001105
POA/BTC,1583048964499,2020-03-01T07:49:24.499Z,buy,1.7e-06,4663.0,0.0079271
POA/BTC,1583048964499,2020-03-01T07:49:24.499Z,buy,1.7e-06,4663.0,0.0079271
POA/BTC,1583049255224,2020-03-01T07:54:15.224Z,buy,1.7e-06,696.0,0.0011832
POA/BTC,1583049280613,2020-03-01T07:54:40.613Z,sell,1.69e-06,109.0,0.00018421
POA/BTC,1583049451621,2020-03-01T07:57:31.621Z,sell,1.69e-06,80.0,0.0001351999999999
POA/BTC,1583049624415,2020-03-01T08:00:24.415Z,buy,1.7e-06,177.0,0.0003009
POA/BTC,1583049634196,2020-03-01T08:00:34.196Z,buy,1.7e-06,1000.0,0.0017
POA/BTC,1583050100335,2020-03-01T08:08:20.335Z,buy,1.7e-06,4890.0,0.008313
POA/BTC,1583050299473,2020-03-01T08:11:39.473Z,sell,1.69e-06,706.0,0.0011931399999999
POA/BTC,1583050308499,2020-03-01T08:11:48.499Z,buy,1.7e-06,61753.0,0.1049801
POA/BTC,1583050357477,2020-03-01T08:12:37.477Z,buy,1.7e-06,19194.0,0.0326298
POA/BTC,1583050472838,2020-03-01T08:14:32.838Z,buy,1.71e-06,60.0,0.0001026
POA/BTC,1583050553206,2020-03-01T08:15:53.206Z,buy,1.71e-06,23314.0,0.03986694
POA/BTC,1583050600690,2020-03-01T08:16:40.690Z,buy,1.71e-06,4610.0,0.0078831
POA/BTC,1583050606155,2020-03-01T08:16:46.155Z,buy,1.71e-06,795.0,0.00135945
POA/BTC,1583050628821,2020-03-01T08:17:08.821Z,buy,1.71e-06,3371.0,0.00576441
POA/BTC,1583050902589,2020-03-01T08:21:42.589Z,sell,1.7e-06,130.0,0.000221
POA/BTC,1583050916417,2020-03-01T08:21:56.417Z,buy,1.72e-06,65.0,0.0001118
POA/BTC,1583050919574,2020-03-01T08:21:59.574Z,buy,1.72e-06,2007.0,0.00345204
POA/BTC,1583050937833,2020-03-01T08:22:17.833Z,buy,1.73e-06,63.0,0.00010899
POA/BTC,1583050992030,2020-03-01T08:23:12.030Z,buy,1.73e-06,317.0,0.0005484099999999
POA/BTC,1583051147648,2020-03-01T08:25:47.648Z,buy,1.73e-06,59.0,0.00010207
POA/BTC,1583051167209,2020-03-01T08:26:07.209Z,buy,1.73e-06,6926.0,0.01198198
POA/BTC,1583051167229,2020-03-01T08:26:07.229Z,sell,1.73e-06,45140.0,0.0780922
POA/BTC,1583051177407,2020-03-01T08:26:17.407Z,buy,1.74e-06,2299.0,0.00400026
POA/BTC,1583051229246,2020-03-01T08:27:09.246Z,buy,1.74e-06,173.0,0.00030102
POA/BTC,1583051388333,2020-03-01T08:29:48.333Z,sell,1.73e-06,2131.0,0.0036866299999999
POA/BTC,1583051509058,2020-03-01T08:31:49.058Z,sell,1.72e-06,1470.0,0.0025284
POA/BTC,1583051509084,2020-03-01T08:31:49.084Z,sell,1.72e-06,119.0,0.00020468
POA/BTC,1583051509207,2020-03-01T08:31:49.207Z,sell,1.72e-06,543.0,0.00093396
POA/BTC,1583051509207,2020-03-01T08:31:49.207Z,sell,1.71e-06,3486.0,0.00596106
POA/BTC,1583051509207,2020-03-01T08:31:49.207Z,sell,1.7e-06,13426.0,0.0228242
POA/BTC,1583051509758,2020-03-01T08:31:49.758Z,sell,1.7e-06,190.0,0.000323
POA/BTC,1583051509994,2020-03-01T08:31:49.994Z,buy,1.71e-06,582.0,0.00099522
POA/BTC,1583051516138,2020-03-01T08:31:56.138Z,buy,1.71e-06,4422.0,0.00756162
POA/BTC,1583051552657,2020-03-01T08:32:32.657Z,sell,1.71e-06,60.0,0.0001026
POA/BTC,1583051556667,2020-03-01T08:32:36.667Z,buy,1.72e-06,59.0,0.00010148
POA/BTC,1583051568321,2020-03-01T08:32:48.321Z,sell,1.71e-06,34.0,5.814e-05
POA/BTC,1583051569025,2020-03-01T08:32:49.025Z,buy,1.71e-06,966.0,0.00165186
POA/BTC,1583051653190,2020-03-01T08:34:13.190Z,sell,1.7e-06,179.0,0.0003043
POA/BTC,1583051672267,2020-03-01T08:34:32.267Z,sell,1.7e-06,130.0,0.000221
POA/BTC,1583051680984,2020-03-01T08:34:40.984Z,buy,1.71e-06,65.0,0.0001111499999999
POA/BTC,1583051759203,2020-03-01T08:35:59.203Z,buy,1.71e-06,2283.0,0.00390393
POA/BTC,1583051779030,2020-03-01T08:36:19.030Z,buy,1.71e-06,64.0,0.00010944
POA/BTC,1583051824076,2020-03-01T08:37:04.076Z,buy,1.71e-06,503.0,0.00086013
POA/BTC,1583051833229,2020-03-01T08:37:13.229Z,sell,1.71e-06,130.0,0.0002222999999999
POA/BTC,1583051839068,2020-03-01T08:37:19.068Z,buy,1.72e-06,65.0,0.0001118
POA/BTC,1583052049169,2020-03-01T08:40:49.169Z,buy,1.71e-06,65.0,0.0001111499999999
POA/BTC,1583052463020,2020-03-01T08:47:43.020Z,sell,1.7e-06,117902.0,0.2004334
POA/BTC,1583052467062,2020-03-01T08:47:47.062Z,sell,1.69e-06,119975.0,0.20275775
POA/BTC,1583052543384,2020-03-01T08:49:03.384Z,sell,1.69e-06,130.0,0.0002197
POA/BTC,1583052550519,2020-03-01T08:49:10.519Z,buy,1.7e-06,64.0,0.0001088
POA/BTC,1583052550519,2020-03-01T08:49:10.519Z,buy,1.7e-06,64.0,0.0001088
POA/BTC,1583052865604,2020-03-01T08:54:25.604Z,buy,1.7e-06,3684.0,0.0062628
POA/BTC,1583053230027,2020-03-01T09:00:30.027Z,sell,1.7e-06,64.0,0.0001088
POA/BTC,1583053522847,2020-03-01T09:05:22.847Z,sell,1.7e-06,65.0,0.0001105
POA/BTC,1583053829963,2020-03-01T09:10:29.963Z,sell,1.7e-06,65.0,0.0001105
POA/BTC,1583053849058,2020-03-01T09:10:49.058Z,sell,1.7e-06,65.0,0.0001105
POA/BTC,1583053958925,2020-03-01T09:12:38.925Z,sell,1.69e-06,9999.0,0.01689831
POA/BTC,1583053996312,2020-03-01T09:13:16.312Z,sell,1.69e-06,60.0,0.0001014
POA/BTC,1583054092558,2020-03-01T09:14:52.558Z,buy,1.69e-06,5659.0,0.00956371
POA/BTC,1583054238337,2020-03-01T09:17:18.337Z,sell,1.68e-06,130.0,0.0002184
POA/BTC,1583054256215,2020-03-01T09:17:36.215Z,buy,1.7e-06,65.0,0.0001105
POA/BTC,1583054686719,2020-03-01T09:24:46.719Z,sell,1.69e-06,184.0,0.00031096
POA/BTC,1583054755219,2020-03-01T09:25:55.219Z,buy,1.69e-06,413.0,0.00069797
POA/BTC,1583054893624,2020-03-01T09:28:13.624Z,buy,1.69e-06,84.0,0.00014196
POA/BTC,1583055005249,2020-03-01T09:30:05.249Z,sell,1.68e-06,130.0,0.0002184
POA/BTC,1583055014021,2020-03-01T09:30:14.021Z,sell,1.69e-06,64.0,0.00010816
POA/BTC,1583055014021,2020-03-01T09:30:14.021Z,sell,1.68e-06,3006.0,0.00505008
POA/BTC,1583055079472,2020-03-01T09:31:19.472Z,buy,1.69e-06,65.0,0.00010985
POA/BTC,1583055104337,2020-03-01T09:31:44.337Z,buy,1.69e-06,1492.0,0.00252148
POA/BTC,1583055104337,2020-03-01T09:31:44.337Z,buy,1.7e-06,376.0,0.0006392
POA/BTC,1583055751476,2020-03-01T09:42:31.476Z,sell,1.68e-06,225.0,0.000378
POA/BTC,1583055785358,2020-03-01T09:43:05.358Z,sell,1.68e-06,130.0,0.0002184
POA/BTC,1583055801024,2020-03-01T09:43:21.024Z,buy,1.7e-06,64.0,0.0001088
POA/BTC,1583055993302,2020-03-01T09:46:33.302Z,buy,1.7e-06,8941.0,0.0151997
POA/BTC,1583055997904,2020-03-01T09:46:37.904Z,buy,1.7e-06,57.0,9.69e-05
POA/BTC,1583056016344,2020-03-01T09:46:56.344Z,sell,1.7e-06,130.0,0.000221
POA/BTC,1583056040873,2020-03-01T09:47:20.873Z,buy,1.71e-06,60.0,0.0001026
POA/BTC,1583056140633,2020-03-01T09:49:00.633Z,buy,1.71e-06,22.0,3.762e-05
POA/BTC,1583056140633,2020-03-01T09:49:00.633Z,buy,1.71e-06,22.0,3.762e-05
POA/BTC,1583056170470,2020-03-01T09:49:30.470Z,sell,1.7e-06,1932.0,0.0032844
POA/BTC,1583056170470,2020-03-01T09:49:30.470Z,sell,1.69e-06,10435.0,0.01763515
POA/BTC,1583056170470,2020-03-01T09:49:30.470Z,sell,1.68e-06,15626.0,0.02625168
POA/BTC,1583056173167,2020-03-01T09:49:33.167Z,buy,1.69e-06,557.0,0.00094133
POA/BTC,1583056173191,2020-03-01T09:49:33.191Z,sell,1.69e-06,2776.0,0.00469144
POA/BTC,1583056293300,2020-03-01T09:51:33.300Z,sell,1.69e-06,130.0,0.0002197
POA/BTC,1583056294754,2020-03-01T09:51:34.754Z,buy,1.7e-06,362.0,0.0006154
POA/BTC,1583056299613,2020-03-01T09:51:39.613Z,buy,1.7e-06,65.0,0.0001105
POA/BTC,1583056374841,2020-03-01T09:52:54.841Z,buy,1.7e-06,60.0,0.000102
POA/BTC,1583056605853,2020-03-01T09:56:45.853Z,sell,1.69e-06,129.0,0.0002180099999999
POA/BTC,1583056802647,2020-03-01T10:00:02.647Z,sell,1.69e-06,70.0,0.0001182999999999
POA/BTC,1583056809155,2020-03-01T10:00:09.155Z,buy,1.7e-06,67.0,0.0001139
POA/BTC,1583057249189,2020-03-01T10:07:29.189Z,sell,1.69e-06,2167.0,0.00366223
POA/BTC,1583057347544,2020-03-01T10:09:07.544Z,buy,1.69e-06,567.0,0.0009582299999999
POA/BTC,1583057396316,2020-03-01T10:09:56.316Z,sell,1.69e-06,814.0,0.00137566
POA/BTC,1583057711814,2020-03-01T10:15:11.814Z,buy,1.7e-06,67.0,0.0001139
POA/BTC,1583057764707,2020-03-01T10:16:04.707Z,buy,1.7e-06,60.0,0.000102
POA/BTC,1583059519362,2020-03-01T10:45:19.362Z,sell,1.69e-06,65.0,0.00010985
POA/BTC,1583059525032,2020-03-01T10:45:25.032Z,buy,1.7e-06,65.0,0.0001105
POA/BTC,1583059525032,2020-03-01T10:45:25.032Z,buy,1.7e-06,65.0,0.0001105
POA/BTC,1583059980100,2020-03-01T10:53:00.100Z,buy,1.7e-06,519.0,0.0008823
POA/BTC,1583060016667,2020-03-01T10:53:36.667Z,sell,1.69e-06,437.0,0.0007385299999999
POA/BTC,1583060027743,2020-03-01T10:53:47.743Z,buy,1.7e-06,691.0,0.0011747
POA/BTC,1583060154262,2020-03-01T10:55:54.262Z,sell,1.69e-06,2701.0,0.00456469
POA/BTC,1583060411745,2020-03-01T11:00:11.745Z,sell,1.69e-06,133.0,0.0002247699999999
POA/BTC,1583060425428,2020-03-01T11:00:25.428Z,buy,1.7e-06,66.0,0.0001122
POA/BTC,1583060444010,2020-03-01T11:00:44.010Z,buy,1.7e-06,576.0,0.0009792
POA/BTC,1583060449678,2020-03-01T11:00:49.678Z,buy,1.7e-06,188.0,0.0003196
POA/BTC,1583060513246,2020-03-01T11:01:53.246Z,buy,1.7e-06,2926.0,0.0049742
POA/BTC,1583060588585,2020-03-01T11:03:08.585Z,sell,1.7e-06,60.0,0.000102
POA/BTC,1583060671020,2020-03-01T11:04:31.020Z,buy,1.71e-06,65.0,0.0001111499999999
POA/BTC,1583060718148,2020-03-01T11:05:18.148Z,sell,1.7e-06,8070.0,0.013719
POA/BTC,1583061445065,2020-03-01T11:17:25.065Z,sell,1.69e-06,1617.0,0.00273273
POA/BTC,1583061488638,2020-03-01T11:18:08.638Z,buy,1.69e-06,60.0,0.0001014
POA/BTC,1583062517545,2020-03-01T11:35:17.545Z,sell,1.68e-06,25799.0,0.04334232
POA/BTC,1583062608663,2020-03-01T11:36:48.663Z,sell,1.68e-06,156774.0,0.26338032
POA/BTC,1583062738885,2020-03-01T11:38:58.885Z,sell,1.68e-06,131.0,0.00022008
POA/BTC,1583062744738,2020-03-01T11:39:04.738Z,buy,1.69e-06,65.0,0.00010985
POA/BTC,1583063014050,2020-03-01T11:43:34.050Z,buy,1.69e-06,65.0,0.00010985
POA/BTC,1583063027475,2020-03-01T11:43:47.475Z,buy,1.69e-06,1547.0,0.00261443
POA/BTC,1583063055424,2020-03-01T11:44:15.424Z,buy,1.69e-06,115.0,0.0001943499999999
POA/BTC,1583063055424,2020-03-01T11:44:15.424Z,buy,1.69e-06,115.0,0.0001943499999999
POA/BTC,1583063125993,2020-03-01T11:45:25.993Z,buy,1.69e-06,2366.0,0.00399854
POA/BTC,1583063216950,2020-03-01T11:46:56.950Z,buy,1.7e-06,15619.0,0.0265523
POA/BTC,1583063217861,2020-03-01T11:46:57.861Z,buy,1.69e-06,381.0,0.0006438899999999
POA/BTC,1583063219671,2020-03-01T11:46:59.671Z,buy,1.69e-06,176.0,0.00029744
POA/BTC,1583063246307,2020-03-01T11:47:26.307Z,buy,1.69e-06,1000.0,0.0016899999999999
POA/BTC,1583063512496,2020-03-01T11:51:52.496Z,sell,1.68e-06,73520.0,0.1235136
POA/BTC,1583063512507,2020-03-01T11:51:52.507Z,buy,1.68e-06,8248.0,0.01385664
POA/BTC,1583063516543,2020-03-01T11:51:56.543Z,sell,1.68e-06,16097.0,0.02704296
POA/BTC,1583063837278,2020-03-01T11:57:17.278Z,buy,1.69e-06,60.0,0.0001014
POA/BTC,1583064059936,2020-03-01T12:00:59.936Z,sell,1.68e-06,65.0,0.0001092
POA/BTC,1583064064657,2020-03-01T12:01:04.657Z,buy,1.69e-06,65.0,0.00010985
POA/BTC,1583064280876,2020-03-01T12:04:40.876Z,buy,1.69e-06,355.0,0.0005999499999999
POA/BTC,1583064445469,2020-03-01T12:07:25.469Z,buy,1.69e-06,471.0,0.00079599
POA/BTC,1583065006888,2020-03-01T12:16:46.888Z,buy,1.69e-06,5917.0,0.00999973
POA/BTC,1583066278308,2020-03-01T12:37:58.308Z,sell,1.68e-06,6380.0,0.0107184
POA/BTC,1583066376020,2020-03-01T12:39:36.020Z,sell,1.68e-06,408.0,0.00068544
POA/BTC,1583066503327,2020-03-01T12:41:43.327Z,sell,1.67e-06,34139.0,0.05701213
POA/BTC,1583066515762,2020-03-01T12:41:55.762Z,sell,1.67e-06,16000.0,0.02672
POA/BTC,1583066521604,2020-03-01T12:42:01.604Z,buy,1.67e-06,6615.0,0.01104705
POA/BTC,1583066611638,2020-03-01T12:43:31.638Z,sell,1.67e-06,7965.0,0.01330155
POA/BTC,1583066611638,2020-03-01T12:43:31.638Z,sell,1.67e-06,7965.0,0.01330155
POA/BTC,1583066701992,2020-03-01T12:45:01.992Z,sell,1.66e-06,2060.0,0.0034196
POA/BTC,1583066734379,2020-03-01T12:45:34.379Z,buy,1.67e-06,10059.0,0.01679853
POA/BTC,1583067318250,2020-03-01T12:55:18.250Z,sell,1.66e-06,764.0,0.00126824
POA/BTC,1583067671107,2020-03-01T13:01:11.107Z,buy,1.67e-06,1757.0,0.00293419
POA/BTC,1583067683567,2020-03-01T13:01:23.567Z,buy,1.68e-06,1428.0,0.00239904
POA/BTC,1583067724549,2020-03-01T13:02:04.549Z,buy,1.68e-06,1765.0,0.0029652
POA/BTC,1583067724925,2020-03-01T13:02:04.925Z,buy,1.68e-06,2770.0,0.0046536
POA/BTC,1583067724925,2020-03-01T13:02:04.925Z,buy,1.69e-06,144.0,0.0002433599999999
POA/BTC,1583067725784,2020-03-01T13:02:05.784Z,buy,1.69e-06,78145.0,0.13206505
POA/BTC,1583067726635,2020-03-01T13:02:06.635Z,buy,1.68e-06,185.0,0.0003108
POA/BTC,1583067726645,2020-03-01T13:02:06.645Z,sell,1.68e-06,185.0,0.0003108
POA/BTC,1583067727155,2020-03-01T13:02:07.155Z,sell,1.68e-06,11.0,1.848e-05
POA/BTC,1583067727193,2020-03-01T13:02:07.193Z,buy,1.68e-06,749.0,0.00125832
POA/BTC,1583067727981,2020-03-01T13:02:07.981Z,sell,1.68e-06,176.0,0.00029568
POA/BTC,1583067815829,2020-03-01T13:03:35.829Z,sell,1.68e-06,2394.0,0.00402192
POA/BTC,1583067922888,2020-03-01T13:05:22.888Z,sell,1.68e-06,65.0,0.0001092
POA/BTC,1583068049615,2020-03-01T13:07:29.615Z,sell,1.67e-06,7228.0,0.01207076
POA/BTC,1583068175731,2020-03-01T13:09:35.731Z,sell,1.67e-06,60.0,0.0001002
POA/BTC,1583068216081,2020-03-01T13:10:16.081Z,sell,1.67e-06,65.0,0.00010855
POA/BTC,1583068220108,2020-03-01T13:10:20.108Z,buy,1.68e-06,65.0,0.0001092
POA/BTC,1583068856866,2020-03-01T13:20:56.866Z,buy,1.68e-06,9257.0,0.01555176
POA/BTC,1583069227443,2020-03-01T13:27:07.443Z,sell,1.67e-06,100.0,0.000167
POA/BTC,1583069282734,2020-03-01T13:28:02.734Z,sell,1.67e-06,150.0,0.0002505
POA/BTC,1583069289414,2020-03-01T13:28:09.414Z,buy,1.68e-06,186.0,0.00031248
POA/BTC,1583069957541,2020-03-01T13:39:17.541Z,buy,1.68e-06,140.0,0.0002352
POA/BTC,1583069957581,2020-03-01T13:39:17.581Z,sell,1.68e-06,8.0,1.344e-05
POA/BTC,1583069957581,2020-03-01T13:39:17.581Z,sell,1.68e-06,8.0,1.344e-05
POA/BTC,1583071038531,2020-03-01T13:57:18.531Z,sell,1.67e-06,1394.0,0.00232798
POA/BTC,1583071038589,2020-03-01T13:57:18.589Z,sell,1.67e-06,749.0,0.00125083
POA/BTC,1583071038589,2020-03-01T13:57:18.589Z,sell,1.67e-06,749.0,0.00125083
POA/BTC,1583073607198,2020-03-01T14:40:07.198Z,buy,1.68e-06,10197.0,0.01713096
POA/BTC,1583073607221,2020-03-01T14:40:07.221Z,sell,1.68e-06,1122.0,0.00188496
POA/BTC,1583073894656,2020-03-01T14:44:54.656Z,sell,1.67e-06,126258.0,0.21085086
POA/BTC,1583073894656,2020-03-01T14:44:54.656Z,sell,1.66e-06,47204.0,0.07835864
POA/BTC,1583073894656,2020-03-01T14:44:54.656Z,sell,1.65e-06,64567.0,0.10653555
POA/BTC,1583073894656,2020-03-01T14:44:54.656Z,sell,1.64e-06,21768.0,0.03569952
POA/BTC,1583073894656,2020-03-01T14:44:54.656Z,sell,1.63e-06,498.0,0.00081174
POA/BTC,1583073894673,2020-03-01T14:44:54.673Z,buy,1.64e-06,39681.0,0.06507684
POA/BTC,1583073894723,2020-03-01T14:44:54.723Z,buy,1.68e-06,21.0,3.528e-05
POA/BTC,1583073895702,2020-03-01T14:44:55.702Z,sell,1.65e-06,10119.0,0.01669635
POA/BTC,1583073896792,2020-03-01T14:44:56.792Z,sell,1.65e-06,381.0,0.00062865
POA/BTC,1583073897332,2020-03-01T14:44:57.332Z,sell,1.65e-06,381.0,0.00062865
POA/BTC,1583073898434,2020-03-01T14:44:58.434Z,sell,1.65e-06,176.0,0.0002904
POA/BTC,1583073905351,2020-03-01T14:45:05.351Z,sell,1.65e-06,8720.0,0.014388
POA/BTC,1583073905487,2020-03-01T14:45:05.487Z,sell,1.65e-06,8858.0,0.0146157
POA/BTC,1583073912928,2020-03-01T14:45:12.928Z,sell,1.65e-06,1000.0,0.00165
POA/BTC,1583073927664,2020-03-01T14:45:27.664Z,buy,1.66e-06,2023.0,0.00335818
POA/BTC,1583073929722,2020-03-01T14:45:29.722Z,buy,1.66e-06,2712.0,0.00450192
POA/BTC,1583073930457,2020-03-01T14:45:30.457Z,sell,1.65e-06,148.0,0.0002442
POA/BTC,1583074280144,2020-03-01T14:51:20.144Z,buy,1.66e-06,63.0,0.00010458
POA/BTC,1583074291856,2020-03-01T14:51:31.856Z,buy,1.66e-06,23.0,3.818e-05
POA/BTC,1583074449626,2020-03-01T14:54:09.626Z,buy,1.66e-06,1770.0,0.0029382
POA/BTC,1583074614583,2020-03-01T14:56:54.583Z,buy,1.67e-06,17.0,2.839e-05
POA/BTC,1583074615581,2020-03-01T14:56:55.581Z,buy,1.66e-06,1197.0,0.00198702
POA/BTC,1583074615581,2020-03-01T14:56:55.581Z,buy,1.66e-06,1197.0,0.00198702
POA/BTC,1583074839274,2020-03-01T15:00:39.274Z,buy,1.66e-06,1291.0,0.00214306
POA/BTC,1583074839291,2020-03-01T15:00:39.291Z,sell,1.66e-06,4932.0,0.0081871199999999
POA/BTC,1583074839304,2020-03-01T15:00:39.304Z,sell,1.66e-06,1713.0,0.00284358
POA/BTC,1583075217282,2020-03-01T15:06:57.282Z,sell,1.66e-06,4516.0,0.00749656
POA/BTC,1583075291540,2020-03-01T15:08:11.540Z,buy,1.66e-06,636.0,0.00105576
POA/BTC,1583075291836,2020-03-01T15:08:11.836Z,buy,1.66e-06,620.0,0.0010292
POA/BTC,1583075295311,2020-03-01T15:08:15.311Z,buy,1.66e-06,1113.0,0.00184758
POA/BTC,1583075359048,2020-03-01T15:09:19.048Z,buy,1.66e-06,21.0,3.486e-05
POA/BTC,1583075515124,2020-03-01T15:11:55.124Z,buy,1.66e-06,432.0,0.00071712
POA/BTC,1583075735630,2020-03-01T15:15:35.630Z,buy,1.66e-06,10012.0,0.01661992
POA/BTC,1583075797030,2020-03-01T15:16:37.030Z,buy,1.66e-06,1920.0,0.0031872
POA/BTC,1583075816975,2020-03-01T15:16:56.975Z,buy,1.66e-06,6103.0,0.01013098
POA/BTC,1583075817091,2020-03-01T15:16:57.091Z,buy,1.66e-06,8033.0,0.01333478
POA/BTC,1583075966281,2020-03-01T15:19:26.281Z,buy,1.67e-06,21.0,3.507e-05
POA/BTC,1583076136134,2020-03-01T15:22:16.134Z,buy,1.67e-06,16.0,2.672e-05
POA/BTC,1583076136710,2020-03-01T15:22:16.710Z,buy,1.67e-06,19.0,3.173e-05
POA/BTC,1583076464607,2020-03-01T15:27:44.607Z,sell,1.65e-06,138.0,0.0002277
POA/BTC,1583076471191,2020-03-01T15:27:51.191Z,buy,1.67e-06,19.0,3.173e-05
POA/BTC,1583076730260,2020-03-01T15:32:10.260Z,buy,1.66e-06,1589.0,0.00263774
POA/BTC,1583076788691,2020-03-01T15:33:08.691Z,buy,1.66e-06,61.0,0.00010126
POA/BTC,1583077249874,2020-03-01T15:40:49.874Z,buy,1.67e-06,379.0,0.00063293
POA/BTC,1583077404598,2020-03-01T15:43:24.598Z,buy,1.67e-06,19.0,3.173e-05
POA/BTC,1583077481898,2020-03-01T15:44:41.898Z,buy,1.67e-06,20.0,3.34e-05
POA/BTC,1583077481983,2020-03-01T15:44:41.983Z,sell,1.66e-06,79.0,0.00013114
POA/BTC,1583077491121,2020-03-01T15:44:51.121Z,buy,1.67e-06,19.0,3.173e-05
POA/BTC,1583077495101,2020-03-01T15:44:55.101Z,sell,1.66e-06,88.0,0.00014608
POA/BTC,1583077578398,2020-03-01T15:46:18.398Z,buy,1.67e-06,1500.0,0.002505
POA/BTC,1583077636542,2020-03-01T15:47:16.542Z,buy,1.67e-06,646.0,0.00107882
POA/BTC,1583077945039,2020-03-01T15:52:25.039Z,buy,1.67e-06,11200.0,0.018704
POA/BTC,1583078039523,2020-03-01T15:53:59.523Z,sell,1.67e-06,71.0,0.00011857
POA/BTC,1583078178718,2020-03-01T15:56:18.718Z,sell,1.67e-06,26307.0,0.04393269
POA/BTC,1583078178718,2020-03-01T15:56:18.718Z,sell,1.67e-06,26307.0,0.04393269
POA/BTC,1583078242767,2020-03-01T15:57:22.767Z,sell,1.67e-06,61753.0,0.10312751
POA/BTC,1583078280613,2020-03-01T15:58:00.613Z,sell,1.67e-06,130.0,0.0002171
POA/BTC,1583078292986,2020-03-01T15:58:12.986Z,buy,1.68e-06,64.0,0.00010752
POA/BTC,1583078323601,2020-03-01T15:58:43.601Z,sell,1.67e-06,122.0,0.00020374
POA/BTC,1583078404239,2020-03-01T16:00:04.239Z,buy,1.68e-06,65.0,0.0001092
POA/BTC,1583078489149,2020-03-01T16:01:29.149Z,buy,1.68e-06,18.0,3.024e-05
POA/BTC,1583078596237,2020-03-01T16:03:16.237Z,buy,1.68e-06,22700.0,0.038136
POA/BTC,1583078605450,2020-03-01T16:03:25.450Z,buy,1.68e-06,97.0,0.00016296
POA/BTC,1583078614481,2020-03-01T16:03:34.481Z,buy,1.68e-06,61.0,0.00010248
POA/BTC,1583079072527,2020-03-01T16:11:12.527Z,buy,1.68e-06,61.0,0.00010248
POA/BTC,1583079408549,2020-03-01T16:16:48.549Z,sell,1.67e-06,29000.0,0.04843
POA/BTC,1583079409235,2020-03-01T16:16:49.235Z,sell,1.67e-06,51008.0,0.08518336
POA/BTC,1583079409268,2020-03-01T16:16:49.268Z,buy,1.67e-06,20.0,3.34e-05
POA/BTC,1583079428720,2020-03-01T16:17:08.720Z,buy,1.67e-06,60.0,0.0001002
POA/BTC,1583079812975,2020-03-01T16:23:32.975Z,buy,1.67e-06,22.0,3.674e-05
POA/BTC,1583080448864,2020-03-01T16:34:08.864Z,buy,1.67e-06,21.0,3.507e-05
POA/BTC,1583080561890,2020-03-01T16:36:01.890Z,sell,1.66e-06,1896.0,0.00314736
POA/BTC,1583080564430,2020-03-01T16:36:04.430Z,sell,1.65e-06,1308.0,0.0021582
POA/BTC,1583080565574,2020-03-01T16:36:05.574Z,sell,1.65e-06,908.0,0.0014982
POA/BTC,1583080566637,2020-03-01T16:36:06.637Z,sell,1.65e-06,630.0,0.0010395
POA/BTC,1583080568017,2020-03-01T16:36:08.017Z,sell,1.65e-06,4687.0,0.00773355
POA/BTC,1583080628601,2020-03-01T16:37:08.601Z,buy,1.65e-06,61.0,0.00010065
POA/BTC,1583081002146,2020-03-01T16:43:22.146Z,sell,1.64e-06,3442.0,0.00564488
POA/BTC,1583081008031,2020-03-01T16:43:28.031Z,sell,1.63e-06,5882.0,0.00958766
POA/BTC,1583081083664,2020-03-01T16:44:43.664Z,sell,1.63e-06,6624.0,0.01079712
POA/BTC,1583081100547,2020-03-01T16:45:00.547Z,sell,1.63e-06,3820.0,0.0062266
POA/BTC,1583081128422,2020-03-01T16:45:28.422Z,sell,1.63e-06,8523.0,0.01389249
POA/BTC,1583081143070,2020-03-01T16:45:43.070Z,sell,1.63e-06,130.0,0.0002119
POA/BTC,1583081148683,2020-03-01T16:45:48.683Z,buy,1.64e-06,64.0,0.00010496
POA/BTC,1583081237212,2020-03-01T16:47:17.212Z,sell,1.63e-06,280528.0,0.45726064
POA/BTC,1583081237212,2020-03-01T16:47:17.212Z,sell,1.62e-06,12718.0,0.02060316
POA/BTC,1583081239013,2020-03-01T16:47:19.013Z,buy,1.63e-06,176.0,0.00028688
POA/BTC,1583081239849,2020-03-01T16:47:19.849Z,buy,1.63e-06,200.0,0.000326
POA/BTC,1583081255581,2020-03-01T16:47:35.581Z,sell,1.62e-06,64.0,0.00010368
POA/BTC,1583081258942,2020-03-01T16:47:38.942Z,buy,1.63e-06,76.0,0.00012388
POA/BTC,1583081262128,2020-03-01T16:47:42.128Z,buy,1.63e-06,108.0,0.00017604
POA/BTC,1583081267490,2020-03-01T16:47:47.490Z,buy,1.63e-06,110.0,0.0001793
POA/BTC,1583081339610,2020-03-01T16:48:59.610Z,sell,1.62e-06,5944.0,0.00962928
POA/BTC,1583081354453,2020-03-01T16:49:14.453Z,buy,1.63e-06,337.0,0.00054931
POA/BTC,1583081354508,2020-03-01T16:49:14.508Z,buy,1.63e-06,3374.0,0.00549962
POA/BTC,1583081384843,2020-03-01T16:49:44.843Z,sell,1.62e-06,53760.0,0.0870912
POA/BTC,1583081410478,2020-03-01T16:50:10.478Z,sell,1.62e-06,9428.0,0.01527336
POA/BTC,1583081410496,2020-03-01T16:50:10.496Z,sell,1.62e-06,15628.0,0.02531736
POA/BTC,1583081446923,2020-03-01T16:50:46.923Z,sell,1.62e-06,31826.0,0.05155812
POA/BTC,1583081462736,2020-03-01T16:51:02.736Z,sell,1.62e-06,116879.0,0.18934398
POA/BTC,1583081631005,2020-03-01T16:53:51.005Z,buy,1.62e-06,691.0,0.0011194199999999
POA/BTC,1583081631005,2020-03-01T16:53:51.005Z,buy,1.63e-06,75420.0,0.1229346
POA/BTC,1583081652606,2020-03-01T16:54:12.606Z,buy,1.64e-06,116.0,0.00019024
POA/BTC,1583081652836,2020-03-01T16:54:12.836Z,buy,1.64e-06,116.0,0.00019024
POA/BTC,1583081665329,2020-03-01T16:54:25.329Z,sell,1.63e-06,1240.0,0.0020212
POA/BTC,1583081665329,2020-03-01T16:54:25.329Z,sell,1.63e-06,1240.0,0.0020212
POA/BTC,1583081980956,2020-03-01T16:59:40.956Z,buy,1.64e-06,60975.0,0.099999
POA/BTC,1583082133876,2020-03-01T17:02:13.876Z,buy,1.64e-06,70.0,0.0001148
POA/BTC,1583082399895,2020-03-01T17:06:39.895Z,buy,1.64e-06,12904.0,0.02116256
POA/BTC,1583082571123,2020-03-01T17:09:31.123Z,sell,1.63e-06,76.0,0.00012388
POA/BTC,1583082594197,2020-03-01T17:09:54.197Z,sell,1.63e-06,110.0,0.0001793
POA/BTC,1583082595224,2020-03-01T17:09:55.224Z,sell,1.63e-06,108.0,0.00017604
POA/BTC,1583082715884,2020-03-01T17:11:55.884Z,sell,1.63e-06,54283.0,0.08848129
POA/BTC,1583083155204,2020-03-01T17:19:15.204Z,sell,1.63e-06,4885.0,0.00796255
POA/BTC,1583083259780,2020-03-01T17:20:59.780Z,sell,1.62e-06,8838.0,0.01431756
POA/BTC,1583083291712,2020-03-01T17:21:31.712Z,buy,1.63e-06,6550.0,0.0106765
POA/BTC,1583083413034,2020-03-01T17:23:33.034Z,buy,1.63e-06,1204.0,0.00196252
POA/BTC,1583083443168,2020-03-01T17:24:03.168Z,buy,1.63e-06,1035.0,0.00168705
POA/BTC,1583083458758,2020-03-01T17:24:18.758Z,buy,1.63e-06,1100.0,0.001793
POA/BTC,1583083458773,2020-03-01T17:24:18.773Z,buy,1.63e-06,5.0,8.15e-06
POA/BTC,1583083795114,2020-03-01T17:29:55.114Z,sell,1.63e-06,2874.0,0.00468462
POA/BTC,1583083869129,2020-03-01T17:31:09.129Z,sell,1.63e-06,90.0,0.0001467
POA/BTC,1583083869129,2020-03-01T17:31:09.129Z,sell,1.63e-06,90.0,0.0001467
POA/BTC,1583085662024,2020-03-01T18:01:02.024Z,sell,1.63e-06,5321.0,0.00867323
POA/BTC,1583086128565,2020-03-01T18:08:48.565Z,buy,1.64e-06,2284.0,0.00374576
POA/BTC,1583086196864,2020-03-01T18:09:56.864Z,buy,1.64e-06,584.0,0.00095776
POA/BTC,1583086528558,2020-03-01T18:15:28.558Z,sell,1.63e-06,13880.0,0.0226244
POA/BTC,1583087339647,2020-03-01T18:28:59.647Z,sell,1.63e-06,1324.0,0.00215812
POA/BTC,1583087339647,2020-03-01T18:28:59.647Z,sell,1.63e-06,1324.0,0.00215812
POA/BTC,1583088181697,2020-03-01T18:43:01.697Z,buy,1.64e-06,80.0,0.0001312
POA/BTC,1583088484480,2020-03-01T18:48:04.480Z,buy,1.64e-06,3836.0,0.0062910399999999
POA/BTC,1583088675799,2020-03-01T18:51:15.799Z,buy,1.64e-06,1000.0,0.00164
POA/BTC,1583089119166,2020-03-01T18:58:39.166Z,sell,1.63e-06,4986.0,0.00812718
POA/BTC,1583089212684,2020-03-01T19:00:12.684Z,sell,1.62e-06,37634.0,0.06096708
POA/BTC,1583089319722,2020-03-01T19:01:59.722Z,sell,1.62e-06,426.0,0.00069012
POA/BTC,1583089406993,2020-03-01T19:03:26.993Z,sell,1.62e-06,1300.0,0.002106
POA/BTC,1583089435879,2020-03-01T19:03:55.879Z,sell,1.62e-06,30867.0,0.05000454
POA/BTC,1583089435897,2020-03-01T19:03:55.897Z,buy,1.62e-06,784.0,0.00127008
POA/BTC,1583089435905,2020-03-01T19:03:55.905Z,buy,1.62e-06,1495.0,0.0024219
POA/BTC,1583089646770,2020-03-01T19:07:26.770Z,sell,1.61e-06,853.0,0.00137333
POA/BTC,1583089770381,2020-03-01T19:09:30.381Z,sell,1.61e-06,99.0,0.00015939
POA/BTC,1583089773232,2020-03-01T19:09:33.232Z,buy,1.62e-06,40000.0,0.0648
POA/BTC,1583089773274,2020-03-01T19:09:33.274Z,buy,1.62e-06,891.0,0.00144342
POA/BTC,1583090489729,2020-03-01T19:21:29.729Z,buy,1.62e-06,10000.0,0.0162
POA/BTC,1583090646173,2020-03-01T19:24:06.173Z,buy,1.62e-06,2005.0,0.0032481
POA/BTC,1583090651054,2020-03-01T19:24:11.054Z,buy,1.63e-06,72476.0,0.11813588
POA/BTC,1583090651054,2020-03-01T19:24:11.054Z,buy,1.63e-06,72476.0,0.11813588
POA/BTC,1583091095003,2020-03-01T19:31:35.003Z,sell,1.62e-06,37334.0,0.06048108
POA/BTC,1583091095008,2020-03-01T19:31:35.008Z,sell,1.62e-06,1319.0,0.00213678
POA/BTC,1583091095010,2020-03-01T19:31:35.010Z,sell,1.62e-06,1051.0,0.00170262
POA/BTC,1583091095017,2020-03-01T19:31:35.017Z,sell,1.62e-06,3836.0,0.00621432
POA/BTC,1583091095038,2020-03-01T19:31:35.038Z,sell,1.62e-06,4827.0,0.00781974
POA/BTC,1583091657550,2020-03-01T19:40:57.550Z,buy,1.63e-06,162.0,0.00026406
POA/BTC,1583092031839,2020-03-01T19:47:11.839Z,buy,1.62e-06,5982.0,0.00969084
POA/BTC,1583092348127,2020-03-01T19:52:28.127Z,buy,1.62e-06,5982.0,0.00969084
POA/BTC,1583093259629,2020-03-01T20:07:39.629Z,sell,1.62e-06,8424.0,0.01364688
POA/BTC,1583093259629,2020-03-01T20:07:39.629Z,sell,1.62e-06,8424.0,0.01364688
POA/BTC,1583094678014,2020-03-01T20:31:18.014Z,sell,1.62e-06,33008.0,0.05347296
POA/BTC,1583094835904,2020-03-01T20:33:55.904Z,buy,1.62e-06,1449.0,0.00234738
POA/BTC,1583095996251,2020-03-01T20:53:16.251Z,buy,1.63e-06,11797.0,0.01922911
POA/BTC,1583095996251,2020-03-01T20:53:16.251Z,buy,1.64e-06,19063.0,0.03126332
POA/BTC,1583095998090,2020-03-01T20:53:18.090Z,buy,1.64e-06,9857.0,0.01616548
POA/BTC,1583096692917,2020-03-01T21:04:52.917Z,sell,1.62e-06,296.0,0.00047952
POA/BTC,1583096692917,2020-03-01T21:04:52.917Z,sell,1.62e-06,296.0,0.00047952
POA/BTC,1583098396571,2020-03-01T21:33:16.571Z,sell,1.62e-06,4081.0,0.00661122
POA/BTC,1583099167130,2020-03-01T21:46:07.130Z,sell,1.62e-06,11727.0,0.01899774
POA/BTC,1583099313836,2020-03-01T21:48:33.836Z,sell,1.61e-06,6168.0,0.00993048
POA/BTC,1583099560881,2020-03-01T21:52:40.881Z,sell,1.61e-06,127130.0,0.2046793
POA/BTC,1583100280458,2020-03-01T22:04:40.458Z,buy,1.62e-06,154.0,0.00024948
POA/BTC,1583100280458,2020-03-01T22:04:40.458Z,buy,1.62e-06,154.0,0.00024948
POA/BTC,1583100533541,2020-03-01T22:08:53.541Z,buy,1.62e-06,311.0,0.00050382
POA/BTC,1583100581968,2020-03-01T22:09:41.968Z,buy,1.62e-06,785.0,0.0012717
POA/BTC,1583101806704,2020-03-01T22:30:06.704Z,buy,1.62e-06,304.0,0.00049248
POA/BTC,1583102044323,2020-03-01T22:34:04.323Z,buy,1.62e-06,6172.0,0.00999864
POA/BTC,1583102044343,2020-03-01T22:34:04.343Z,buy,1.62e-06,624.0,0.00101088
POA/BTC,1583102939557,2020-03-01T22:48:59.557Z,buy,1.63e-06,26161.0,0.04264243
POA/BTC,1583102939706,2020-03-01T22:48:59.706Z,sell,1.63e-06,407.0,0.00066341
POA/BTC,1583102948791,2020-03-01T22:49:08.791Z,sell,1.63e-06,62.0,0.00010106
POA/BTC,1583102949001,2020-03-01T22:49:09.001Z,buy,1.64e-06,169195.0,0.2774798
POA/BTC,1583102949025,2020-03-01T22:49:09.025Z,sell,1.64e-06,15976.0,0.02620064
POA/BTC,1583102949026,2020-03-01T22:49:09.026Z,sell,1.64e-06,132.0,0.00021648
POA/BTC,1583102949027,2020-03-01T22:49:09.027Z,sell,1.64e-06,26280.0,0.0430992
POA/BTC,1583102949125,2020-03-01T22:49:09.125Z,buy,1.64e-06,809.0,0.00132676
POA/BTC,1583103281077,2020-03-01T22:54:41.077Z,sell,1.63e-06,1000.0,0.00163
POA/BTC,1583103281077,2020-03-01T22:54:41.077Z,sell,1.63e-06,1000.0,0.00163
POA/BTC,1583105327053,2020-03-01T23:28:47.053Z,buy,1.64e-06,62.0,0.00010168
POA/BTC,1583105436032,2020-03-01T23:30:36.032Z,sell,1.64e-06,4690.0,0.0076916
POA/BTC,1583105449910,2020-03-01T23:30:49.910Z,sell,1.63e-06,311.0,0.00050693
POA/BTC,1583105449910,2020-03-01T23:30:49.910Z,sell,1.63e-06,311.0,0.00050693
POA/BTC,1583107763572,2020-03-02T00:09:23.572Z,sell,1.63e-06,39671.0,0.06466373
POA/BTC,1583107763572,2020-03-02T00:09:23.572Z,sell,1.62e-06,10329.0,0.0167329799999999
POA/BTC,1583107777944,2020-03-02T00:09:37.944Z,sell,1.62e-06,714.0,0.00115668
POA/BTC,1583109022911,2020-03-02T00:30:22.911Z,buy,1.63e-06,2370.0,0.0038631
POA/BTC,1583109022911,2020-03-02T00:30:22.911Z,buy,1.63e-06,2370.0,0.0038631
POA/BTC,1583109184111,2020-03-02T00:33:04.111Z,sell,1.63e-06,62.0,0.00010106
POA/BTC,1583109184111,2020-03-02T00:33:04.111Z,sell,1.63e-06,62.0,0.00010106
POA/BTC,1583113642523,2020-03-02T01:47:22.523Z,sell,1.63e-06,5617.0,0.00915571
POA/BTC,1583113642523,2020-03-02T01:47:22.523Z,sell,1.63e-06,5617.0,0.00915571
POA/BTC,1583116783344,2020-03-02T02:39:43.344Z,buy,1.64e-06,6567.0,0.0107698799999999
POA/BTC,1583116783344,2020-03-02T02:39:43.344Z,buy,1.64e-06,6567.0,0.0107698799999999
POA/BTC,1583119435751,2020-03-02T03:23:55.751Z,buy,1.64e-06,308.0,0.00050512
POA/BTC,1583119442532,2020-03-02T03:24:02.532Z,sell,1.64e-06,337.0,0.00055268
POA/BTC,1583119442535,2020-03-02T03:24:02.535Z,sell,1.64e-06,3374.0,0.00553336
POA/BTC,1583119442535,2020-03-02T03:24:02.535Z,sell,1.64e-06,3374.0,0.00553336
POA/BTC,1583120765693,2020-03-02T03:46:05.693Z,sell,1.64e-06,6844.0,0.01122416
POA/BTC,1583122060348,2020-03-02T04:07:40.348Z,sell,1.63e-06,1000.0,0.00163
POA/BTC,1583122101829,2020-03-02T04:08:21.829Z,sell,1.63e-06,1000.0,0.00163
POA/BTC,1583122326479,2020-03-02T04:12:06.479Z,buy,1.64e-06,300.0,0.000492
POA/BTC,1583122326479,2020-03-02T04:12:06.479Z,buy,1.64e-06,300.0,0.000492
POA/BTC,1583123458787,2020-03-02T04:30:58.787Z,sell,1.64e-06,22304.0,0.0365785599999999
POA/BTC,1583124963018,2020-03-02T04:56:03.018Z,buy,1.64e-06,498.0,0.00081672
POA/BTC,1583125413853,2020-03-02T05:03:33.853Z,buy,1.64e-06,317.0,0.00051988
POA/BTC,1583125413853,2020-03-02T05:03:33.853Z,buy,1.64e-06,317.0,0.00051988
POA/BTC,1583126033104,2020-03-02T05:13:53.104Z,buy,1.64e-06,4015.0,0.0065845999999999
POA/BTC,1583128145130,2020-03-02T05:49:05.130Z,sell,1.64e-06,5708.0,0.00936112
POA/BTC,1583128145130,2020-03-02T05:49:05.130Z,sell,1.64e-06,5708.0,0.00936112
POA/BTC,1583129778537,2020-03-02T06:16:18.537Z,buy,1.65e-06,15022.0,0.0247863
POA/BTC,1583129778556,2020-03-02T06:16:18.556Z,buy,1.65e-06,10515.0,0.01734975
POA/BTC,1583129781685,2020-03-02T06:16:21.685Z,buy,1.65e-06,7172.0,0.0118338
POA/BTC,1583129786584,2020-03-02T06:16:26.584Z,buy,1.65e-06,4820.0,0.007953
POA/BTC,1583129791392,2020-03-02T06:16:31.392Z,buy,1.65e-06,3242.0,0.0053493
POA/BTC,1583129811562,2020-03-02T06:16:51.562Z,buy,1.65e-06,39649.0,0.06542085
POA/BTC,1583129820738,2020-03-02T06:17:00.738Z,sell,1.65e-06,820.0,0.001353
POA/BTC,1583129820798,2020-03-02T06:17:00.798Z,buy,1.65e-06,965.0,0.00159225
POA/BTC,1583129923150,2020-03-02T06:18:43.150Z,buy,1.66e-06,27510.0,0.0456666
POA/BTC,1583129945916,2020-03-02T06:19:05.916Z,buy,1.66e-06,51149.0,0.08490734
POA/BTC,1583130150824,2020-03-02T06:22:30.824Z,buy,1.66e-06,17938.0,0.02977708
POA/BTC,1583130180094,2020-03-02T06:23:00.094Z,buy,1.66e-06,1340.0,0.0022244
POA/BTC,1583130334416,2020-03-02T06:25:34.416Z,sell,1.66e-06,485.0,0.0008051
POA/BTC,1583130334483,2020-03-02T06:25:34.483Z,sell,1.66e-06,485.0,0.0008051
POA/BTC,1583130334508,2020-03-02T06:25:34.508Z,sell,1.66e-06,485.0,0.0008051
POA/BTC,1583130334960,2020-03-02T06:25:34.960Z,sell,1.66e-06,485.0,0.0008051
POA/BTC,1583130395981,2020-03-02T06:26:35.981Z,buy,1.67e-06,1497.0,0.00249999
POA/BTC,1583130641191,2020-03-02T06:30:41.191Z,sell,1.66e-06,880.0,0.0014608
POA/BTC,1583130660015,2020-03-02T06:31:00.015Z,sell,1.66e-06,8518.0,0.01413988
POA/BTC,1583130668803,2020-03-02T06:31:08.803Z,buy,1.66e-06,97.0,0.00016102
POA/BTC,1583130958862,2020-03-02T06:35:58.862Z,buy,1.66e-06,128.0,0.00021248
POA/BTC,1583131601297,2020-03-02T06:46:41.297Z,sell,1.66e-06,9126.0,0.01514916
POA/BTC,1583131629360,2020-03-02T06:47:09.360Z,buy,1.67e-06,90.0,0.0001503
POA/BTC,1583131629360,2020-03-02T06:47:09.360Z,buy,1.67e-06,90.0,0.0001503
POA/BTC,1583132190084,2020-03-02T06:56:30.084Z,buy,1.66e-06,183.0,0.00030378
POA/BTC,1583132190084,2020-03-02T06:56:30.084Z,buy,1.67e-06,45556.0,0.07607852
POA/BTC,1583132335860,2020-03-02T06:58:55.860Z,sell,1.66e-06,1000.0,0.00166
POA/BTC,1583132335860,2020-03-02T06:58:55.860Z,sell,1.65e-06,161.0,0.00026565
POA/BTC,1583132431369,2020-03-02T07:00:31.369Z,sell,1.65e-06,21873.0,0.03609045
POA/BTC,1583132644898,2020-03-02T07:04:04.898Z,buy,1.66e-06,1757.0,0.00291662
POA/BTC,1583133386123,2020-03-02T07:16:26.123Z,buy,1.67e-06,61.0,0.00010187
POA/BTC,1583133779424,2020-03-02T07:22:59.424Z,sell,1.66e-06,17533.0,0.02910478
POA/BTC,1583133848278,2020-03-02T07:24:08.278Z,buy,1.66e-06,61.0,0.00010126
POA/BTC,1583133960189,2020-03-02T07:26:00.189Z,buy,1.66e-06,4177.0,0.00693382
POA/BTC,1583134264843,2020-03-02T07:31:04.843Z,buy,1.66e-06,121.0,0.00020086
POA/BTC,1583135118935,2020-03-02T07:45:18.935Z,buy,1.66e-06,603.0,0.00100098
POA/BTC,1583135156756,2020-03-02T07:45:56.756Z,buy,1.66e-06,28602.0,0.04747932
POA/BTC,1583135164408,2020-03-02T07:46:04.408Z,sell,1.66e-06,1519.0,0.00252154
POA/BTC,1583135164408,2020-03-02T07:46:04.408Z,sell,1.66e-06,1519.0,0.00252154
POA/BTC,1583136125809,2020-03-02T08:02:05.809Z,buy,1.66e-06,61.0,0.00010126
POA/BTC,1583137086140,2020-03-02T08:18:06.140Z,buy,1.67e-06,61.0,0.00010187
POA/BTC,1583137506371,2020-03-02T08:25:06.371Z,sell,1.66e-06,122.0,0.00020252
POA/BTC,1583137506371,2020-03-02T08:25:06.371Z,sell,1.65e-06,37595.0,0.06203175
POA/BTC,1583137520443,2020-03-02T08:25:20.443Z,buy,1.65e-06,18183.0,0.03000195
POA/BTC,1583137526717,2020-03-02T08:25:26.717Z,buy,1.65e-06,9091.0,0.01500015
POA/BTC,1583137526757,2020-03-02T08:25:26.757Z,buy,1.65e-06,463.0,0.00076395
POA/BTC,1583137542638,2020-03-02T08:25:42.638Z,buy,1.65e-06,33355.0,0.05503575
POA/BTC,1583137556056,2020-03-02T08:25:56.056Z,buy,1.65e-06,18149.0,0.02994585
POA/BTC,1583137573117,2020-03-02T08:26:13.117Z,buy,1.65e-06,4064.0,0.0067056
POA/BTC,1583137592066,2020-03-02T08:26:32.066Z,buy,1.65e-06,4523.0,0.00746295
POA/BTC,1583137667285,2020-03-02T08:27:47.285Z,sell,1.64e-06,67884.0,0.11132976
POA/BTC,1583137667285,2020-03-02T08:27:47.285Z,sell,1.64e-06,6054.0,0.00992856
POA/BTC,1583137667285,2020-03-02T08:27:47.285Z,sell,1.63e-06,9986.0,0.01627718
POA/BTC,1583137667298,2020-03-02T08:27:47.298Z,buy,1.63e-06,1353.0,0.00220539
POA/BTC,1583137669292,2020-03-02T08:27:49.292Z,buy,1.64e-06,486.0,0.0007970399999999
POA/BTC,1583137669703,2020-03-02T08:27:49.703Z,buy,1.64e-06,176.0,0.00028864
POA/BTC,1583137678891,2020-03-02T08:27:58.891Z,buy,1.64e-06,1000.0,0.00164
POA/BTC,1583137739131,2020-03-02T08:28:59.131Z,sell,1.64e-06,24377.0,0.03997828
POA/BTC,1583137739131,2020-03-02T08:28:59.131Z,sell,1.63e-06,5292.0,0.00862596
POA/BTC,1583137993053,2020-03-02T08:33:13.053Z,sell,1.64e-06,12906.0,0.02116584
POA/BTC,1583137993079,2020-03-02T08:33:13.079Z,buy,1.64e-06,12973.0,0.0212757199999999
POA/BTC,1583138353585,2020-03-02T08:39:13.585Z,sell,1.64e-06,61.0,0.00010004
POA/BTC,1583138519974,2020-03-02T08:41:59.974Z,buy,1.64e-06,1552.0,0.00254528
POA/BTC,1583138528273,2020-03-02T08:42:08.273Z,buy,1.64e-06,28448.0,0.04665472
POA/BTC,1583138534235,2020-03-02T08:42:14.235Z,buy,1.65e-06,1104.0,0.0018216
POA/BTC,1583138569188,2020-03-02T08:42:49.188Z,buy,1.65e-06,2208.0,0.0036432
POA/BTC,1583138572318,2020-03-02T08:42:52.318Z,buy,1.65e-06,440.0,0.000726
POA/BTC,1583138610730,2020-03-02T08:43:30.730Z,buy,1.65e-06,11840.0,0.019536
POA/BTC,1583138659150,2020-03-02T08:44:19.150Z,sell,1.65e-06,5362.0,0.0088473
POA/BTC,1583138691182,2020-03-02T08:44:51.182Z,buy,1.65e-06,1120.0,0.001848
POA/BTC,1583138692911,2020-03-02T08:44:52.911Z,buy,1.65e-06,597.0,0.00098505
POA/BTC,1583138692911,2020-03-02T08:44:52.911Z,buy,1.65e-06,597.0,0.00098505
POA/BTC,1583138873584,2020-03-02T08:47:53.584Z,buy,1.65e-06,21080.0,0.034782
POA/BTC,1583139732756,2020-03-02T09:02:12.756Z,buy,1.65e-06,36943.0,0.06095595
POA/BTC,1583139919070,2020-03-02T09:05:19.070Z,buy,1.66e-06,7310.0,0.0121346
POA/BTC,1583140020959,2020-03-02T09:07:00.959Z,sell,1.66e-06,22710.0,0.0376986
POA/BTC,1583140067210,2020-03-02T09:07:47.210Z,buy,1.66e-06,91.0,0.00015106
POA/BTC,1583140137200,2020-03-02T09:08:57.200Z,buy,1.66e-06,13301.0,0.02207966
POA/BTC,1583140137897,2020-03-02T09:08:57.897Z,sell,1.66e-06,11269.0,0.01870654
POA/BTC,1583140153310,2020-03-02T09:09:13.310Z,buy,1.66e-06,3452.0,0.00573032
POA/BTC,1583140157194,2020-03-02T09:09:17.194Z,sell,1.66e-06,14975.0,0.0248585
POA/BTC,1583140191506,2020-03-02T09:09:51.506Z,sell,1.66e-06,13758.0,0.02283828
POA/BTC,1583140582562,2020-03-02T09:16:22.562Z,buy,1.67e-06,100.0,0.000167
POA/BTC,1583140590002,2020-03-02T09:16:30.002Z,buy,1.67e-06,100.0,0.000167
POA/BTC,1583140595715,2020-03-02T09:16:35.715Z,buy,1.67e-06,100.0,0.000167
POA/BTC,1583140627436,2020-03-02T09:17:07.436Z,buy,1.67e-06,40976.0,0.06842992
POA/BTC,1583140893211,2020-03-02T09:21:33.211Z,buy,1.67e-06,61.0,0.00010187
POA/BTC,1583141672809,2020-03-02T09:34:32.809Z,buy,1.67e-06,120.0,0.0002004
POA/BTC,1583141695979,2020-03-02T09:34:55.979Z,buy,1.67e-06,6110.0,0.0102037
POA/BTC,1583141797214,2020-03-02T09:36:37.214Z,buy,1.68e-06,61.0,0.00010248
POA/BTC,1583141862274,2020-03-02T09:37:42.274Z,buy,1.68e-06,120.0,0.0002016
POA/BTC,1583142112430,2020-03-02T09:41:52.430Z,sell,1.67e-06,65.0,0.00010855
POA/BTC,1583142212682,2020-03-02T09:43:32.682Z,buy,1.68e-06,90.0,0.0001512
POA/BTC,1583142217079,2020-03-02T09:43:37.079Z,sell,1.67e-06,33160.0,0.0553772
POA/BTC,1583142217086,2020-03-02T09:43:37.086Z,sell,1.67e-06,17259.0,0.02882253
POA/BTC,1583142217122,2020-03-02T09:43:37.122Z,sell,1.67e-06,10140.0,0.0169338
POA/BTC,1583142217122,2020-03-02T09:43:37.122Z,sell,1.67e-06,10140.0,0.0169338
POA/BTC,1583142664400,2020-03-02T09:51:04.400Z,buy,1.68e-06,90.0,0.0001512
POA/BTC,1583143771463,2020-03-02T10:09:31.463Z,sell,1.67e-06,50000.0,0.0835
POA/BTC,1583143785116,2020-03-02T10:09:45.116Z,sell,1.67e-06,100000.0,0.167
POA/BTC,1583143785197,2020-03-02T10:09:45.197Z,sell,1.67e-06,11651.0,0.01945717
POA/BTC,1583143812115,2020-03-02T10:10:12.115Z,sell,1.67e-06,466.0,0.00077822
POA/BTC,1583143812115,2020-03-02T10:10:12.115Z,sell,1.66e-06,143.0,0.00023738
POA/BTC,1583143819464,2020-03-02T10:10:19.464Z,sell,1.66e-06,1815.0,0.0030128999999999
POA/BTC,1583143979441,2020-03-02T10:12:59.441Z,sell,1.66e-06,1204.0,0.00199864
POA/BTC,1583145731761,2020-03-02T10:42:11.761Z,sell,1.66e-06,1426.0,0.00236716
POA/BTC,1583145731761,2020-03-02T10:42:11.761Z,sell,1.66e-06,1426.0,0.00236716
POA/BTC,1583145920782,2020-03-02T10:45:20.782Z,sell,1.66e-06,5048.0,0.00837968
POA/BTC,1583146333722,2020-03-02T10:52:13.722Z,sell,1.66e-06,20000.0,0.0332
POA/BTC,1583146342702,2020-03-02T10:52:22.702Z,sell,1.66e-06,7000.0,0.01162
POA/BTC,1583147261370,2020-03-02T11:07:41.370Z,sell,1.65e-06,9437.0,0.01557105
POA/BTC,1583147261370,2020-03-02T11:07:41.370Z,sell,1.65e-06,296.0,0.0004884
POA/BTC,1583147261370,2020-03-02T11:07:41.370Z,sell,1.64e-06,600.0,0.000984
POA/BTC,1583147587230,2020-03-02T11:13:07.230Z,sell,1.64e-06,181.0,0.00029684
POA/BTC,1583147616377,2020-03-02T11:13:36.377Z,buy,1.65e-06,557.0,0.00091905
POA/BTC,1583147650579,2020-03-02T11:14:10.579Z,buy,1.66e-06,598.0,0.00099268
POA/BTC,1583147812570,2020-03-02T11:16:52.570Z,sell,1.65e-06,1998.0,0.0032967
POA/BTC,1583147815956,2020-03-02T11:16:55.956Z,buy,1.66e-06,921.0,0.00152886
POA/BTC,1583148341916,2020-03-02T11:25:41.916Z,buy,1.66e-06,661.0,0.00109726
POA/BTC,1583148341916,2020-03-02T11:25:41.916Z,buy,1.66e-06,661.0,0.00109726
POA/BTC,1583149741801,2020-03-02T11:49:01.801Z,sell,1.65e-06,77.0,0.00012705
POA/BTC,1583149784776,2020-03-02T11:49:44.776Z,sell,1.65e-06,6078.0,0.0100287
POA/BTC,1583149796352,2020-03-02T11:49:56.352Z,sell,1.64e-06,73000.0,0.11972
POA/BTC,1583149821165,2020-03-02T11:50:21.165Z,sell,1.64e-06,114.0,0.0001869599999999
POA/BTC,1583149821178,2020-03-02T11:50:21.178Z,buy,1.65e-06,1000.0,0.00165
POA/BTC,1583150412740,2020-03-02T12:00:12.740Z,sell,1.64e-06,9348.0,0.0153307199999999
POA/BTC,1583150412753,2020-03-02T12:00:12.753Z,sell,1.64e-06,17428.0,0.02858192
POA/BTC,1583150451860,2020-03-02T12:00:51.860Z,sell,1.64e-06,174254.0,0.28577656
POA/BTC,1583150451860,2020-03-02T12:00:51.860Z,sell,1.63e-06,57196.0,0.09322948
POA/BTC,1583150451860,2020-03-02T12:00:51.860Z,sell,1.62e-06,86313.0,0.13982706
POA/BTC,1583150451880,2020-03-02T12:00:51.880Z,buy,1.62e-06,1093.0,0.0017706599999999
POA/BTC,1583150453788,2020-03-02T12:00:53.788Z,sell,1.63e-06,381.0,0.00062103
POA/BTC,1583150454513,2020-03-02T12:00:54.513Z,sell,1.63e-06,176.0,0.00028688
POA/BTC,1583150470981,2020-03-02T12:01:10.981Z,buy,1.63e-06,200.0,0.000326
POA/BTC,1583150484065,2020-03-02T12:01:24.065Z,buy,1.64e-06,6159.0,0.01010076
POA/BTC,1583150511563,2020-03-02T12:01:51.563Z,sell,1.63e-06,1000.0,0.00163
POA/BTC,1583150573398,2020-03-02T12:02:53.398Z,buy,1.64e-06,915.0,0.0015006
POA/BTC,1583150574078,2020-03-02T12:02:54.078Z,buy,1.64e-06,396.0,0.0006494399999999
POA/BTC,1583150607040,2020-03-02T12:03:27.040Z,buy,1.65e-06,2545.0,0.00419925
POA/BTC,1583150676121,2020-03-02T12:04:36.121Z,buy,1.65e-06,25755.0,0.04249575
POA/BTC,1583150696220,2020-03-02T12:04:56.220Z,sell,1.65e-06,2584.0,0.0042636
POA/BTC,1583150866892,2020-03-02T12:07:46.892Z,sell,1.65e-06,4938.0,0.0081477
POA/BTC,1583150872927,2020-03-02T12:07:52.927Z,sell,1.65e-06,9259.0,0.01527735
POA/BTC,1583151219220,2020-03-02T12:13:39.220Z,sell,1.65e-06,43902.0,0.0724383
POA/BTC,1583151788626,2020-03-02T12:23:08.626Z,sell,1.65e-06,14985.0,0.02472525
POA/BTC,1583151790846,2020-03-02T12:23:10.846Z,buy,1.66e-06,5600.0,0.009296
POA/BTC,1583151795345,2020-03-02T12:23:15.345Z,buy,1.66e-06,38704.0,0.06424864
POA/BTC,1583151811460,2020-03-02T12:23:31.460Z,buy,1.66e-06,11040.0,0.0183264
POA/BTC,1583151811460,2020-03-02T12:23:31.460Z,buy,1.66e-06,11040.0,0.0183264
POA/BTC,1583151973102,2020-03-02T12:26:13.102Z,sell,1.65e-06,1848.0,0.0030492
POA/BTC,1583152947639,2020-03-02T12:42:27.639Z,sell,1.65e-06,121.0,0.00019965
POA/BTC,1583153590474,2020-03-02T12:53:10.474Z,sell,1.65e-06,1200.0,0.00198
POA/BTC,1583154799150,2020-03-02T13:13:19.150Z,sell,1.65e-06,1907.0,0.00314655
POA/BTC,1583154799901,2020-03-02T13:13:19.901Z,sell,1.65e-06,113.0,0.00018645
POA/BTC,1583154895172,2020-03-02T13:14:55.172Z,buy,1.66e-06,8499.0,0.01410834
POA/BTC,1583154899931,2020-03-02T13:14:59.931Z,sell,1.66e-06,915.0,0.0015189
POA/BTC,1583155016673,2020-03-02T13:16:56.673Z,sell,1.66e-06,7753.0,0.01286998
POA/BTC,1583155080027,2020-03-02T13:18:00.027Z,buy,1.67e-06,17.0,2.839e-05
POA/BTC,1583155080144,2020-03-02T13:18:00.144Z,sell,1.66e-06,68.0,0.00011288
POA/BTC,1583155314771,2020-03-02T13:21:54.771Z,sell,1.66e-06,12482.0,0.0207201199999999
POA/BTC,1583155314771,2020-03-02T13:21:54.771Z,sell,1.66e-06,12482.0,0.0207201199999999
POA/BTC,1583155502004,2020-03-02T13:25:02.004Z,buy,1.66e-06,91.0,0.00015106
POA/BTC,1583155889364,2020-03-02T13:31:29.364Z,buy,1.66e-06,281.0,0.00046646
POA/BTC,1583156068093,2020-03-02T13:34:28.093Z,buy,1.66e-06,30.0,4.98e-05
POA/BTC,1583156232975,2020-03-02T13:37:12.975Z,buy,1.67e-06,61.0,0.00010187
POA/BTC,1583156638882,2020-03-02T13:43:58.882Z,sell,1.65e-06,41297.0,0.06814005
POA/BTC,1583156673909,2020-03-02T13:44:33.909Z,sell,1.64e-06,18924.0,0.0310353599999999
POA/BTC,1583156679056,2020-03-02T13:44:39.056Z,sell,1.64e-06,21440.0,0.0351616
POA/BTC,1583156683126,2020-03-02T13:44:43.126Z,sell,1.63e-06,26927.0,0.04389101
POA/BTC,1583156690239,2020-03-02T13:44:50.239Z,sell,1.63e-06,59812.0,0.09749356
POA/BTC,1583156713527,2020-03-02T13:45:13.527Z,buy,1.64e-06,8229.0,0.01349556
POA/BTC,1583156736940,2020-03-02T13:45:36.940Z,buy,1.65e-06,598.0,0.0009867
POA/BTC,1583156786934,2020-03-02T13:46:26.934Z,sell,1.64e-06,62290.0,0.1021556
POA/BTC,1583156792833,2020-03-02T13:46:32.833Z,sell,1.63e-06,153914.0,0.25087982
POA/BTC,1583156834869,2020-03-02T13:47:14.869Z,buy,1.64e-06,1557.0,0.00255348
POA/BTC,1583156865218,2020-03-02T13:47:45.218Z,sell,1.63e-06,118788.0,0.19362444
POA/BTC,1583156898832,2020-03-02T13:48:18.832Z,buy,1.64e-06,4501.0,0.00738164
POA/BTC,1583157026135,2020-03-02T13:50:26.135Z,sell,1.64e-06,32727.0,0.0536722799999999
POA/BTC,1583157111251,2020-03-02T13:51:51.251Z,sell,1.64e-06,52013.0,0.08530132
POA/BTC,1583157128260,2020-03-02T13:52:08.260Z,sell,1.64e-06,52388.0,0.08591632
POA/BTC,1583157145035,2020-03-02T13:52:25.035Z,sell,1.63e-06,27329.0,0.04454627
POA/BTC,1583157204988,2020-03-02T13:53:24.988Z,sell,1.63e-06,26178.0,0.04267014
POA/BTC,1583157249364,2020-03-02T13:54:09.364Z,buy,1.63e-06,12270.0,0.0200001
POA/BTC,1583157504521,2020-03-02T13:58:24.521Z,buy,1.64e-06,619.0,0.00101516
POA/BTC,1583157505426,2020-03-02T13:58:25.426Z,buy,1.64e-06,1301.0,0.00213364
POA/BTC,1583157636497,2020-03-02T14:00:36.497Z,sell,1.63e-06,1557.0,0.00253791
POA/BTC,1583157648683,2020-03-02T14:00:48.683Z,sell,1.63e-06,32397.0,0.05280711
POA/BTC,1583157715867,2020-03-02T14:01:55.867Z,sell,1.63e-06,27771.0,0.04526673
POA/BTC,1583157843542,2020-03-02T14:04:03.542Z,sell,1.62e-06,141225.0,0.2287845
POA/BTC,1583157844233,2020-03-02T14:04:04.233Z,buy,1.63e-06,21.0,3.423e-05
POA/BTC,1583157866137,2020-03-02T14:04:26.137Z,buy,1.63e-06,1737.0,0.00283131
POA/BTC,1583157871077,2020-03-02T14:04:31.077Z,sell,1.62e-06,381.0,0.00061722
POA/BTC,1583157871077,2020-03-02T14:04:31.077Z,sell,1.61e-06,96049.0,0.15463889
POA/BTC,1583157871077,2020-03-02T14:04:31.077Z,buy,1.61e-06,66666.0,0.10733226
POA/BTC,1583157871090,2020-03-02T14:04:31.090Z,buy,1.61e-06,1641.0,0.00264201
POA/BTC,1583157871133,2020-03-02T14:04:31.133Z,buy,1.63e-06,2298.0,0.00374574
POA/BTC,1583157871133,2020-03-02T14:04:31.133Z,buy,1.64e-06,26462.0,0.04339768
POA/BTC,1583157871133,2020-03-02T14:04:31.133Z,buy,1.65e-06,36555.0,0.06031575
POA/BTC,1583157872429,2020-03-02T14:04:32.429Z,sell,1.62e-06,381.0,0.00061722
POA/BTC,1583157872936,2020-03-02T14:04:32.936Z,sell,1.62e-06,873.0,0.0014142599999999
POA/BTC,1583157873169,2020-03-02T14:04:33.169Z,buy,1.63e-06,381.0,0.00062103
POA/BTC,1583157898370,2020-03-02T14:04:58.370Z,buy,1.64e-06,1000.0,0.00164
POA/BTC,1583157901609,2020-03-02T14:05:01.609Z,sell,1.63e-06,1000.0,0.00163
POA/BTC,1583157903596,2020-03-02T14:05:03.596Z,sell,1.63e-06,557.0,0.00090791
POA/BTC,1583157903596,2020-03-02T14:05:03.596Z,sell,1.62e-06,443.0,0.00071766
POA/BTC,1583157912975,2020-03-02T14:05:12.975Z,sell,1.62e-06,36977.0,0.0599027399999999
POA/BTC,1583157928479,2020-03-02T14:05:28.479Z,buy,1.63e-06,757.0,0.00123391
POA/BTC,1583157956985,2020-03-02T14:05:56.985Z,sell,1.63e-06,1065.0,0.00173595
POA/BTC,1583157956985,2020-03-02T14:05:56.985Z,sell,1.62e-06,20968.0,0.03396816
POA/BTC,1583157978895,2020-03-02T14:06:18.895Z,sell,1.62e-06,8700.0,0.0140939999999999
POA/BTC,1583157978895,2020-03-02T14:06:18.895Z,sell,1.61e-06,24655.0,0.03969455
POA/BTC,1583157996798,2020-03-02T14:06:36.798Z,buy,1.62e-06,6760.0,0.0109512
POA/BTC,1583158008508,2020-03-02T14:06:48.508Z,sell,1.61e-06,36021.0,0.05799381
POA/BTC,1583158037962,2020-03-02T14:07:17.962Z,sell,1.61e-06,145551.0,0.23433711
POA/BTC,1583158056011,2020-03-02T14:07:36.011Z,buy,1.62e-06,926.0,0.00150012
POA/BTC,1583158056024,2020-03-02T14:07:36.024Z,buy,1.62e-06,831.0,0.00134622
POA/BTC,1583158083148,2020-03-02T14:08:03.148Z,sell,1.61e-06,13352.0,0.02149672
POA/BTC,1583158112137,2020-03-02T14:08:32.137Z,sell,1.61e-06,102219.0,0.16457259
POA/BTC,1583158131967,2020-03-02T14:08:51.967Z,buy,1.62e-06,757.0,0.00122634
POA/BTC,1583158136560,2020-03-02T14:08:56.560Z,sell,1.62e-06,30107.0,0.04877334
POA/BTC,1583158187058,2020-03-02T14:09:47.058Z,buy,1.62e-06,3490.0,0.0056538
POA/BTC,1583158201601,2020-03-02T14:10:01.601Z,sell,1.62e-06,27727.0,0.04491774
POA/BTC,1583158217687,2020-03-02T14:10:17.687Z,sell,1.62e-06,75.0,0.0001215
POA/BTC,1583158221294,2020-03-02T14:10:21.294Z,sell,1.62e-06,98.0,0.00015876
POA/BTC,1583158265970,2020-03-02T14:11:05.970Z,sell,1.62e-06,20015.0,0.0324242999999999
POA/BTC,1583158329945,2020-03-02T14:12:09.945Z,sell,1.62e-06,28042.0,0.0454280399999999
POA/BTC,1583158365952,2020-03-02T14:12:45.952Z,sell,1.61e-06,30993.0,0.04989873
POA/BTC,1583158432079,2020-03-02T14:13:52.079Z,buy,1.62e-06,30864.0,0.04999968
POA/BTC,1583158456921,2020-03-02T14:14:16.921Z,buy,1.62e-06,1376.0,0.00222912
POA/BTC,1583158532327,2020-03-02T14:15:32.327Z,sell,1.62e-06,62.0,0.00010044
POA/BTC,1583158539094,2020-03-02T14:15:39.094Z,sell,1.62e-06,62.0,0.00010044
POA/BTC,1583158593435,2020-03-02T14:16:33.435Z,sell,1.62e-06,5493.0,0.00889866
POA/BTC,1583158593435,2020-03-02T14:16:33.435Z,sell,1.61e-06,25049.0,0.04032889
POA/BTC,1583158593435,2020-03-02T14:16:33.435Z,sell,1.6e-06,50888.0,0.0814208
POA/BTC,1583158593435,2020-03-02T14:16:33.435Z,sell,1.59e-06,9683.0,0.01539597
POA/BTC,1583158594326,2020-03-02T14:16:34.326Z,buy,1.61e-06,421.0,0.00067781
POA/BTC,1583158594349,2020-03-02T14:16:34.349Z,buy,1.61e-06,635.0,0.00102235
POA/BTC,1583158594903,2020-03-02T14:16:34.903Z,sell,1.6e-06,381.0,0.0006096
POA/BTC,1583158595822,2020-03-02T14:16:35.822Z,sell,1.6e-06,176.0,0.0002816
POA/BTC,1583158606951,2020-03-02T14:16:46.951Z,buy,1.61e-06,757.0,0.00121877
POA/BTC,1583158610550,2020-03-02T14:16:50.550Z,buy,1.61e-06,1371.0,0.00220731
POA/BTC,1583158612783,2020-03-02T14:16:52.783Z,sell,1.6e-06,1452.0,0.0023232
POA/BTC,1583158619883,2020-03-02T14:16:59.883Z,sell,1.6e-06,58798.0,0.0940768
POA/BTC,1583158622473,2020-03-02T14:17:02.473Z,buy,1.61e-06,557.0,0.00089677
POA/BTC,1583158622473,2020-03-02T14:17:02.473Z,buy,1.62e-06,815.0,0.0013203
POA/BTC,1583158645438,2020-03-02T14:17:25.438Z,sell,1.6e-06,31971.0,0.0511536
POA/BTC,1583158653713,2020-03-02T14:17:33.713Z,sell,1.6e-06,55555.0,0.088888
POA/BTC,1583158688074,2020-03-02T14:18:08.074Z,sell,1.6e-06,27703.0,0.0443248
POA/BTC,1583158705086,2020-03-02T14:18:25.086Z,buy,1.61e-06,1850.0,0.0029785
POA/BTC,1583158795417,2020-03-02T14:19:55.417Z,sell,1.6e-06,8527.0,0.0136432
POA/BTC,1583158875993,2020-03-02T14:21:15.993Z,buy,1.62e-06,1250.0,0.002025
POA/BTC,1583158875993,2020-03-02T14:21:15.993Z,buy,1.62e-06,1250.0,0.002025
POA/BTC,1583158946757,2020-03-02T14:22:26.757Z,buy,1.62e-06,2236.0,0.00362232
POA/BTC,1583159148424,2020-03-02T14:25:48.424Z,sell,1.61e-06,16281.0,0.02621241
POA/BTC,1583159148424,2020-03-02T14:25:48.424Z,sell,1.6e-06,83719.0,0.1339504
POA/BTC,1583159221447,2020-03-02T14:27:01.447Z,sell,1.6e-06,120000.0,0.192
POA/BTC,1583159247727,2020-03-02T14:27:27.727Z,buy,1.61e-06,1557.0,0.00250677
POA/BTC,1583159269604,2020-03-02T14:27:49.604Z,sell,1.6e-06,50000.0,0.08
POA/BTC,1583159575943,2020-03-02T14:32:55.943Z,buy,1.62e-06,2612.0,0.0042314399999999
POA/BTC,1583159705444,2020-03-02T14:35:05.444Z,buy,1.61e-06,4968.0,0.00799848
POA/BTC,1583159705453,2020-03-02T14:35:05.453Z,buy,1.61e-06,1197.0,0.00192717
POA/BTC,1583159884821,2020-03-02T14:38:04.821Z,buy,1.61e-06,254.0,0.00040894
POA/BTC,1583160269952,2020-03-02T14:44:29.952Z,sell,1.61e-06,6182.0,0.00995302
POA/BTC,1583160526131,2020-03-02T14:48:46.131Z,buy,1.62e-06,1840.0,0.0029808
POA/BTC,1583160619760,2020-03-02T14:50:19.760Z,buy,1.62e-06,18867.0,0.0305645399999999
POA/BTC,1583160620444,2020-03-02T14:50:20.444Z,sell,1.62e-06,77.0,0.00012474
POA/BTC,1583160694659,2020-03-02T14:51:34.659Z,buy,1.63e-06,2211.0,0.00360393
POA/BTC,1583161073432,2020-03-02T14:57:53.432Z,sell,1.62e-06,109.0,0.00017658
POA/BTC,1583161608668,2020-03-02T15:06:48.668Z,buy,1.63e-06,21.0,3.423e-05
POA/BTC,1583161628640,2020-03-02T15:07:08.640Z,buy,1.63e-06,1048.0,0.00170824
POA/BTC,1583161812127,2020-03-02T15:10:12.127Z,buy,1.63e-06,18.0,2.934e-05
POA/BTC,1583161812183,2020-03-02T15:10:12.183Z,sell,1.62e-06,72.0,0.00011664
POA/BTC,1583162380766,2020-03-02T15:19:40.766Z,buy,1.63e-06,21472.0,0.03499936
POA/BTC,1583162380766,2020-03-02T15:19:40.766Z,buy,1.63e-06,21472.0,0.03499936
POA/BTC,1583162553359,2020-03-02T15:22:33.359Z,buy,1.63e-06,62.0,0.00010106
POA/BTC,1583162619270,2020-03-02T15:23:39.270Z,sell,1.62e-06,432.0,0.00069984
POA/BTC,1583163574941,2020-03-02T15:39:34.941Z,sell,1.62e-06,113877.0,0.18448074
POA/BTC,1583163574960,2020-03-02T15:39:34.960Z,sell,1.62e-06,4986.0,0.0080773199999999
POA/BTC,1583163996263,2020-03-02T15:46:36.263Z,sell,1.62e-06,62.0,0.00010044
POA/BTC,1583164832267,2020-03-02T16:00:32.267Z,sell,1.62e-06,365.0,0.0005913
POA/BTC,1583164875124,2020-03-02T16:01:15.124Z,sell,1.62e-06,103.0,0.0001668599999999
POA/BTC,1583164884633,2020-03-02T16:01:24.633Z,sell,1.62e-06,1127.0,0.00182574
POA/BTC,1583164939120,2020-03-02T16:02:19.120Z,sell,1.62e-06,10298.0,0.0166827599999999
POA/BTC,1583165218756,2020-03-02T16:06:58.756Z,buy,1.63e-06,104597.0,0.17049311
POA/BTC,1583165283929,2020-03-02T16:08:03.929Z,buy,1.63e-06,62.0,0.00010106
POA/BTC,1583165283929,2020-03-02T16:08:03.929Z,buy,1.64e-06,12.0,1.968e-05
POA/BTC,1583165597813,2020-03-02T16:13:17.813Z,buy,1.63e-06,1000.0,0.00163
POA/BTC,1583165647155,2020-03-02T16:14:07.155Z,buy,1.63e-06,643.0,0.00104809
POA/BTC,1583165707430,2020-03-02T16:15:07.430Z,buy,1.63e-06,165.0,0.00026895
POA/BTC,1583165707462,2020-03-02T16:15:07.462Z,buy,1.63e-06,165.0,0.00026895
POA/BTC,1583165758610,2020-03-02T16:15:58.610Z,buy,1.63e-06,4161.0,0.00678243
POA/BTC,1583165758610,2020-03-02T16:15:58.610Z,buy,1.64e-06,5431.0,0.00890684
POA/BTC,1583165758610,2020-03-02T16:15:58.610Z,buy,1.63e-06,4161.0,0.00678243
POA/BTC,1583165758610,2020-03-02T16:15:58.610Z,buy,1.64e-06,5431.0,0.00890684
POA/BTC,1583166573996,2020-03-02T16:29:33.996Z,sell,1.63e-06,4741.0,0.00772783
POA/BTC,1583166763284,2020-03-02T16:32:43.284Z,buy,1.64e-06,281.0,0.00046084
POA/BTC,1583166824013,2020-03-02T16:33:44.013Z,buy,1.64e-06,1117.0,0.00183188
POA/BTC,1583167047906,2020-03-02T16:37:27.906Z,buy,1.64e-06,9843.0,0.01614252
POA/BTC,1583167115728,2020-03-02T16:38:35.728Z,buy,1.64e-06,304878.0,0.49999992
POA/BTC,1583167382833,2020-03-02T16:43:02.833Z,buy,1.64e-06,11274.0,0.01848936
POA/BTC,1583167461602,2020-03-02T16:44:21.602Z,buy,1.64e-06,21.0,3.444e-05
POA/BTC,1583167597361,2020-03-02T16:46:37.361Z,buy,1.64e-06,490.0,0.0008036
POA/BTC,1583167714467,2020-03-02T16:48:34.467Z,buy,1.64e-06,17003.0,0.02788492
POA/BTC,1583168214999,2020-03-02T16:56:54.999Z,buy,1.64e-06,62.0,0.00010168
POA/BTC,1583168261541,2020-03-02T16:57:41.541Z,sell,1.63e-06,2253.0,0.00367239
POA/BTC,1583168387029,2020-03-02T16:59:47.029Z,buy,1.64e-06,2120.0,0.0034768
POA/BTC,1583168387029,2020-03-02T16:59:47.029Z,buy,1.65e-06,214274.0,0.3535521
POA/BTC,1583168387051,2020-03-02T16:59:47.051Z,sell,1.65e-06,26673.0,0.04401045
POA/BTC,1583168387060,2020-03-02T16:59:47.060Z,sell,1.65e-06,5084.0,0.0083886
POA/BTC,1583168390321,2020-03-02T16:59:50.321Z,buy,1.66e-06,2410.0,0.0040006
POA/BTC,1583168399236,2020-03-02T16:59:59.236Z,sell,1.65e-06,926.0,0.0015279
POA/BTC,1583168477095,2020-03-02T17:01:17.095Z,sell,1.65e-06,74.0,0.0001221
POA/BTC,1583168477095,2020-03-02T17:01:17.095Z,sell,1.65e-06,74.0,0.0001221
POA/BTC,1583169512214,2020-03-02T17:18:32.214Z,sell,1.65e-06,14383.0,0.02373195
POA/BTC,1583169547310,2020-03-02T17:19:07.310Z,sell,1.65e-06,20831.0,0.03437115
POA/BTC,1583169618634,2020-03-02T17:20:18.634Z,buy,1.66e-06,1026.0,0.00170316
POA/BTC,1583169637986,2020-03-02T17:20:37.986Z,sell,1.65e-06,24771.0,0.04087215
POA/BTC,1583169718741,2020-03-02T17:21:58.741Z,sell,1.65e-06,45829.0,0.07561785
POA/BTC,1583169718876,2020-03-02T17:21:58.876Z,buy,1.65e-06,481.0,0.00079365
POA/BTC,1583169718972,2020-03-02T17:21:58.972Z,buy,1.65e-06,316.0,0.0005214
POA/BTC,1583170042215,2020-03-02T17:27:22.215Z,buy,1.65e-06,12313.0,0.02031645
POA/BTC,1583170044756,2020-03-02T17:27:24.756Z,buy,1.65e-06,1954.0,0.0032241
POA/BTC,1583170210620,2020-03-02T17:30:10.620Z,buy,1.66e-06,44919.0,0.07456554
POA/BTC,1583170344226,2020-03-02T17:32:24.226Z,buy,1.66e-06,61.0,0.00010126
POA/BTC,1583170429908,2020-03-02T17:33:49.908Z,buy,1.66e-06,91.0,0.00015106
POA/BTC,1583170558376,2020-03-02T17:35:58.376Z,buy,1.66e-06,250.0,0.000415
POA/BTC,1583170597023,2020-03-02T17:36:37.023Z,sell,1.65e-06,1533.0,0.00252945
POA/BTC,1583170599010,2020-03-02T17:36:39.010Z,sell,1.65e-06,1056.0,0.0017424
POA/BTC,1583170601313,2020-03-02T17:36:41.313Z,sell,1.65e-06,725.0,0.00119625
POA/BTC,1583170615163,2020-03-02T17:36:55.163Z,buy,1.66e-06,61.0,0.00010126
POA/BTC,1583170742029,2020-03-02T17:39:02.029Z,buy,1.66e-06,4345.0,0.0072127
POA/BTC,1583170856386,2020-03-02T17:40:56.386Z,buy,1.66e-06,277.0,0.00045982
POA/BTC,1583170878810,2020-03-02T17:41:18.810Z,buy,1.66e-06,832.0,0.00138112
POA/BTC,1583170879846,2020-03-02T17:41:19.846Z,buy,1.66e-06,17619.0,0.02924754
POA/BTC,1583171124164,2020-03-02T17:45:24.164Z,sell,1.65e-06,1940.0,0.003201
POA/BTC,1583171147309,2020-03-02T17:45:47.309Z,sell,1.64e-06,605.0,0.0009922
POA/BTC,1583171517001,2020-03-02T17:51:57.001Z,sell,1.64e-06,1167.0,0.00191388
POA/BTC,1583171879187,2020-03-02T17:57:59.187Z,buy,1.65e-06,2832.0,0.0046728
POA/BTC,1583171919877,2020-03-02T17:58:39.877Z,sell,1.65e-06,29.0,4.785e-05
POA/BTC,1583171919877,2020-03-02T17:58:39.877Z,sell,1.64e-06,10344.0,0.01696416
POA/BTC,1583171919877,2020-03-02T17:58:39.877Z,sell,1.65e-06,29.0,4.785e-05
POA/BTC,1583171919877,2020-03-02T17:58:39.877Z,sell,1.64e-06,10344.0,0.01696416
POA/BTC,1583172432549,2020-03-02T18:07:12.549Z,buy,1.66e-06,2813.0,0.0046695799999999
POA/BTC,1583172432799,2020-03-02T18:07:12.799Z,buy,1.66e-06,5000.0,0.0083
POA/BTC,1583172620177,2020-03-02T18:10:20.177Z,buy,1.65e-06,61.0,0.00010065
POA/BTC,1583172659716,2020-03-02T18:10:59.716Z,sell,1.64e-06,4995.0,0.0081917999999999
POA/BTC,1583173319902,2020-03-02T18:21:59.902Z,buy,1.65e-06,1618.0,0.0026697
POA/BTC,1583173319902,2020-03-02T18:21:59.902Z,buy,1.66e-06,35743.0,0.05933338
POA/BTC,1583173319902,2020-03-02T18:21:59.902Z,buy,1.67e-06,319573.0,0.53368691
POA/BTC,1583173544076,2020-03-02T18:25:44.076Z,sell,1.66e-06,4583.0,0.00760778
POA/BTC,1583173737402,2020-03-02T18:28:57.402Z,sell,1.65e-06,1092.0,0.0018018
POA/BTC,1583174322177,2020-03-02T18:38:42.177Z,buy,1.66e-06,1369.0,0.00227254
POA/BTC,1583174589479,2020-03-02T18:43:09.479Z,buy,1.66e-06,106453.0,0.17671198
POA/BTC,1583174723120,2020-03-02T18:45:23.120Z,buy,1.66e-06,61.0,0.00010126
POA/BTC,1583175038788,2020-03-02T18:50:38.788Z,buy,1.67e-06,120.0,0.0002004
POA/BTC,1583175363571,2020-03-02T18:56:03.571Z,sell,1.65e-06,2813.0,0.00464145
POA/BTC,1583175363571,2020-03-02T18:56:03.571Z,sell,1.65e-06,2813.0,0.00464145
POA/BTC,1583175977213,2020-03-02T19:06:17.213Z,sell,1.65e-06,4440.0,0.007326
POA/BTC,1583176431889,2020-03-02T19:13:51.889Z,sell,1.65e-06,73.0,0.00012045
POA/BTC,1583177990629,2020-03-02T19:39:50.629Z,sell,1.65e-06,115649.0,0.19082085
POA/BTC,1583178481722,2020-03-02T19:48:01.722Z,buy,1.65e-06,7307.0,0.01205655
POA/BTC,1583178848367,2020-03-02T19:54:08.367Z,buy,1.65e-06,15581.0,0.02570865
POA/BTC,1583178848367,2020-03-02T19:54:08.367Z,buy,1.65e-06,15581.0,0.02570865
POA/BTC,1583179120034,2020-03-02T19:58:40.034Z,buy,1.66e-06,89.0,0.00014774
POA/BTC,1583180048450,2020-03-02T20:14:08.450Z,buy,1.66e-06,1000.0,0.00166
POA/BTC,1583180144014,2020-03-02T20:15:44.014Z,sell,1.65e-06,1000.0,0.00165
POA/BTC,1583180231722,2020-03-02T20:17:11.722Z,sell,1.64e-06,110000.0,0.1804
POA/BTC,1583180280213,2020-03-02T20:18:00.213Z,buy,1.65e-06,557.0,0.00091905
POA/BTC,1583180298560,2020-03-02T20:18:18.560Z,sell,1.65e-06,1000.0,0.00165
POA/BTC,1583180400809,2020-03-02T20:20:00.809Z,sell,1.65e-06,6858.0,0.0113157
POA/BTC,1583180604152,2020-03-02T20:23:24.152Z,sell,1.65e-06,1264.0,0.0020856
POA/BTC,1583182001031,2020-03-02T20:46:41.031Z,buy,1.65e-06,8630.0,0.0142395
POA/BTC,1583182041541,2020-03-02T20:47:21.541Z,sell,1.65e-06,61.0,0.00010065
POA/BTC,1583182041541,2020-03-02T20:47:21.541Z,sell,1.65e-06,61.0,0.00010065
POA/BTC,1583182469149,2020-03-02T20:54:29.149Z,buy,1.66e-06,500.0,0.00083
POA/BTC,1583183367451,2020-03-02T21:09:27.451Z,buy,1.66e-06,91.0,0.00015106
POA/BTC,1583183410243,2020-03-02T21:10:10.243Z,buy,1.66e-06,68004.0,0.11288664
POA/BTC,1583183574747,2020-03-02T21:12:54.747Z,sell,1.65e-06,30864.0,0.0509256
POA/BTC,1583183587363,2020-03-02T21:13:07.363Z,sell,1.65e-06,46050.0,0.0759825
POA/BTC,1583183653714,2020-03-02T21:14:13.714Z,sell,1.64e-06,30802.0,0.0505152799999999
POA/BTC,1583183731557,2020-03-02T21:15:31.557Z,sell,1.64e-06,200000.0,0.328
POA/BTC,1583183830388,2020-03-02T21:17:10.388Z,buy,1.65e-06,122.0,0.0002013
POA/BTC,1583185474586,2020-03-02T21:44:34.586Z,buy,1.65e-06,604.0,0.0009966
POA/BTC,1583185474586,2020-03-02T21:44:34.586Z,buy,1.65e-06,604.0,0.0009966
POA/BTC,1583185939611,2020-03-02T21:52:19.611Z,buy,1.65e-06,151.0,0.00024915
POA/BTC,1583185940584,2020-03-02T21:52:20.584Z,buy,1.65e-06,3740.0,0.006171
POA/BTC,1583185940766,2020-03-02T21:52:20.766Z,buy,1.65e-06,6060.0,0.009999
POA/BTC,1583185941684,2020-03-02T21:52:21.684Z,buy,1.65e-06,816.0,0.0013464
POA/BTC,1583186021784,2020-03-02T21:53:41.784Z,sell,1.64e-06,10368.0,0.01700352
POA/BTC,1583186068827,2020-03-02T21:54:28.827Z,buy,1.64e-06,30487.0,0.04999868
POA/BTC,1583186194881,2020-03-02T21:56:34.881Z,buy,1.64e-06,14537.0,0.02384068
POA/BTC,1583187092901,2020-03-02T22:11:32.901Z,buy,1.65e-06,12121.0,0.01999965
POA/BTC,1583188179768,2020-03-02T22:29:39.768Z,buy,1.65e-06,1047.0,0.00172755
POA/BTC,1583188179768,2020-03-02T22:29:39.768Z,buy,1.65e-06,1047.0,0.00172755
POA/BTC,1583190049193,2020-03-02T23:00:49.193Z,sell,1.64e-06,24290.0,0.0398356
POA/BTC,1583190108340,2020-03-02T23:01:48.340Z,buy,1.64e-06,5057.0,0.00829348
POA/BTC,1583190108359,2020-03-02T23:01:48.359Z,sell,1.64e-06,5262.0,0.00862968
POA/BTC,1583190680554,2020-03-02T23:11:20.554Z,buy,1.64e-06,61.0,0.00010004
POA/BTC,1583190680554,2020-03-02T23:11:20.554Z,buy,1.64e-06,61.0,0.00010004
POA/BTC,1583192238802,2020-03-02T23:37:18.802Z,buy,1.64e-06,61.0,0.00010004
POA/BTC,1583192471870,2020-03-02T23:41:11.870Z,buy,1.64e-06,122.0,0.00020008
POA/BTC,1583192471870,2020-03-02T23:41:11.870Z,buy,1.64e-06,122.0,0.00020008
POA/BTC,1583194968473,2020-03-03T00:22:48.473Z,sell,1.64e-06,1557.0,0.00255348
POA/BTC,1583195156097,2020-03-03T00:25:56.097Z,sell,1.64e-06,2633.0,0.00431812
