symbol,timestamp,datetime,side,price,amount,btc_volume
POA/BTC,1556452870511,2019-04-28T12:01:10.511Z,sell,6.11e-06,2188.0,0.0133686799999999
POA/BTC,1556452870511,2019-04-28T12:01:10.511Z,sell,6.1e-06,40521.0,0.2471781
POA/BTC,1556452909641,2019-04-28T12:01:49.641Z,sell,6.13e-06,812.0,0.00497756
POA/BTC,1556453449329,2019-04-28T12:10:49.329Z,buy,6.13e-06,489.0,0.0029975699999999
POA/BTC,1556453591959,2019-04-28T12:13:11.959Z,sell,6.12e-06,1178.0,0.00720936
POA/BTC,1556453591959,2019-04-28T12:13:11.959Z,sell,6.11e-06,4007.0,0.02448277
POA/BTC,1556453709902,2019-04-28T12:15:09.902Z,sell,6.11e-06,3245.0,0.01982695
POA/BTC,1556453797839,2019-04-28T12:16:37.839Z,sell,6.11e-06,4844.0,0.02959684
POA/BTC,1556453934757,2019-04-28T12:18:54.757Z,buy,6.13e-06,323.0,0.00197999
POA/BTC,1556454067021,2019-04-28T12:21:07.021Z,buy,6.14e-06,2426.0,0.01489564
POA/BTC,1556454075967,2019-04-28T12:21:15.967Z,buy,6.14e-06,281.0,0.00172534
POA/BTC,1556454075967,2019-04-28T12:21:15.967Z,buy,6.15e-06,627.0,0.00385605
POA/BTC,1556454616796,2019-04-28T12:30:16.796Z,buy,6.15e-06,2150.0,0.0132225
POA/BTC,1556454787971,2019-04-28T12:33:07.971Z,buy,6.16e-06,26.0,0.00016016
POA/BTC,1556454874482,2019-04-28T12:34:34.482Z,sell,6.14e-06,3093.0,0.0189910199999999
POA/BTC,1556455100951,2019-04-28T12:38:20.951Z,sell,6.12e-06,490.0,0.0029988
POA/BTC,1556455263136,2019-04-28T12:41:03.136Z,sell,6.12e-06,1582.0,0.00968184
POA/BTC,1556455263136,2019-04-28T12:41:03.136Z,sell,6.11e-06,40.0,0.0002444
POA/BTC,1556456063273,2019-04-28T12:54:23.273Z,sell,6.11e-06,2601.0,0.01589211
POA/BTC,1556456063273,2019-04-28T12:54:23.273Z,sell,6.11e-06,2601.0,0.01589211
POA/BTC,1556456490397,2019-04-28T13:01:30.397Z,buy,6.13e-06,245.0,0.0015018499999999
POA/BTC,1556456995512,2019-04-28T13:09:55.512Z,buy,6.13e-06,6557.0,0.04019441
POA/BTC,1556456995512,2019-04-28T13:09:55.512Z,buy,6.14e-06,6998.0,0.04296772
POA/BTC,1556456995512,2019-04-28T13:09:55.512Z,buy,6.15e-06,10063.0,0.06188745
POA/BTC,1556456995512,2019-04-28T13:09:55.512Z,buy,6.16e-06,560.0,0.0034496
POA/BTC,1556456995512,2019-04-28T13:09:55.512Z,buy,6.18e-06,3320.0,0.0205176
POA/BTC,1556456995512,2019-04-28T13:09:55.512Z,buy,6.19e-06,281.0,0.00173939
POA/BTC,1556456995512,2019-04-28T13:09:55.512Z,buy,6.2e-06,1201.0,0.0074462
POA/BTC,1556456995536,2019-04-28T13:09:55.536Z,sell,6.2e-06,15439.0,0.0957218
POA/BTC,1556456995543,2019-04-28T13:09:55.543Z,sell,6.2e-06,10264.0,0.0636368
POA/BTC,1556456995561,2019-04-28T13:09:55.561Z,sell,6.2e-06,6121.0,0.0379501999999999
POA/BTC,1556456995611,2019-04-28T13:09:55.611Z,sell,6.2e-06,173.0,0.0010726
POA/BTC,1556456998540,2019-04-28T13:09:58.540Z,buy,6.21e-06,785.0,0.00487485
POA/BTC,1556456998540,2019-04-28T13:09:58.540Z,buy,6.22e-06,162.0,0.00100764
POA/BTC,1556457001418,2019-04-28T13:10:01.418Z,buy,6.22e-06,244.0,0.00151768
POA/BTC,1556457001418,2019-04-28T13:10:01.418Z,buy,6.23e-06,3957.0,0.0246521099999999
POA/BTC,1556457001418,2019-04-28T13:10:01.418Z,buy,6.24e-06,1794.0,0.01119456
POA/BTC,1556457001418,2019-04-28T13:10:01.418Z,buy,6.25e-06,27993.0,0.17495625
POA/BTC,1556457001787,2019-04-28T13:10:01.787Z,sell,6.25e-06,164.0,0.001025
POA/BTC,1556457001798,2019-04-28T13:10:01.798Z,sell,6.25e-06,245.0,0.00153125
POA/BTC,1556457003030,2019-04-28T13:10:03.030Z,buy,6.26e-06,1277.0,0.00799402
POA/BTC,1556457003030,2019-04-28T13:10:03.030Z,buy,6.27e-06,3246.0,0.02035242
POA/BTC,1556457003444,2019-04-28T13:10:03.444Z,buy,6.27e-06,2402.0,0.01506054
POA/BTC,1556457004554,2019-04-28T13:10:04.554Z,buy,6.27e-06,3738.0,0.02343726
POA/BTC,1556457004669,2019-04-28T13:10:04.669Z,sell,6.25e-06,48461.0,0.30288125
POA/BTC,1556457011980,2019-04-28T13:10:11.980Z,sell,6.27e-06,1120.0,0.0070224
POA/BTC,1556457011980,2019-04-28T13:10:11.980Z,sell,6.25e-06,21102.0,0.1318875
POA/BTC,1556457016680,2019-04-28T13:10:16.680Z,sell,6.26e-06,3549.0,0.02221674
POA/BTC,1556457020987,2019-04-28T13:10:20.987Z,buy,6.26e-06,162.0,0.00101412
POA/BTC,1556457026099,2019-04-28T13:10:26.099Z,sell,6.25e-06,7306.0,0.0456625
POA/BTC,1556457026099,2019-04-28T13:10:26.099Z,sell,6.25e-06,2426.0,0.0151625
POA/BTC,1556457029172,2019-04-28T13:10:29.172Z,sell,6.25e-06,179.0,0.00111875
POA/BTC,1556457030972,2019-04-28T13:10:30.972Z,sell,6.25e-06,1626.0,0.0101625
POA/BTC,1556457058267,2019-04-28T13:10:58.267Z,sell,6.25e-06,418.0,0.0026125
POA/BTC,1556457068246,2019-04-28T13:11:08.246Z,sell,6.25e-06,163.0,0.00101875
POA/BTC,1556457092109,2019-04-28T13:11:32.109Z,sell,6.25e-06,3715.0,0.02321875
POA/BTC,1556457092109,2019-04-28T13:11:32.109Z,sell,6.23e-06,9932.0,0.06187636
POA/BTC,1556457092126,2019-04-28T13:11:32.126Z,buy,6.23e-06,4137.0,0.02577351
POA/BTC,1556457092133,2019-04-28T13:11:32.133Z,buy,6.23e-06,2233.0,0.01391159
POA/BTC,1556457095270,2019-04-28T13:11:35.270Z,sell,6.22e-06,1123.0,0.0069850599999999
POA/BTC,1556457112401,2019-04-28T13:11:52.401Z,sell,6.21e-06,15013.0,0.09323073
POA/BTC,1556457181698,2019-04-28T13:13:01.698Z,sell,6.2e-06,609.0,0.0037758
POA/BTC,1556457252794,2019-04-28T13:14:12.794Z,buy,6.2e-06,424.0,0.0026288
POA/BTC,1556457289042,2019-04-28T13:14:49.042Z,buy,6.2e-06,395.0,0.002449
POA/BTC,1556457324522,2019-04-28T13:15:24.522Z,sell,6.19e-06,184.0,0.00113896
POA/BTC,1556457324522,2019-04-28T13:15:24.522Z,sell,6.18e-06,489.0,0.00302202
POA/BTC,1556457332683,2019-04-28T13:15:32.683Z,buy,6.19e-06,412.0,0.00255028
POA/BTC,1556457499410,2019-04-28T13:18:19.410Z,buy,6.21e-06,193.0,0.00119853
POA/BTC,1556457753611,2019-04-28T13:22:33.611Z,sell,6.19e-06,819.0,0.00506961
POA/BTC,1556457821041,2019-04-28T13:23:41.041Z,sell,6.19e-06,1361.0,0.00842459
POA/BTC,1556457821041,2019-04-28T13:23:41.041Z,sell,6.18e-06,2215.0,0.0136887
POA/BTC,1556457881079,2019-04-28T13:24:41.079Z,buy,6.19e-06,2297.0,0.01421843
POA/BTC,1556457881079,2019-04-28T13:24:41.079Z,buy,6.21e-06,9963.0,0.06187023
POA/BTC,1556457905664,2019-04-28T13:25:05.664Z,buy,6.22e-06,3843.0,0.0239034599999999
POA/BTC,1556457971356,2019-04-28T13:26:11.356Z,buy,6.23e-06,763.0,0.00475349
POA/BTC,1556457972845,2019-04-28T13:26:12.845Z,buy,6.23e-06,5699.0,0.03550477
POA/BTC,1556457972845,2019-04-28T13:26:12.845Z,buy,6.24e-06,7507.0,0.04684368
POA/BTC,1556457972876,2019-04-28T13:26:12.876Z,sell,6.24e-06,783.0,0.00488592
POA/BTC,1556457972892,2019-04-28T13:26:12.892Z,sell,6.24e-06,3434.0,0.02142816
POA/BTC,1556458098611,2019-04-28T13:28:18.611Z,sell,6.23e-06,1276.0,0.00794948
POA/BTC,1556458308776,2019-04-28T13:31:48.776Z,sell,6.22e-06,255.0,0.0015861
POA/BTC,1556458312840,2019-04-28T13:31:52.840Z,sell,6.22e-06,326.0,0.0020277199999999
POA/BTC,1556458341352,2019-04-28T13:32:21.352Z,sell,6.22e-06,1986.0,0.01235292
POA/BTC,1556458394506,2019-04-28T13:33:14.506Z,buy,6.24e-06,5000.0,0.0312
POA/BTC,1556458412635,2019-04-28T13:33:32.635Z,buy,6.24e-06,4846.0,0.03023904
POA/BTC,1556458418647,2019-04-28T13:33:38.647Z,buy,6.25e-06,3039.0,0.01899375
POA/BTC,1556458429521,2019-04-28T13:33:49.521Z,buy,6.25e-06,1497.0,0.00935625
POA/BTC,1556458452751,2019-04-28T13:34:12.751Z,buy,6.25e-06,8802.0,0.0550125
POA/BTC,1556458460498,2019-04-28T13:34:20.498Z,buy,6.24e-06,5000.0,0.0312
POA/BTC,1556458468225,2019-04-28T13:34:28.225Z,buy,6.25e-06,4557.0,0.02848125
POA/BTC,1556458499773,2019-04-28T13:34:59.773Z,sell,6.24e-06,276.0,0.00172224
POA/BTC,1556458518395,2019-04-28T13:35:18.395Z,buy,6.25e-06,5810.0,0.0363125
POA/BTC,1556458542609,2019-04-28T13:35:42.609Z,buy,6.26e-06,388.0,0.00242888
POA/BTC,1556458543463,2019-04-28T13:35:43.463Z,buy,6.26e-06,398.0,0.00249148
POA/BTC,1556458548142,2019-04-28T13:35:48.142Z,buy,6.26e-06,424.0,0.00265424
POA/BTC,1556458549328,2019-04-28T13:35:49.328Z,buy,6.26e-06,461.0,0.00288586
POA/BTC,1556458553862,2019-04-28T13:35:53.862Z,sell,6.25e-06,2275.0,0.01421875
POA/BTC,1556458561274,2019-04-28T13:36:01.274Z,buy,6.25e-06,198.0,0.0012375
POA/BTC,1556458573751,2019-04-28T13:36:13.751Z,buy,6.26e-06,4255.0,0.0266363
POA/BTC,1556458577515,2019-04-28T13:36:17.515Z,buy,6.26e-06,6420.0,0.0401892
POA/BTC,1556458577515,2019-04-28T13:36:17.515Z,buy,6.27e-06,764.0,0.00479028
POA/BTC,1556458584811,2019-04-28T13:36:24.811Z,sell,6.25e-06,384.0,0.0024
POA/BTC,1556458591054,2019-04-28T13:36:31.054Z,buy,6.26e-06,3966.0,0.02482716
POA/BTC,1556458597382,2019-04-28T13:36:37.382Z,buy,6.27e-06,4755.0,0.02981385
POA/BTC,1556458609925,2019-04-28T13:36:49.925Z,sell,6.26e-06,489.0,0.00306114
POA/BTC,1556458624099,2019-04-28T13:37:04.099Z,buy,6.27e-06,4724.0,0.02961948
POA/BTC,1556458641031,2019-04-28T13:37:21.031Z,sell,6.25e-06,160.0,0.001
POA/BTC,1556458674087,2019-04-28T13:37:54.087Z,buy,6.27e-06,160.0,0.0010032
POA/BTC,1556458676815,2019-04-28T13:37:56.815Z,sell,6.27e-06,302.0,0.00189354
POA/BTC,1556458698085,2019-04-28T13:38:18.085Z,sell,6.27e-06,160.0,0.0010032
POA/BTC,1556458698898,2019-04-28T13:38:18.898Z,sell,6.27e-06,507.0,0.00317889
POA/BTC,1556458713928,2019-04-28T13:38:33.928Z,sell,6.27e-06,927.0,0.00581229
POA/BTC,1556458746207,2019-04-28T13:39:06.207Z,sell,6.27e-06,477.0,0.00299079
POA/BTC,1556458773875,2019-04-28T13:39:33.875Z,buy,6.27e-06,161.0,0.00100947
POA/BTC,1556458789245,2019-04-28T13:39:49.245Z,sell,6.27e-06,677.0,0.00424479
POA/BTC,1556458818723,2019-04-28T13:40:18.723Z,buy,6.27e-06,413.0,0.00258951
POA/BTC,1556458821851,2019-04-28T13:40:21.851Z,buy,6.27e-06,180.0,0.0011286
POA/BTC,1556458852846,2019-04-28T13:40:52.846Z,buy,6.28e-06,313.0,0.00196564
POA/BTC,1556458885608,2019-04-28T13:41:25.608Z,sell,6.27e-06,897.0,0.00562419
POA/BTC,1556458885617,2019-04-28T13:41:25.617Z,sell,6.27e-06,83.0,0.00052041
POA/BTC,1556458892351,2019-04-28T13:41:32.351Z,buy,6.28e-06,186.0,0.00116808
POA/BTC,1556458893223,2019-04-28T13:41:33.223Z,buy,6.28e-06,186.0,0.00116808
POA/BTC,1556458893291,2019-04-28T13:41:33.291Z,buy,6.28e-06,186.0,0.00116808
POA/BTC,1556458893598,2019-04-28T13:41:33.598Z,buy,6.28e-06,185.0,0.0011618
POA/BTC,1556458893754,2019-04-28T13:41:33.754Z,buy,6.28e-06,186.0,0.00116808
POA/BTC,1556458975635,2019-04-28T13:42:55.635Z,buy,6.28e-06,12293.0,0.07720004
POA/BTC,1556459039722,2019-04-28T13:43:59.722Z,buy,6.27e-06,12603.0,0.07902081
POA/BTC,1556459039722,2019-04-28T13:43:59.722Z,buy,6.28e-06,1750.0,0.01099
POA/BTC,1556459091417,2019-04-28T13:44:51.417Z,buy,6.27e-06,3092.0,0.01938684
POA/BTC,1556459091417,2019-04-28T13:44:51.417Z,buy,6.28e-06,6971.0,0.04377788
POA/BTC,1556459091534,2019-04-28T13:44:51.534Z,buy,6.29e-06,14859.0,0.09346311
POA/BTC,1556459142997,2019-04-28T13:45:42.997Z,sell,6.26e-06,161.0,0.00100786
POA/BTC,1556459142999,2019-04-28T13:45:42.999Z,sell,6.26e-06,161.0,0.00100786
POA/BTC,1556459150760,2019-04-28T13:45:50.760Z,sell,6.26e-06,709.0,0.00443834
POA/BTC,1556459154512,2019-04-28T13:45:54.512Z,buy,6.27e-06,162.0,0.00101574
POA/BTC,1556459177981,2019-04-28T13:46:17.981Z,buy,6.27e-06,159.0,0.00099693
POA/BTC,1556459178105,2019-04-28T13:46:18.105Z,sell,6.27e-06,120.0,0.0007524
POA/BTC,1556459178105,2019-04-28T13:46:18.105Z,sell,6.26e-06,34830.0,0.2180358
POA/BTC,1556459198814,2019-04-28T13:46:38.814Z,sell,6.26e-06,161.0,0.00100786
POA/BTC,1556459254914,2019-04-28T13:47:34.914Z,sell,6.25e-06,161.0,0.00100625
POA/BTC,1556459262218,2019-04-28T13:47:42.218Z,sell,6.25e-06,8770.0,0.0548125
POA/BTC,1556459262279,2019-04-28T13:47:42.279Z,buy,6.25e-06,1473.0,0.00920625
POA/BTC,1556459314363,2019-04-28T13:48:34.363Z,sell,6.24e-06,170.0,0.0010608
POA/BTC,1556459314775,2019-04-28T13:48:34.775Z,sell,6.22e-06,19298.0,0.12003356
POA/BTC,1556459315194,2019-04-28T13:48:35.194Z,sell,6.21e-06,10215.0,0.06343515
POA/BTC,1556459363951,2019-04-28T13:49:23.951Z,sell,6.21e-06,1104.0,0.00685584
POA/BTC,1556459377076,2019-04-28T13:49:37.076Z,sell,6.2e-06,644.0,0.0039928
POA/BTC,1556459377076,2019-04-28T13:49:37.076Z,sell,6.19e-06,1994.0,0.01234286
POA/BTC,1556459377076,2019-04-28T13:49:37.076Z,sell,6.18e-06,19418.0,0.12000324
POA/BTC,1556459387008,2019-04-28T13:49:47.008Z,sell,6.17e-06,10785.0,0.06654345
POA/BTC,1556459387008,2019-04-28T13:49:47.008Z,sell,6.16e-06,25830.0,0.1591128
POA/BTC,1556459387008,2019-04-28T13:49:47.008Z,sell,6.15e-06,4199.0,0.02582385
POA/BTC,1556459396198,2019-04-28T13:49:56.198Z,sell,6.15e-06,2567.0,0.01578705
POA/BTC,1556459396587,2019-04-28T13:49:56.587Z,sell,6.15e-06,2567.0,0.01578705
POA/BTC,1556459397701,2019-04-28T13:49:57.701Z,sell,6.15e-06,5495.0,0.03379425
POA/BTC,1556459397701,2019-04-28T13:49:57.701Z,sell,6.14e-06,15979.0,0.09811106
POA/BTC,1556459397701,2019-04-28T13:49:57.701Z,sell,6.13e-06,8793.0,0.05390109
POA/BTC,1556459397701,2019-04-28T13:49:57.701Z,sell,6.12e-06,10548.0,0.06455376
POA/BTC,1556459404869,2019-04-28T13:50:04.869Z,sell,6.14e-06,487.0,0.00299018
POA/BTC,1556459404869,2019-04-28T13:50:04.869Z,sell,6.12e-06,2933.0,0.01794996
POA/BTC,1556459404869,2019-04-28T13:50:04.869Z,sell,6.11e-06,33861.0,0.20689071
POA/BTC,1556459404893,2019-04-28T13:50:04.893Z,buy,6.17e-06,31.0,0.00019127
POA/BTC,1556459405242,2019-04-28T13:50:05.242Z,buy,6.15e-06,163.0,0.00100245
POA/BTC,1556459408665,2019-04-28T13:50:08.665Z,buy,6.14e-06,325.0,0.0019955
POA/BTC,1556459458865,2019-04-28T13:50:58.865Z,buy,6.14e-06,426.0,0.00261564
POA/BTC,1556459476264,2019-04-28T13:51:16.264Z,sell,6.13e-06,245.0,0.0015018499999999
POA/BTC,1556459477695,2019-04-28T13:51:17.695Z,buy,6.14e-06,756.0,0.0046418399999999
POA/BTC,1556459488462,2019-04-28T13:51:28.462Z,buy,6.14e-06,866.0,0.00531724
POA/BTC,1556459503590,2019-04-28T13:51:43.590Z,buy,6.14e-06,8000.0,0.04912
POA/BTC,1556459512240,2019-04-28T13:51:52.240Z,buy,6.14e-06,219.0,0.00134466
POA/BTC,1556459569698,2019-04-28T13:52:49.698Z,sell,6.14e-06,917.0,0.00563038
POA/BTC,1556459570189,2019-04-28T13:52:50.189Z,buy,6.14e-06,1628.0,0.00999592
POA/BTC,1556459600588,2019-04-28T13:53:20.588Z,buy,6.14e-06,1654.0,0.01015556
POA/BTC,1556459604024,2019-04-28T13:53:24.024Z,buy,6.15e-06,244.0,0.0015006
POA/BTC,1556459634303,2019-04-28T13:53:54.303Z,buy,6.15e-06,639.0,0.00392985
POA/BTC,1556459634303,2019-04-28T13:53:54.303Z,buy,6.15e-06,639.0,0.00392985
POA/BTC,1556459689537,2019-04-28T13:54:49.537Z,sell,6.14e-06,789.0,0.00484446
POA/BTC,1556459692046,2019-04-28T13:54:52.046Z,buy,6.14e-06,750.0,0.004605
POA/BTC,1556459692046,2019-04-28T13:54:52.046Z,buy,6.15e-06,339.0,0.00208485
POA/BTC,1556459692313,2019-04-28T13:54:52.313Z,buy,6.15e-06,1089.0,0.00669735
POA/BTC,1556459692982,2019-04-28T13:54:52.982Z,buy,6.15e-06,4359.0,0.02680785
POA/BTC,1556459694582,2019-04-28T13:54:54.582Z,buy,6.15e-06,1045.0,0.00642675
POA/BTC,1556459694588,2019-04-28T13:54:54.588Z,buy,6.15e-06,401.0,0.00246615
POA/BTC,1556459694925,2019-04-28T13:54:54.925Z,buy,6.15e-06,301.0,0.00185115
POA/BTC,1556459720677,2019-04-28T13:55:20.677Z,buy,6.15e-06,215.0,0.00132225
POA/BTC,1556459743520,2019-04-28T13:55:43.520Z,sell,6.13e-06,1495.0,0.00916435
POA/BTC,1556459758574,2019-04-28T13:55:58.574Z,buy,6.15e-06,300.0,0.001845
POA/BTC,1556459758771,2019-04-28T13:55:58.771Z,buy,6.15e-06,600.0,0.00369
POA/BTC,1556459830362,2019-04-28T13:57:10.362Z,sell,6.13e-06,487.0,0.0029853099999999
POA/BTC,1556459830427,2019-04-28T13:57:10.427Z,buy,6.15e-06,2203.0,0.01354845
POA/BTC,1556459830433,2019-04-28T13:57:10.433Z,buy,6.15e-06,2521.0,0.01550415
POA/BTC,1556459830437,2019-04-28T13:57:10.437Z,buy,6.15e-06,1533.0,0.00942795
POA/BTC,1556459883946,2019-04-28T13:58:03.946Z,sell,6.13e-06,1219.0,0.0074724699999999
POA/BTC,1556459907379,2019-04-28T13:58:27.379Z,buy,6.14e-06,1905.0,0.0116966999999999
POA/BTC,1556459907379,2019-04-28T13:58:27.379Z,buy,6.15e-06,86.0,0.0005289
POA/BTC,1556459907575,2019-04-28T13:58:27.575Z,buy,6.15e-06,347.0,0.00213405
POA/BTC,1556459907576,2019-04-28T13:58:27.576Z,buy,6.15e-06,2743.0,0.01686945
POA/BTC,1556459984477,2019-04-28T13:59:44.477Z,sell,6.13e-06,644.0,0.00394772
POA/BTC,1556460007468,2019-04-28T14:00:07.468Z,sell,6.13e-06,750.0,0.0045975
POA/BTC,1556460007939,2019-04-28T14:00:07.939Z,sell,6.13e-06,1135.0,0.00695755
POA/BTC,1556460023262,2019-04-28T14:00:23.262Z,sell,6.13e-06,764.0,0.0046833199999999
POA/BTC,1556460035832,2019-04-28T14:00:35.832Z,sell,6.13e-06,8004.0,0.04906452
POA/BTC,1556460045519,2019-04-28T14:00:45.519Z,sell,6.13e-06,2069.0,0.01268297
POA/BTC,1556460069822,2019-04-28T14:01:09.822Z,sell,6.12e-06,18279.0,0.1118674799999999
POA/BTC,1556460135217,2019-04-28T14:02:15.217Z,sell,6.12e-06,17065.0,0.1044378
POA/BTC,1556460136304,2019-04-28T14:02:16.304Z,buy,6.12e-06,2414.0,0.0147736799999999
POA/BTC,1556460137232,2019-04-28T14:02:17.232Z,sell,6.11e-06,4420.0,0.0270062
POA/BTC,1556460137877,2019-04-28T14:02:17.877Z,buy,6.12e-06,4618.0,0.0282621599999999
POA/BTC,1556460142723,2019-04-28T14:02:22.723Z,sell,6.11e-06,14730.0,0.0900003
POA/BTC,1556460142743,2019-04-28T14:02:22.743Z,buy,6.11e-06,4428.0,0.02705508
POA/BTC,1556460144255,2019-04-28T14:02:24.255Z,sell,6.11e-06,1969.0,0.01203059
POA/BTC,1556460144255,2019-04-28T14:02:24.255Z,sell,6.1e-06,4636.0,0.0282796
POA/BTC,1556460144255,2019-04-28T14:02:24.255Z,sell,6.09e-06,760.0,0.0046284
POA/BTC,1556460145195,2019-04-28T14:02:25.195Z,sell,6.09e-06,4523.0,0.02754507
POA/BTC,1556460145387,2019-04-28T14:02:25.387Z,sell,6.09e-06,2402.0,0.01462818
POA/BTC,1556460150207,2019-04-28T14:02:30.207Z,buy,6.13e-06,1827.0,0.01119951
POA/BTC,1556460150207,2019-04-28T14:02:30.207Z,buy,6.14e-06,2002.0,0.01229228
POA/BTC,1556460150207,2019-04-28T14:02:30.207Z,buy,6.15e-06,1111.0,0.00683265
POA/BTC,1556460150221,2019-04-28T14:02:30.221Z,buy,6.15e-06,3829.0,0.02354835
POA/BTC,1556460150227,2019-04-28T14:02:30.227Z,buy,6.15e-06,1243.0,0.00764445
POA/BTC,1556460150371,2019-04-28T14:02:30.371Z,buy,6.15e-06,1456.0,0.0089544
POA/BTC,1556460150725,2019-04-28T14:02:30.725Z,sell,6.11e-06,8738.0,0.05338918
POA/BTC,1556460150887,2019-04-28T14:02:30.887Z,sell,6.1e-06,5934.0,0.0361974
POA/BTC,1556460151915,2019-04-28T14:02:31.915Z,buy,6.11e-06,4944.0,0.03020784
POA/BTC,1556460152320,2019-04-28T14:02:32.320Z,sell,6.09e-06,2826.0,0.01721034
POA/BTC,1556460152405,2019-04-28T14:02:32.405Z,sell,6.09e-06,321.0,0.00195489
POA/BTC,1556460152405,2019-04-28T14:02:32.405Z,sell,6.08e-06,3250.0,0.01976
POA/BTC,1556460152405,2019-04-28T14:02:32.405Z,sell,6.07e-06,2001.0,0.01214607
POA/BTC,1556460152405,2019-04-28T14:02:32.405Z,sell,6.07e-06,2958.0,0.01795506
POA/BTC,1556460152405,2019-04-28T14:02:32.405Z,sell,6.06e-06,15767.0,0.09554802
POA/BTC,1556460152405,2019-04-28T14:02:32.405Z,sell,6.05e-06,13819.0,0.08360495
POA/BTC,1556460152405,2019-04-28T14:02:32.405Z,sell,6.04e-06,16016.0,0.09673664
POA/BTC,1556460152405,2019-04-28T14:02:32.405Z,sell,6.04e-06,3274.0,0.0197749599999999
POA/BTC,1556460153238,2019-04-28T14:02:33.238Z,sell,6.05e-06,3002.0,0.0181621
POA/BTC,1556460153266,2019-04-28T14:02:33.266Z,sell,6.05e-06,1825.0,0.0110412499999999
POA/BTC,1556460153266,2019-04-28T14:02:33.266Z,sell,6.04e-06,2866.0,0.01731064
POA/BTC,1556460153422,2019-04-28T14:02:33.422Z,sell,6.04e-06,4057.0,0.02450428
POA/BTC,1556460154232,2019-04-28T14:02:34.232Z,buy,6.05e-06,212.0,0.0012825999999999
POA/BTC,1556460154405,2019-04-28T14:02:34.405Z,sell,6.04e-06,808.0,0.00488032
POA/BTC,1556460154500,2019-04-28T14:02:34.500Z,buy,6.04e-06,1205.0,0.0072781999999999
POA/BTC,1556460154584,2019-04-28T14:02:34.584Z,buy,6.05e-06,270.0,0.0016335
POA/BTC,1556460154806,2019-04-28T14:02:34.806Z,sell,6.04e-06,1207.0,0.00729028
POA/BTC,1556460154961,2019-04-28T14:02:34.961Z,sell,6.05e-06,366.0,0.0022142999999999
POA/BTC,1556460154961,2019-04-28T14:02:34.961Z,sell,6.04e-06,485.0,0.0029294
POA/BTC,1556460155046,2019-04-28T14:02:35.046Z,sell,6.04e-06,3570.0,0.0215628
POA/BTC,1556460155106,2019-04-28T14:02:35.106Z,sell,6.04e-06,3543.0,0.02139972
POA/BTC,1556460155106,2019-04-28T14:02:35.106Z,sell,6.03e-06,16187.0,0.09760761
POA/BTC,1556460155106,2019-04-28T14:02:35.106Z,sell,6.02e-06,2511.0,0.01511622
POA/BTC,1556460155106,2019-04-28T14:02:35.106Z,sell,6.01e-06,926.0,0.00556526
POA/BTC,1556460155106,2019-04-28T14:02:35.106Z,sell,6e-06,13387.0,0.080322
POA/BTC,1556460155118,2019-04-28T14:02:35.118Z,sell,6e-06,1894.0,0.011364
POA/BTC,1556460155309,2019-04-28T14:02:35.309Z,sell,6.01e-06,2555.0,0.01535555
POA/BTC,1556460155349,2019-04-28T14:02:35.349Z,sell,6.02e-06,5396.0,0.03248392
POA/BTC,1556460155380,2019-04-28T14:02:35.380Z,sell,6.02e-06,913.0,0.00549626
POA/BTC,1556460155778,2019-04-28T14:02:35.778Z,sell,6.02e-06,3414.0,0.02055228
POA/BTC,1556460155941,2019-04-28T14:02:35.941Z,sell,6.02e-06,3343.0,0.02012486
POA/BTC,1556460156071,2019-04-28T14:02:36.071Z,sell,6.02e-06,14501.0,0.08729602
POA/BTC,1556460157390,2019-04-28T14:02:37.390Z,buy,6.05e-06,404.0,0.0024441999999999
POA/BTC,1556460158337,2019-04-28T14:02:38.337Z,buy,6.04e-06,300.0,0.001812
POA/BTC,1556460158408,2019-04-28T14:02:38.408Z,sell,6.02e-06,5365.0,0.0322973
POA/BTC,1556460159797,2019-04-28T14:02:39.797Z,buy,6.03e-06,1093.0,0.00659079
POA/BTC,1556460159801,2019-04-28T14:02:39.801Z,buy,6.03e-06,24.0,0.0001447199999999
POA/BTC,1556460161987,2019-04-28T14:02:41.987Z,sell,6.03e-06,1084.0,0.00653652
POA/BTC,1556460162822,2019-04-28T14:02:42.822Z,buy,6.03e-06,300.0,0.001809
POA/BTC,1556460164597,2019-04-28T14:02:44.597Z,buy,6.03e-06,579.0,0.0034913699999999
POA/BTC,1556460164720,2019-04-28T14:02:44.720Z,buy,6.04e-06,404.0,0.00244016
POA/BTC,1556460166125,2019-04-28T14:02:46.125Z,buy,6.04e-06,404.0,0.00244016
POA/BTC,1556460166144,2019-04-28T14:02:46.144Z,buy,6.04e-06,602.0,0.00363608
POA/BTC,1556460168061,2019-04-28T14:02:48.061Z,sell,6.03e-06,5934.0,0.03578202
POA/BTC,1556460177836,2019-04-28T14:02:57.836Z,sell,6.03e-06,477.0,0.00287631
POA/BTC,1556460178919,2019-04-28T14:02:58.919Z,sell,6.03e-06,2003.0,0.01207809
POA/BTC,1556460180074,2019-04-28T14:03:00.074Z,buy,6.03e-06,2938.0,0.01771614
POA/BTC,1556460180074,2019-04-28T14:03:00.074Z,buy,6.04e-06,3459.0,0.02089236
POA/BTC,1556460180074,2019-04-28T14:03:00.074Z,buy,6.05e-06,1572.0,0.0095106
POA/BTC,1556460180074,2019-04-28T14:03:00.074Z,buy,6.06e-06,13295.0,0.0805676999999999
POA/BTC,1556460180074,2019-04-28T14:03:00.074Z,buy,6.07e-06,3425.0,0.02078975
POA/BTC,1556460180074,2019-04-28T14:03:00.074Z,buy,6.08e-06,1102.0,0.00670016
POA/BTC,1556460181802,2019-04-28T14:03:01.802Z,buy,6.05e-06,26623.0,0.16106915
POA/BTC,1556460181849,2019-04-28T14:03:01.849Z,sell,6.06e-06,1165.0,0.0070598999999999
POA/BTC,1556460185038,2019-04-28T14:03:05.038Z,buy,6.04e-06,1093.0,0.00660172
POA/BTC,1556460186084,2019-04-28T14:03:06.084Z,sell,6.04e-06,300.0,0.001812
POA/BTC,1556460197275,2019-04-28T14:03:17.275Z,sell,6.04e-06,330.0,0.0019932
POA/BTC,1556460202588,2019-04-28T14:03:22.588Z,buy,6.07e-06,6802.0,0.04128814
POA/BTC,1556460202588,2019-04-28T14:03:22.588Z,buy,6.08e-06,6433.0,0.03911264
POA/BTC,1556460236833,2019-04-28T14:03:56.833Z,sell,6.04e-06,5800.0,0.035032
POA/BTC,1556460236833,2019-04-28T14:03:56.833Z,sell,6.03e-06,8538.0,0.05148414
POA/BTC,1556460240019,2019-04-28T14:04:00.019Z,buy,6.06e-06,2458.0,0.01489548
POA/BTC,1556460240019,2019-04-28T14:04:00.019Z,buy,6.07e-06,1149.0,0.00697443
POA/BTC,1556460263543,2019-04-28T14:04:23.543Z,sell,6.03e-06,178.0,0.0010733399999999
POA/BTC,1556460280256,2019-04-28T14:04:40.256Z,sell,6.03e-06,1254.0,0.00756162
POA/BTC,1556460300032,2019-04-28T14:05:00.032Z,buy,6.06e-06,500.0,0.0030299999999999
POA/BTC,1556460333704,2019-04-28T14:05:33.704Z,sell,6.03e-06,241.0,0.00145323
POA/BTC,1556460349933,2019-04-28T14:05:49.933Z,buy,6.06e-06,658.0,0.00398748
POA/BTC,1556460363937,2019-04-28T14:06:03.937Z,buy,6.06e-06,1369.0,0.0082961399999999
POA/BTC,1556460363937,2019-04-28T14:06:03.937Z,buy,6.07e-06,7870.0,0.0477709
POA/BTC,1556460363937,2019-04-28T14:06:03.937Z,buy,6.08e-06,23530.0,0.1430624
POA/BTC,1556460364263,2019-04-28T14:06:04.263Z,sell,6.08e-06,3829.0,0.02328032
POA/BTC,1556460429260,2019-04-28T14:07:09.260Z,sell,6.08e-06,1658.0,0.01008064
POA/BTC,1556460450520,2019-04-28T14:07:30.520Z,sell,6.08e-06,7643.0,0.04646944
POA/BTC,1556460450796,2019-04-28T14:07:30.796Z,buy,6.08e-06,1341.0,0.00815328
POA/BTC,1556460469132,2019-04-28T14:07:49.132Z,sell,6.08e-06,21507.0,0.13076256
POA/BTC,1556460521704,2019-04-28T14:08:41.704Z,buy,6.09e-06,4299.0,0.02618091
POA/BTC,1556460521704,2019-04-28T14:08:41.704Z,buy,6.1e-06,12701.0,0.0774761
POA/BTC,1556460714873,2019-04-28T14:11:54.873Z,sell,6.09e-06,1549.0,0.00943341
POA/BTC,1556460897258,2019-04-28T14:14:57.258Z,sell,6.09e-06,3035.0,0.01848315
POA/BTC,1556461127657,2019-04-28T14:18:47.657Z,buy,6.1e-06,1748.0,0.0106628
POA/BTC,1556461127657,2019-04-28T14:18:47.657Z,buy,6.11e-06,1874.0,0.01145014
POA/BTC,1556461160480,2019-04-28T14:19:20.480Z,sell,6.1e-06,1245.0,0.0075945
POA/BTC,1556461190947,2019-04-28T14:19:50.947Z,sell,6.1e-06,609.0,0.0037149
POA/BTC,1556461191098,2019-04-28T14:19:51.098Z,sell,6.1e-06,221.0,0.0013481
POA/BTC,1556461211134,2019-04-28T14:20:11.134Z,buy,6.11e-06,1636.0,0.00999596
POA/BTC,1556461251572,2019-04-28T14:20:51.572Z,sell,6.1e-06,1257.0,0.0076677
POA/BTC,1556461254775,2019-04-28T14:20:54.775Z,sell,6.1e-06,3552.0,0.0216672
POA/BTC,1556461376326,2019-04-28T14:22:56.326Z,buy,6.11e-06,2385.0,0.01457235
POA/BTC,1556461376326,2019-04-28T14:22:56.326Z,buy,6.13e-06,1615.0,0.00989995
POA/BTC,1556461376657,2019-04-28T14:22:56.657Z,buy,6.13e-06,3161.0,0.01937693
POA/BTC,1556461377232,2019-04-28T14:22:57.232Z,buy,6.13e-06,3161.0,0.01937693
POA/BTC,1556461405877,2019-04-28T14:23:25.877Z,sell,6.11e-06,3161.0,0.01931371
POA/BTC,1556461409716,2019-04-28T14:23:29.716Z,sell,6.11e-06,3135.0,0.01915485
POA/BTC,1556461409716,2019-04-28T14:23:29.716Z,sell,6.1e-06,865.0,0.0052765
POA/BTC,1556461535240,2019-04-28T14:25:35.240Z,buy,6.13e-06,2161.0,0.0132469299999999
POA/BTC,1556461535501,2019-04-28T14:25:35.501Z,buy,6.13e-06,2180.0,0.0133634
POA/BTC,1556461535501,2019-04-28T14:25:35.501Z,buy,6.14e-06,788.0,0.00483832
POA/BTC,1556461535501,2019-04-28T14:25:35.501Z,buy,6.15e-06,1032.0,0.0063468
POA/BTC,1556461535874,2019-04-28T14:25:35.874Z,buy,6.13e-06,2161.0,0.0132469299999999
POA/BTC,1556461564017,2019-04-28T14:26:04.017Z,sell,6.11e-06,2161.0,0.01320371
POA/BTC,1556461568216,2019-04-28T14:26:08.216Z,sell,6.11e-06,4000.0,0.02444
POA/BTC,1556461596735,2019-04-28T14:26:36.735Z,buy,6.13e-06,1611.0,0.00987543
POA/BTC,1556461596807,2019-04-28T14:26:36.807Z,buy,6.13e-06,4000.0,0.02452
POA/BTC,1556461597012,2019-04-28T14:26:37.012Z,buy,6.13e-06,1611.0,0.00987543
POA/BTC,1556461630320,2019-04-28T14:27:10.320Z,sell,6.1e-06,4000.0,0.0244
POA/BTC,1556461931414,2019-04-28T14:32:11.414Z,buy,6.13e-06,4000.0,0.02452
POA/BTC,1556461931433,2019-04-28T14:32:11.433Z,buy,6.13e-06,1383.0,0.0084777899999999
POA/BTC,1556461931433,2019-04-28T14:32:11.433Z,buy,6.14e-06,728.0,0.00446992
POA/BTC,1556461962856,2019-04-28T14:32:42.856Z,sell,6.1e-06,4000.0,0.0244
POA/BTC,1556461968006,2019-04-28T14:32:48.006Z,sell,6.11e-06,2111.0,0.01289821
POA/BTC,1556462224421,2019-04-28T14:37:04.421Z,sell,6.12e-06,218.0,0.00133416
POA/BTC,1556462235891,2019-04-28T14:37:15.891Z,sell,6.12e-06,1000.0,0.00612
POA/BTC,1556462425839,2019-04-28T14:40:25.839Z,sell,6.12e-06,325.0,0.001989
POA/BTC,1556462521493,2019-04-28T14:42:01.493Z,sell,6.12e-06,615.0,0.0037638
POA/BTC,1556462554982,2019-04-28T14:42:34.982Z,sell,6.11e-06,12313.0,0.07523243
POA/BTC,1556462680843,2019-04-28T14:44:40.843Z,sell,6.11e-06,1229.0,0.00750919
POA/BTC,1556462680843,2019-04-28T14:44:40.843Z,sell,6.1e-06,2.0,1.22e-05
POA/BTC,1556462681282,2019-04-28T14:44:41.282Z,sell,6.1e-06,1230.0,0.007503
POA/BTC,1556462681761,2019-04-28T14:44:41.761Z,sell,6.1e-06,1243.0,0.0075823
POA/BTC,1556462798880,2019-04-28T14:46:38.880Z,buy,6.12e-06,4574.0,0.0279928799999999
POA/BTC,1556462798880,2019-04-28T14:46:38.880Z,buy,6.14e-06,9026.0,0.05541964
POA/BTC,1556463029129,2019-04-28T14:50:29.129Z,sell,6.11e-06,1009.0,0.0061649899999999
POA/BTC,1556463029129,2019-04-28T14:50:29.129Z,sell,6.1e-06,1138.0,0.0069418
POA/BTC,1556463029129,2019-04-28T14:50:29.129Z,sell,6.11e-06,1009.0,0.0061649899999999
POA/BTC,1556463029129,2019-04-28T14:50:29.129Z,sell,6.1e-06,1138.0,0.0069418
POA/BTC,1556463461799,2019-04-28T14:57:41.799Z,sell,6.11e-06,6557.0,0.04006327
POA/BTC,1556463478007,2019-04-28T14:57:58.007Z,sell,6.1e-06,21869.0,0.1334009
POA/BTC,1556463583545,2019-04-28T14:59:43.545Z,buy,6.13e-06,1550.0,0.0095015
POA/BTC,1556463997293,2019-04-28T15:06:37.293Z,sell,6.07e-06,1548.0,0.00939636
POA/BTC,1556464116191,2019-04-28T15:08:36.191Z,sell,6.07e-06,505.0,0.00306535
POA/BTC,1556464116243,2019-04-28T15:08:36.243Z,buy,6.07e-06,340.0,0.0020638
POA/BTC,1556464117504,2019-04-28T15:08:37.504Z,buy,6.07e-06,26.0,0.00015782
POA/BTC,1556464117600,2019-04-28T15:08:37.600Z,sell,6.06e-06,827.0,0.00501162
POA/BTC,1556464126251,2019-04-28T15:08:46.251Z,buy,6.07e-06,49.0,0.00029743
POA/BTC,1556464126251,2019-04-28T15:08:46.251Z,buy,6.09e-06,118.0,0.00071862
POA/BTC,1556464152588,2019-04-28T15:09:12.588Z,buy,6.09e-06,192.0,0.00116928
POA/BTC,1556464285972,2019-04-28T15:11:25.972Z,sell,6.06e-06,170.0,0.0010302
POA/BTC,1556464306414,2019-04-28T15:11:46.414Z,buy,6.08e-06,1115.0,0.0067792
POA/BTC,1556464325624,2019-04-28T15:12:05.624Z,sell,6.04e-06,1132.0,0.0068372799999999
POA/BTC,1556464326241,2019-04-28T15:12:06.241Z,buy,6.05e-06,3305.0,0.01999525
POA/BTC,1556464327087,2019-04-28T15:12:07.087Z,sell,6.04e-06,523.0,0.00315892
POA/BTC,1556464329759,2019-04-28T15:12:09.759Z,buy,6.04e-06,175.0,0.001057
POA/BTC,1556464329759,2019-04-28T15:12:09.759Z,buy,6.06e-06,10145.0,0.0614787
POA/BTC,1556464329759,2019-04-28T15:12:09.759Z,buy,6.09e-06,6236.0,0.03797724
POA/BTC,1556464329819,2019-04-28T15:12:09.819Z,buy,6.05e-06,826.0,0.0049973
POA/BTC,1556464345279,2019-04-28T15:12:25.279Z,buy,6.06e-06,24.0,0.00014544
POA/BTC,1556464506542,2019-04-28T15:15:06.542Z,sell,6.02e-06,1649.0,0.00992698
POA/BTC,1556464513833,2019-04-28T15:15:13.833Z,buy,6.06e-06,166.0,0.00100596
POA/BTC,1556464774327,2019-04-28T15:19:34.327Z,buy,6.06e-06,826.0,0.00500556
POA/BTC,1556465016332,2019-04-28T15:23:36.332Z,sell,6.07e-06,300.0,0.001821
POA/BTC,1556465353151,2019-04-28T15:29:13.151Z,sell,6.08e-06,680.0,0.0041344
POA/BTC,1556465380794,2019-04-28T15:29:40.794Z,sell,6.06e-06,805.0,0.0048782999999999
POA/BTC,1556465499917,2019-04-28T15:31:39.917Z,sell,6.06e-06,187.0,0.0011332199999999
POA/BTC,1556465548420,2019-04-28T15:32:28.420Z,buy,6.07e-06,4505.0,0.02734535
POA/BTC,1556465696320,2019-04-28T15:34:56.320Z,sell,6.06e-06,403.0,0.00244218
POA/BTC,1556465697797,2019-04-28T15:34:57.797Z,sell,6.06e-06,393.0,0.00238158
POA/BTC,1556465699564,2019-04-28T15:34:59.564Z,sell,6.06e-06,393.0,0.00238158
POA/BTC,1556465738322,2019-04-28T15:35:38.322Z,buy,6.07e-06,4426.0,0.02686582
POA/BTC,1556465738322,2019-04-28T15:35:38.322Z,buy,6.09e-06,8083.0,0.04922547
POA/BTC,1556465738438,2019-04-28T15:35:38.438Z,sell,6.09e-06,300.0,0.001827
POA/BTC,1556465743127,2019-04-28T15:35:43.127Z,sell,6.09e-06,300.0,0.001827
POA/BTC,1556465744772,2019-04-28T15:35:44.772Z,sell,6.09e-06,393.0,0.00239337
POA/BTC,1556465913744,2019-04-28T15:38:33.744Z,sell,6.09e-06,942.0,0.00573678
POA/BTC,1556466085615,2019-04-28T15:41:25.615Z,buy,6.09e-06,205.0,0.00124845
POA/BTC,1556466358570,2019-04-28T15:45:58.570Z,buy,6.09e-06,444.0,0.00270396
POA/BTC,1556466358570,2019-04-28T15:45:58.570Z,buy,6.09e-06,444.0,0.00270396
POA/BTC,1556467460930,2019-04-28T16:04:20.930Z,buy,6.09e-06,5391.0,0.03283119
POA/BTC,1556467484885,2019-04-28T16:04:44.885Z,buy,6.09e-06,242.0,0.00147378
POA/BTC,1556467658579,2019-04-28T16:07:38.579Z,sell,6.08e-06,700.0,0.004256
POA/BTC,1556467706515,2019-04-28T16:08:26.515Z,buy,6.09e-06,917.0,0.00558453
POA/BTC,1556467804493,2019-04-28T16:10:04.493Z,sell,6.07e-06,16851.0,0.10228557
POA/BTC,1556467804493,2019-04-28T16:10:04.493Z,sell,6.06e-06,4217.0,0.0255550199999999
POA/BTC,1556467804493,2019-04-28T16:10:04.493Z,sell,6.05e-06,10982.0,0.0664411
POA/BTC,1556467804493,2019-04-28T16:10:04.493Z,sell,6.04e-06,413.0,0.00249452
POA/BTC,1556467804503,2019-04-28T16:10:04.503Z,sell,6.02e-06,9358.0,0.05633516
POA/BTC,1556467804526,2019-04-28T16:10:04.526Z,sell,6.02e-06,397.0,0.00238994
POA/BTC,1556467804537,2019-04-28T16:10:04.537Z,sell,6.02e-06,6189.0,0.03725778
POA/BTC,1556467804542,2019-04-28T16:10:04.542Z,sell,6.02e-06,12159.0,0.07319718
POA/BTC,1556467804542,2019-04-28T16:10:04.542Z,sell,6.01e-06,4692.0,0.02819892
POA/BTC,1556467805577,2019-04-28T16:10:05.577Z,sell,6.01e-06,676.0,0.00406276
POA/BTC,1556467806664,2019-04-28T16:10:06.664Z,sell,6.01e-06,6880.0,0.0413488
POA/BTC,1556467807700,2019-04-28T16:10:07.700Z,sell,6.01e-06,2250.0,0.0135225
POA/BTC,1556467822465,2019-04-28T16:10:22.465Z,sell,6.01e-06,292.0,0.00175492
POA/BTC,1556467822483,2019-04-28T16:10:22.483Z,sell,6.01e-06,6204.0,0.03728604
POA/BTC,1556467822487,2019-04-28T16:10:22.487Z,sell,6.01e-06,6791.0,0.04081391
POA/BTC,1556467822532,2019-04-28T16:10:22.532Z,sell,6.01e-06,6791.0,0.04081391
POA/BTC,1556467822545,2019-04-28T16:10:22.545Z,sell,6.01e-06,2055.0,0.01235055
POA/BTC,1556467822566,2019-04-28T16:10:22.566Z,sell,6.01e-06,2004.0,0.01204404
POA/BTC,1556467822574,2019-04-28T16:10:22.574Z,sell,6.01e-06,6204.0,0.03728604
POA/BTC,1556467822602,2019-04-28T16:10:22.602Z,sell,6.01e-06,1129.0,0.00678529
POA/BTC,1556467822641,2019-04-28T16:10:22.641Z,sell,6.01e-06,6791.0,0.04081391
POA/BTC,1556467822658,2019-04-28T16:10:22.658Z,sell,6.01e-06,6204.0,0.03728604
POA/BTC,1556467822700,2019-04-28T16:10:22.700Z,sell,6.01e-06,2004.0,0.01204404
POA/BTC,1556467822703,2019-04-28T16:10:22.703Z,sell,6.01e-06,6791.0,0.04081391
POA/BTC,1556467822770,2019-04-28T16:10:22.770Z,sell,6.01e-06,17062.0,0.10254262
POA/BTC,1556467822783,2019-04-28T16:10:22.783Z,sell,6.01e-06,2004.0,0.01204404
POA/BTC,1556467822817,2019-04-28T16:10:22.817Z,sell,6.01e-06,3698.0,0.02222498
POA/BTC,1556467822884,2019-04-28T16:10:22.884Z,sell,6.01e-06,2744.0,0.01649144
POA/BTC,1556467824920,2019-04-28T16:10:24.920Z,sell,6.01e-06,413.0,0.00248213
POA/BTC,1556467832815,2019-04-28T16:10:32.815Z,sell,6.01e-06,407.0,0.00244607
POA/BTC,1556467834991,2019-04-28T16:10:34.991Z,sell,6e-06,240.0,0.00144
POA/BTC,1556467835266,2019-04-28T16:10:35.266Z,buy,6e-06,970.0,0.00582
POA/BTC,1556467835450,2019-04-28T16:10:35.450Z,sell,6e-06,8142.0,0.048852
POA/BTC,1556467836258,2019-04-28T16:10:36.258Z,sell,6e-06,651.0,0.003906
POA/BTC,1556467936529,2019-04-28T16:12:16.529Z,buy,6.02e-06,826.0,0.00497252
POA/BTC,1556467942096,2019-04-28T16:12:22.096Z,buy,6.02e-06,230.0,0.0013846
POA/BTC,1556468110681,2019-04-28T16:15:10.681Z,buy,6.02e-06,10473.0,0.06304746
POA/BTC,1556468120178,2019-04-28T16:15:20.178Z,sell,6.01e-06,648.0,0.00389448
POA/BTC,1556468121729,2019-04-28T16:15:21.729Z,sell,6.01e-06,648.0,0.00389448
POA/BTC,1556468124539,2019-04-28T16:15:24.539Z,buy,6.02e-06,11491.0,0.06917582
POA/BTC,1556468140449,2019-04-28T16:15:40.449Z,buy,6.02e-06,9030.0,0.0543606
POA/BTC,1556468213278,2019-04-28T16:16:53.278Z,sell,6.03e-06,679.0,0.00409437
POA/BTC,1556468229488,2019-04-28T16:17:09.488Z,buy,6.04e-06,28.0,0.0001691199999999
POA/BTC,1556468236599,2019-04-28T16:17:16.599Z,buy,6.04e-06,1545.0,0.0093318
POA/BTC,1556468380895,2019-04-28T16:19:40.895Z,sell,6.03e-06,500.0,0.003015
POA/BTC,1556468380895,2019-04-28T16:19:40.895Z,sell,6.02e-06,578.0,0.00347956
POA/BTC,1556468381077,2019-04-28T16:19:41.077Z,sell,6.02e-06,1078.0,0.00648956
POA/BTC,1556468381527,2019-04-28T16:19:41.527Z,sell,6.02e-06,2881.0,0.01734362
POA/BTC,1556468463111,2019-04-28T16:21:03.111Z,buy,6.04e-06,325.0,0.001963
POA/BTC,1556468588025,2019-04-28T16:23:08.025Z,buy,6.04e-06,568.0,0.00343072
POA/BTC,1556468762019,2019-04-28T16:26:02.019Z,buy,6.05e-06,680.0,0.004114
POA/BTC,1556468952953,2019-04-28T16:29:12.953Z,buy,6.05e-06,2000.0,0.0121
POA/BTC,1556469020300,2019-04-28T16:30:20.300Z,sell,6.04e-06,4505.0,0.0272102
POA/BTC,1556469237251,2019-04-28T16:33:57.251Z,buy,6.05e-06,2518.0,0.0152339
POA/BTC,1556469237251,2019-04-28T16:33:57.251Z,buy,6.06e-06,4829.0,0.0292637399999999
POA/BTC,1556469945165,2019-04-28T16:45:45.165Z,sell,6.04e-06,166.0,0.00100264
POA/BTC,1556469945165,2019-04-28T16:45:45.165Z,sell,6.04e-06,166.0,0.00100264
POA/BTC,1556470183138,2019-04-28T16:49:43.138Z,sell,6.04e-06,384.0,0.00231936
POA/BTC,1556470199419,2019-04-28T16:49:59.419Z,buy,6.06e-06,16614.0,0.10068084
POA/BTC,1556470209323,2019-04-28T16:50:09.323Z,buy,6.05e-06,16662.0,0.1008051
POA/BTC,1556470217093,2019-04-28T16:50:17.093Z,buy,6.05e-06,6517.0,0.03942785
POA/BTC,1556470229232,2019-04-28T16:50:29.232Z,buy,6.05e-06,6548.0,0.0396153999999999
POA/BTC,1556470255988,2019-04-28T16:50:55.988Z,buy,6.05e-06,3976.0,0.0240547999999999
POA/BTC,1556470335276,2019-04-28T16:52:15.276Z,buy,6.06e-06,31672.0,0.19193232
POA/BTC,1556470388845,2019-04-28T16:53:08.845Z,sell,6.05e-06,1222.0,0.0073931
POA/BTC,1556470399128,2019-04-28T16:53:19.128Z,sell,6.05e-06,1213.0,0.0073386499999999
POA/BTC,1556470399399,2019-04-28T16:53:19.399Z,sell,6.05e-06,151.0,0.00091355
POA/BTC,1556470403468,2019-04-28T16:53:23.468Z,sell,6.04e-06,1062.0,0.00641448
POA/BTC,1556470404044,2019-04-28T16:53:24.044Z,sell,6.04e-06,1213.0,0.0073265199999999
POA/BTC,1556470405501,2019-04-28T16:53:25.501Z,sell,6.04e-06,1213.0,0.0073265199999999
POA/BTC,1556470462361,2019-04-28T16:54:22.361Z,sell,6.03e-06,1161.0,0.0070008299999999
POA/BTC,1556470547918,2019-04-28T16:55:47.918Z,buy,6.07e-06,27.0,0.00016389
POA/BTC,1556471225879,2019-04-28T17:07:05.879Z,sell,6.04e-06,3414.0,0.02062056
POA/BTC,1556471272903,2019-04-28T17:07:52.903Z,buy,6.06e-06,368.0,0.0022300799999999
POA/BTC,1556471291452,2019-04-28T17:08:11.452Z,buy,6.06e-06,30.0,0.0001817999999999
POA/BTC,1556471412722,2019-04-28T17:10:12.722Z,buy,6.06e-06,1650.0,0.009999
POA/BTC,1556471412733,2019-04-28T17:10:12.733Z,buy,6.06e-06,990.0,0.0059993999999999
POA/BTC,1556471436710,2019-04-28T17:10:36.710Z,buy,6.06e-06,2502.0,0.01516212
POA/BTC,1556471440787,2019-04-28T17:10:40.787Z,buy,6.06e-06,299.0,0.00181194
POA/BTC,1556471444775,2019-04-28T17:10:44.775Z,buy,6.06e-06,316.0,0.0019149599999999
POA/BTC,1556471486992,2019-04-28T17:11:26.992Z,buy,6.06e-06,20000.0,0.1211999999999999
POA/BTC,1556471568169,2019-04-28T17:12:48.169Z,sell,6.03e-06,3261.0,0.01966383
POA/BTC,1556471815543,2019-04-28T17:16:55.543Z,sell,6.03e-06,7018.0,0.04231854
POA/BTC,1556472047353,2019-04-28T17:20:47.353Z,buy,6.05e-06,24.0,0.0001452
POA/BTC,1556472142526,2019-04-28T17:22:22.526Z,sell,6.03e-06,2154.0,0.01298862
POA/BTC,1556472753598,2019-04-28T17:32:33.598Z,sell,6.04e-06,6633.0,0.04006332
POA/BTC,1556472791115,2019-04-28T17:33:11.115Z,buy,6.04e-06,6503.0,0.03927812
POA/BTC,1556472827098,2019-04-28T17:33:47.098Z,sell,6.02e-06,2275.0,0.0136955
POA/BTC,1556472827098,2019-04-28T17:33:47.098Z,sell,6.02e-06,2275.0,0.0136955
POA/BTC,1556473932488,2019-04-28T17:52:12.488Z,buy,6.04e-06,248.0,0.00149792
POA/BTC,1556474152540,2019-04-28T17:55:52.540Z,buy,6.04e-06,6418.0,0.0387647199999999
POA/BTC,1556474155699,2019-04-28T17:55:55.699Z,buy,6.04e-06,1731.0,0.01045524
POA/BTC,1556474155699,2019-04-28T17:55:55.699Z,buy,6.05e-06,10961.0,0.06631405
POA/BTC,1556474156842,2019-04-28T17:55:56.842Z,buy,6.07e-06,658.0,0.00399406
POA/BTC,1556474157839,2019-04-28T17:55:57.839Z,sell,6.04e-06,414.0,0.0025005599999999
POA/BTC,1556474158701,2019-04-28T17:55:58.701Z,buy,6.07e-06,1115.0,0.00676805
POA/BTC,1556474159132,2019-04-28T17:55:59.132Z,sell,6.04e-06,393.0,0.0023737199999999
POA/BTC,1556474160814,2019-04-28T17:56:00.814Z,sell,6.05e-06,300.0,0.001815
POA/BTC,1556474160890,2019-04-28T17:56:00.890Z,sell,6.05e-06,393.0,0.00237765
POA/BTC,1556474339058,2019-04-28T17:58:59.058Z,sell,6.07e-06,1502.0,0.00911714
POA/BTC,1556474491874,2019-04-28T18:01:31.874Z,sell,6.07e-06,2060.0,0.0125042
POA/BTC,1556474529557,2019-04-28T18:02:09.557Z,sell,6.07e-06,786.0,0.00477102
POA/BTC,1556474824502,2019-04-28T18:07:04.502Z,sell,6.07e-06,1000.0,0.00607
POA/BTC,1556475019804,2019-04-28T18:10:19.804Z,sell,6.07e-06,816.0,0.00495312
POA/BTC,1556475396254,2019-04-28T18:16:36.254Z,sell,6.06e-06,325.0,0.0019695
POA/BTC,1556475634735,2019-04-28T18:20:34.735Z,sell,6.04e-06,1000.0,0.0060399999999999
POA/BTC,1556476007488,2019-04-28T18:26:47.488Z,sell,6.04e-06,7382.0,0.04458728
POA/BTC,1556476243079,2019-04-28T18:30:43.079Z,sell,6.04e-06,247.0,0.00149188
POA/BTC,1556476396412,2019-04-28T18:33:16.412Z,sell,6.04e-06,4479.0,0.02705316
POA/BTC,1556476398659,2019-04-28T18:33:18.659Z,sell,6.03e-06,3316.0,0.01999548
POA/BTC,1556476398724,2019-04-28T18:33:18.724Z,buy,6.03e-06,912.0,0.00549936
POA/BTC,1556476398724,2019-04-28T18:33:18.724Z,buy,6.03e-06,912.0,0.00549936
POA/BTC,1556476803255,2019-04-28T18:40:03.255Z,sell,6.04e-06,5829.0,0.03520716
POA/BTC,1556476803255,2019-04-28T18:40:03.255Z,sell,6.02e-06,7771.0,0.04678142
POA/BTC,1556476803302,2019-04-28T18:40:03.302Z,buy,6.06e-06,23.0,0.0001393799999999
POA/BTC,1556477097262,2019-04-28T18:44:57.262Z,sell,6.03e-06,877.0,0.00528831
POA/BTC,1556477874844,2019-04-28T18:57:54.844Z,sell,6.02e-06,1746.0,0.01051092
POA/BTC,1556478107302,2019-04-28T19:01:47.302Z,buy,6.04e-06,222.0,0.00134088
POA/BTC,1556478107302,2019-04-28T19:01:47.302Z,buy,6.05e-06,780.0,0.004719
POA/BTC,1556478107571,2019-04-28T19:01:47.571Z,buy,6.05e-06,340.0,0.002057
POA/BTC,1556478108121,2019-04-28T19:01:48.121Z,buy,6.05e-06,404.0,0.0024441999999999
POA/BTC,1556478108547,2019-04-28T19:01:48.547Z,buy,6.05e-06,349.0,0.00211145
POA/BTC,1556478109816,2019-04-28T19:01:49.816Z,buy,6.05e-06,404.0,0.0024441999999999
POA/BTC,1556478610820,2019-04-28T19:10:10.820Z,sell,6.01e-06,1623.0,0.00975423
POA/BTC,1556478794797,2019-04-28T19:13:14.797Z,buy,6.03e-06,3380.0,0.0203814
POA/BTC,1556479056696,2019-04-28T19:17:36.696Z,sell,6.01e-06,1801.0,0.01082401
POA/BTC,1556479146499,2019-04-28T19:19:06.499Z,buy,6.01e-06,298.0,0.00179098
POA/BTC,1556479154079,2019-04-28T19:19:14.079Z,sell,6.01e-06,1068.0,0.00641868
POA/BTC,1556479193913,2019-04-28T19:19:53.913Z,sell,6e-06,16666.0,0.099996
POA/BTC,1556479194081,2019-04-28T19:19:54.081Z,buy,6e-06,200.0,0.0012
POA/BTC,1556479195250,2019-04-28T19:19:55.250Z,sell,5.99e-06,652.0,0.00390548
POA/BTC,1556479198641,2019-04-28T19:19:58.641Z,sell,5.98e-06,2054.0,0.01228292
POA/BTC,1556479198641,2019-04-28T19:19:58.641Z,sell,5.98e-06,6307.0,0.03771586
POA/BTC,1556479198689,2019-04-28T19:19:58.689Z,buy,5.98e-06,1536.0,0.00918528
POA/BTC,1556479205586,2019-04-28T19:20:05.586Z,buy,5.98e-06,1791.0,0.01071018
POA/BTC,1556479205607,2019-04-28T19:20:05.607Z,buy,5.98e-06,1791.0,0.01071018
POA/BTC,1556479205616,2019-04-28T19:20:05.616Z,buy,5.98e-06,524.0,0.00313352
POA/BTC,1556479206142,2019-04-28T19:20:06.142Z,sell,5.98e-06,1235.0,0.0073853
POA/BTC,1556479206142,2019-04-28T19:20:06.142Z,sell,5.97e-06,2223.0,0.01327131
POA/BTC,1556479206142,2019-04-28T19:20:06.142Z,sell,5.96e-06,3537.0,0.02108052
POA/BTC,1556479207431,2019-04-28T19:20:07.431Z,sell,5.96e-06,2364.0,0.01408944
POA/BTC,1556479207431,2019-04-28T19:20:07.431Z,sell,5.95e-06,4630.0,0.0275485
POA/BTC,1556479264103,2019-04-28T19:21:04.103Z,buy,5.99e-06,7549.0,0.04521851
POA/BTC,1556479264422,2019-04-28T19:21:04.422Z,sell,5.99e-06,1791.0,0.01072809
POA/BTC,1556479450420,2019-04-28T19:24:10.420Z,sell,5.98e-06,1262.0,0.00754676
POA/BTC,1556479472358,2019-04-28T19:24:32.358Z,sell,5.98e-06,23642.0,0.14137916
POA/BTC,1556479472378,2019-04-28T19:24:32.378Z,sell,5.97e-06,3525.0,0.0210442499999999
POA/BTC,1556479472386,2019-04-28T19:24:32.386Z,sell,5.97e-06,6309.0,0.03766473
POA/BTC,1556479472393,2019-04-28T19:24:32.393Z,sell,5.97e-06,2640.0,0.0157608
POA/BTC,1556479472854,2019-04-28T19:24:32.854Z,sell,5.96e-06,242.0,0.00144232
POA/BTC,1556479482393,2019-04-28T19:24:42.393Z,sell,5.96e-06,2195.0,0.0130821999999999
POA/BTC,1556479485064,2019-04-28T19:24:45.064Z,buy,5.97e-06,300.0,0.0017909999999999
POA/BTC,1556479485396,2019-04-28T19:24:45.396Z,sell,5.96e-06,2000.0,0.01192
POA/BTC,1556479529012,2019-04-28T19:25:29.012Z,buy,5.98e-06,2100.0,0.012558
POA/BTC,1556479529879,2019-04-28T19:25:29.879Z,buy,5.98e-06,300.0,0.001794
POA/BTC,1556479530221,2019-04-28T19:25:30.221Z,buy,5.98e-06,300.0,0.001794
POA/BTC,1556479552364,2019-04-28T19:25:52.364Z,buy,5.98e-06,5113.0,0.03057574
POA/BTC,1556479620227,2019-04-28T19:27:00.227Z,sell,5.96e-06,1421.0,0.00846916
POA/BTC,1556479709219,2019-04-28T19:28:29.219Z,sell,5.95e-06,23200.0,0.13804
POA/BTC,1556479710405,2019-04-28T19:28:30.405Z,buy,5.95e-06,793.0,0.00471835
POA/BTC,1556479731679,2019-04-28T19:28:51.679Z,sell,5.95e-06,4424.0,0.0263228
POA/BTC,1556479777173,2019-04-28T19:29:37.173Z,sell,5.94e-06,1655.0,0.0098307
POA/BTC,1556479777173,2019-04-28T19:29:37.173Z,sell,5.94e-06,849.0,0.00504306
POA/BTC,1556479777559,2019-04-28T19:29:37.559Z,sell,5.94e-06,1680.0,0.0099792
POA/BTC,1556479777705,2019-04-28T19:29:37.705Z,sell,5.94e-06,247.0,0.00146718
POA/BTC,1556479778041,2019-04-28T19:29:38.041Z,sell,5.94e-06,991.0,0.00588654
POA/BTC,1556479848982,2019-04-28T19:30:48.982Z,buy,5.95e-06,1837.0,0.01093015
POA/BTC,1556479856870,2019-04-28T19:30:56.870Z,buy,5.95e-06,1304.0,0.0077588
POA/BTC,1556479863370,2019-04-28T19:31:03.370Z,sell,5.94e-06,253.0,0.00150282
POA/BTC,1556479868134,2019-04-28T19:31:08.134Z,sell,5.94e-06,1103.0,0.00655182
POA/BTC,1556479889842,2019-04-28T19:31:29.842Z,sell,5.94e-06,110.0,0.0006533999999999
POA/BTC,1556479908840,2019-04-28T19:31:48.840Z,buy,5.98e-06,272.0,0.00162656
POA/BTC,1556479924303,2019-04-28T19:32:04.303Z,sell,5.93e-06,652.0,0.00386636
POA/BTC,1556479947451,2019-04-28T19:32:27.451Z,sell,5.93e-06,59995.0,0.35577035
POA/BTC,1556479947721,2019-04-28T19:32:27.721Z,buy,5.93e-06,15243.0,0.09039099
POA/BTC,1556479947721,2019-04-28T19:32:27.721Z,buy,5.93e-06,15243.0,0.09039099
POA/BTC,1556480071014,2019-04-28T19:34:31.014Z,buy,5.97e-06,310.0,0.0018506999999999
POA/BTC,1556480079907,2019-04-28T19:34:39.907Z,buy,5.97e-06,1647.0,0.0098325899999999
POA/BTC,1556480228525,2019-04-28T19:37:08.525Z,buy,5.96e-06,689.0,0.0041064399999999
POA/BTC,1556480228525,2019-04-28T19:37:08.525Z,buy,5.97e-06,3328.0,0.01986816
POA/BTC,1556480475273,2019-04-28T19:41:15.273Z,sell,5.96e-06,2184.0,0.01301664
POA/BTC,1556480679945,2019-04-28T19:44:39.945Z,sell,5.94e-06,2610.0,0.0155034
POA/BTC,1556480722427,2019-04-28T19:45:22.427Z,sell,5.94e-06,3533.0,0.02098602
POA/BTC,1556480722427,2019-04-28T19:45:22.427Z,sell,5.93e-06,3255.0,0.01930215
POA/BTC,1556480733590,2019-04-28T19:45:33.590Z,sell,5.93e-06,2325.0,0.01378725
POA/BTC,1556480791036,2019-04-28T19:46:31.036Z,sell,5.93e-06,20222.0,0.11991646
POA/BTC,1556480791036,2019-04-28T19:46:31.036Z,sell,5.92e-06,20761.0,0.12290512
POA/BTC,1556481294190,2019-04-28T19:54:54.190Z,buy,5.94e-06,201.0,0.0011939399999999
POA/BTC,1556481294411,2019-04-28T19:54:54.411Z,buy,5.94e-06,2398.0,0.0142441199999999
POA/BTC,1556481609792,2019-04-28T20:00:09.792Z,sell,5.93e-06,728.0,0.00431704
POA/BTC,1556481732716,2019-04-28T20:02:12.716Z,buy,5.95e-06,10117.0,0.06019615
POA/BTC,1556481816845,2019-04-28T20:03:36.845Z,buy,5.95e-06,503.0,0.00299285
POA/BTC,1556481911630,2019-04-28T20:05:11.630Z,buy,5.95e-06,13385.0,0.07964075
POA/BTC,1556481911765,2019-04-28T20:05:11.765Z,sell,5.95e-06,789.0,0.00469455
POA/BTC,1556481946254,2019-04-28T20:05:46.254Z,buy,5.95e-06,6385.0,0.03799075
POA/BTC,1556481946254,2019-04-28T20:05:46.254Z,buy,5.96e-06,7362.0,0.0438775199999999
POA/BTC,1556482221395,2019-04-28T20:10:21.395Z,buy,5.96e-06,172.0,0.00102512
POA/BTC,1556482558956,2019-04-28T20:15:58.956Z,buy,5.96e-06,307.0,0.00182972
POA/BTC,1556482758403,2019-04-28T20:19:18.403Z,sell,5.93e-06,14103.0,0.08363079
POA/BTC,1556482770715,2019-04-28T20:19:30.715Z,sell,5.92e-06,10107.0,0.05983344
POA/BTC,1556482787988,2019-04-28T20:19:47.988Z,sell,5.92e-06,17340.0,0.1026528
POA/BTC,1556482810937,2019-04-28T20:20:10.937Z,buy,5.93e-06,2220.0,0.0131646
POA/BTC,1556482992476,2019-04-28T20:23:12.476Z,buy,5.93e-06,330.0,0.0019569
POA/BTC,1556482997520,2019-04-28T20:23:17.520Z,sell,5.92e-06,338.0,0.00200096
POA/BTC,1556483063432,2019-04-28T20:24:23.432Z,sell,5.92e-06,693.0,0.00410256
POA/BTC,1556483063432,2019-04-28T20:24:23.432Z,sell,5.92e-06,693.0,0.00410256
POA/BTC,1556483613759,2019-04-28T20:33:33.759Z,buy,5.93e-06,13260.0,0.0786318
POA/BTC,1556483625843,2019-04-28T20:33:45.843Z,buy,5.95e-06,904.0,0.0053787999999999
POA/BTC,1556483625864,2019-04-28T20:33:45.864Z,buy,5.95e-06,904.0,0.0053787999999999
POA/BTC,1556483711667,2019-04-28T20:35:11.667Z,buy,5.95e-06,2209.0,0.01314355
POA/BTC,1556483757404,2019-04-28T20:35:57.404Z,buy,5.95e-06,348.0,0.0020706
POA/BTC,1556483862790,2019-04-28T20:37:42.790Z,buy,5.95e-06,655.0,0.0038972499999999
POA/BTC,1556483862790,2019-04-28T20:37:42.790Z,buy,5.96e-06,3810.0,0.0227075999999999
POA/BTC,1556483899656,2019-04-28T20:38:19.656Z,buy,5.95e-06,3296.0,0.0196112
POA/BTC,1556483905501,2019-04-28T20:38:25.501Z,buy,5.95e-06,18850.0,0.1121575
POA/BTC,1556483905501,2019-04-28T20:38:25.501Z,buy,5.96e-06,7419.0,0.04421724
POA/BTC,1556483927954,2019-04-28T20:38:47.954Z,sell,5.93e-06,1041.0,0.00617313
POA/BTC,1556484271345,2019-04-28T20:44:31.345Z,buy,5.96e-06,3586.0,0.02137256
POA/BTC,1556484271362,2019-04-28T20:44:31.362Z,sell,5.96e-06,3171.0,0.0188991599999999
POA/BTC,1556484271372,2019-04-28T20:44:31.372Z,sell,5.93e-06,904.0,0.00536072
POA/BTC,1556484751451,2019-04-28T20:52:31.451Z,sell,5.93e-06,500.0,0.002965
POA/BTC,1556485191147,2019-04-28T20:59:51.147Z,buy,5.96e-06,28.0,0.00016688
POA/BTC,1556485676718,2019-04-28T21:07:56.718Z,sell,5.94e-06,658.0,0.0039085199999999
POA/BTC,1556486120581,2019-04-28T21:15:20.581Z,buy,5.96e-06,20112.0,0.1198675199999999
POA/BTC,1556486121078,2019-04-28T21:15:21.078Z,buy,5.96e-06,671.0,0.00399916
POA/BTC,1556486121350,2019-04-28T21:15:21.350Z,buy,5.96e-06,671.0,0.00399916
POA/BTC,1556486123481,2019-04-28T21:15:23.481Z,buy,5.96e-06,252.0,0.00150192
POA/BTC,1556486123873,2019-04-28T21:15:23.873Z,buy,5.96e-06,39649.0,0.23630804
POA/BTC,1556486126970,2019-04-28T21:15:26.970Z,buy,5.97e-06,26150.0,0.1561155
POA/BTC,1556486129977,2019-04-28T21:15:29.977Z,buy,5.98e-06,3837.0,0.02294526
POA/BTC,1556486136011,2019-04-28T21:15:36.011Z,buy,5.99e-06,36616.0,0.21932984
POA/BTC,1556486136013,2019-04-28T21:15:36.013Z,buy,5.99e-06,3187.0,0.01909013
POA/BTC,1556486136064,2019-04-28T21:15:36.064Z,buy,6e-06,28565.0,0.17139
POA/BTC,1556486139023,2019-04-28T21:15:39.023Z,buy,6.01e-06,677.0,0.00406877
POA/BTC,1556486139023,2019-04-28T21:15:39.023Z,buy,6.02e-06,4956.0,0.02983512
POA/BTC,1556486142966,2019-04-28T21:15:42.966Z,buy,6.03e-06,3195.0,0.01926585
POA/BTC,1556486145060,2019-04-28T21:15:45.060Z,buy,6.04e-06,1911.0,0.01154244
POA/BTC,1556486145994,2019-04-28T21:15:45.994Z,buy,6.05e-06,1101.0,0.00666105
POA/BTC,1556486147240,2019-04-28T21:15:47.240Z,sell,6.04e-06,239.0,0.00144356
POA/BTC,1556486147257,2019-04-28T21:15:47.257Z,sell,6.04e-06,251.0,0.00151604
POA/BTC,1556486147270,2019-04-28T21:15:47.270Z,sell,6.04e-06,754.0,0.00455416
POA/BTC,1556486149398,2019-04-28T21:15:49.398Z,sell,6.05e-06,15352.0,0.0928795999999999
POA/BTC,1556486149398,2019-04-28T21:15:49.398Z,sell,6.03e-06,10122.0,0.06103566
POA/BTC,1556486149398,2019-04-28T21:15:49.398Z,sell,6.01e-06,888.0,0.00533688
POA/BTC,1556486150408,2019-04-28T21:15:50.408Z,sell,6e-06,888.0,0.005328
POA/BTC,1556486151986,2019-04-28T21:15:51.986Z,buy,6.01e-06,23112.0,0.13890312
POA/BTC,1556486152032,2019-04-28T21:15:52.032Z,buy,6.01e-06,71283.0,0.42841083
POA/BTC,1556486152198,2019-04-28T21:15:52.198Z,buy,6.01e-06,200.0,0.001202
POA/BTC,1556486170217,2019-04-28T21:16:10.217Z,sell,5.99e-06,15495.0,0.09281505
POA/BTC,1556486176528,2019-04-28T21:16:16.528Z,sell,5.99e-06,5784.0,0.03464616
POA/BTC,1556486190034,2019-04-28T21:16:30.034Z,sell,5.97e-06,7021.0,0.04191537
POA/BTC,1556486190034,2019-04-28T21:16:30.034Z,sell,5.96e-06,8504.0,0.0506838399999999
POA/BTC,1556486190034,2019-04-28T21:16:30.034Z,sell,5.95e-06,8845.0,0.05262775
POA/BTC,1556486190053,2019-04-28T21:16:30.053Z,buy,5.95e-06,4453.0,0.0264953499999999
POA/BTC,1556486190067,2019-04-28T21:16:30.067Z,buy,5.95e-06,6476.0,0.0385321999999999
POA/BTC,1556486190123,2019-04-28T21:16:30.123Z,buy,5.95e-06,1661.0,0.00988295
POA/BTC,1556486194913,2019-04-28T21:16:34.913Z,sell,5.94e-06,5088.0,0.0302227199999999
POA/BTC,1556486196381,2019-04-28T21:16:36.381Z,buy,5.94e-06,145591.0,0.86481054
POA/BTC,1556486198331,2019-04-28T21:16:38.331Z,sell,5.93e-06,3680.0,0.0218224
POA/BTC,1556486209752,2019-04-28T21:16:49.752Z,sell,5.93e-06,5525.0,0.03276325
POA/BTC,1556486212763,2019-04-28T21:16:52.763Z,sell,5.92e-06,1369.0,0.00810448
POA/BTC,1556486212770,2019-04-28T21:16:52.770Z,sell,5.92e-06,2869.0,0.01698448
POA/BTC,1556486216524,2019-04-28T21:16:56.524Z,buy,5.94e-06,245.0,0.0014552999999999
POA/BTC,1556486247251,2019-04-28T21:17:27.251Z,sell,5.92e-06,245.0,0.0014504
POA/BTC,1556486268694,2019-04-28T21:17:48.694Z,buy,5.93e-06,1686.0,0.00999798
POA/BTC,1556486287616,2019-04-28T21:18:07.616Z,sell,5.92e-06,300.0,0.001776
POA/BTC,1556486516696,2019-04-28T21:21:56.696Z,sell,5.92e-06,236.0,0.00139712
POA/BTC,1556486518212,2019-04-28T21:21:58.212Z,sell,5.91e-06,236.0,0.00139476
POA/BTC,1556486518212,2019-04-28T21:21:58.212Z,sell,5.91e-06,5153.0,0.03045423
POA/BTC,1556486557608,2019-04-28T21:22:37.608Z,sell,5.91e-06,2027.0,0.01197957
POA/BTC,1556486557608,2019-04-28T21:22:37.608Z,sell,5.9e-06,1470.0,0.008673
POA/BTC,1556486569757,2019-04-28T21:22:49.757Z,sell,5.9e-06,1766.0,0.0104194
POA/BTC,1556486569757,2019-04-28T21:22:49.757Z,sell,5.89e-06,1731.0,0.01019559
POA/BTC,1556486591285,2019-04-28T21:23:11.285Z,sell,5.92e-06,845.0,0.0050024
POA/BTC,1556486591285,2019-04-28T21:23:11.285Z,sell,5.92e-06,845.0,0.0050024
POA/BTC,1556487315405,2019-04-28T21:35:15.405Z,sell,5.9e-06,249.0,0.0014691
POA/BTC,1556487315844,2019-04-28T21:35:15.844Z,sell,5.9e-06,1493.0,0.0088087
POA/BTC,1556487518869,2019-04-28T21:38:38.869Z,sell,5.9e-06,24148.0,0.1424732
POA/BTC,1556487519800,2019-04-28T21:38:39.800Z,sell,5.89e-06,3102.0,0.01827078
POA/BTC,1556487522089,2019-04-28T21:38:42.089Z,sell,5.88e-06,4681.0,0.0275242799999999
POA/BTC,1556487522781,2019-04-28T21:38:42.781Z,sell,5.88e-06,4298.0,0.0252722399999999
POA/BTC,1556487525786,2019-04-28T21:38:45.786Z,sell,5.87e-06,6618.0,0.03884766
POA/BTC,1556487525786,2019-04-28T21:38:45.786Z,sell,5.86e-06,618.0,0.00362148
POA/BTC,1556487528440,2019-04-28T21:38:48.440Z,sell,5.86e-06,2340.0,0.0137124
POA/BTC,1556487594908,2019-04-28T21:39:54.908Z,buy,5.93e-06,210.0,0.0012453
POA/BTC,1556487635318,2019-04-28T21:40:35.318Z,sell,5.9e-06,9232.0,0.0544688
POA/BTC,1556487636098,2019-04-28T21:40:36.098Z,sell,5.89e-06,32363.0,0.19061807
POA/BTC,1556487876692,2019-04-28T21:44:36.692Z,sell,5.88e-06,32162.0,0.1891125599999999
POA/BTC,1556487876692,2019-04-28T21:44:36.692Z,sell,5.87e-06,57841.0,0.33952667
POA/BTC,1556487876716,2019-04-28T21:44:36.716Z,buy,5.87e-06,676.0,0.0039681199999999
POA/BTC,1556487877052,2019-04-28T21:44:37.052Z,sell,5.86e-06,1258.0,0.00737188
POA/BTC,1556487879990,2019-04-28T21:44:39.990Z,buy,5.87e-06,208.0,0.0012209599999999
POA/BTC,1556487906067,2019-04-28T21:45:06.067Z,sell,5.86e-06,225.0,0.0013185
POA/BTC,1556487906241,2019-04-28T21:45:06.241Z,buy,5.87e-06,217.0,0.00127379
POA/BTC,1556487926742,2019-04-28T21:45:26.742Z,buy,5.87e-06,2387.0,0.0140116899999999
POA/BTC,1556487927930,2019-04-28T21:45:27.930Z,buy,5.87e-06,242.0,0.0014205399999999
POA/BTC,1556487957285,2019-04-28T21:45:57.285Z,buy,5.87e-06,907.0,0.00532409
POA/BTC,1556487957293,2019-04-28T21:45:57.293Z,buy,5.87e-06,907.0,0.00532409
POA/BTC,1556487957312,2019-04-28T21:45:57.312Z,buy,5.87e-06,531.0,0.0031169699999999
POA/BTC,1556488083736,2019-04-28T21:48:03.736Z,buy,5.87e-06,3763.0,0.02208881
POA/BTC,1556488097450,2019-04-28T21:48:17.450Z,buy,5.87e-06,2039.0,0.01196893
POA/BTC,1556488140166,2019-04-28T21:49:00.166Z,sell,5.87e-06,676.0,0.0039681199999999
POA/BTC,1556488140211,2019-04-28T21:49:00.211Z,sell,5.87e-06,907.0,0.00532409
POA/BTC,1556488321092,2019-04-28T21:52:01.092Z,sell,5.87e-06,644.0,0.00378028
POA/BTC,1556488675297,2019-04-28T21:57:55.297Z,sell,5.87e-06,7102.0,0.0416887399999999
POA/BTC,1556488713066,2019-04-28T21:58:33.066Z,sell,5.87e-06,16997.0,0.0997723899999999
POA/BTC,1556489421024,2019-04-28T22:10:21.024Z,buy,5.88e-06,184.0,0.0010819199999999
POA/BTC,1556489421299,2019-04-28T22:10:21.299Z,buy,5.88e-06,1000.0,0.00588
POA/BTC,1556489421581,2019-04-28T22:10:21.581Z,buy,5.88e-06,3589.0,0.02110332
POA/BTC,1556489861098,2019-04-28T22:17:41.098Z,buy,5.89e-06,324.0,0.00190836
POA/BTC,1556489935023,2019-04-28T22:18:55.023Z,sell,5.88e-06,1530.0,0.0089964
POA/BTC,1556490114840,2019-04-28T22:21:54.840Z,buy,5.89e-06,246.0,0.00144894
POA/BTC,1556490140743,2019-04-28T22:22:20.743Z,buy,5.89e-06,239.0,0.00140771
POA/BTC,1556490177340,2019-04-28T22:22:57.340Z,buy,5.89e-06,214.0,0.00126046
POA/BTC,1556490177340,2019-04-28T22:22:57.340Z,buy,5.89e-06,214.0,0.00126046
POA/BTC,1556490217693,2019-04-28T22:23:37.693Z,sell,5.88e-06,1647.0,0.00968436
POA/BTC,1556490289381,2019-04-28T22:24:49.381Z,buy,5.89e-06,1081.0,0.00636709
POA/BTC,1556491402008,2019-04-28T22:43:22.008Z,sell,5.88e-06,2257.0,0.0132711599999999
POA/BTC,1556491538451,2019-04-28T22:45:38.451Z,sell,5.88e-06,10743.0,0.0631688399999999
POA/BTC,1556491538520,2019-04-28T22:45:38.520Z,sell,5.88e-06,14243.0,0.0837488399999999
POA/BTC,1556491539050,2019-04-28T22:45:39.050Z,sell,5.88e-06,4376.0,0.0257308799999999
POA/BTC,1556491539429,2019-04-28T22:45:39.429Z,sell,5.88e-06,3147.0,0.0185043599999999
POA/BTC,1556491571293,2019-04-28T22:46:11.293Z,sell,5.88e-06,1186.0,0.0069736799999999
POA/BTC,1556491657661,2019-04-28T22:47:37.661Z,sell,5.88e-06,21504.0,0.12644352
POA/BTC,1556491660655,2019-04-28T22:47:40.655Z,sell,5.88e-06,2150.0,0.0126419999999999
POA/BTC,1556491661059,2019-04-28T22:47:41.059Z,sell,5.88e-06,397.0,0.0023343599999999
POA/BTC,1556491664059,2019-04-28T22:47:44.059Z,buy,5.87e-06,2025.0,0.01188675
POA/BTC,1556491664224,2019-04-28T22:47:44.224Z,buy,5.87e-06,1696.0,0.0099555199999999
POA/BTC,1556492012155,2019-04-28T22:53:32.155Z,buy,5.88e-06,3150.0,0.018522
POA/BTC,1556492310689,2019-04-28T22:58:30.689Z,buy,5.87e-06,12225.0,0.07176075
POA/BTC,1556492809960,2019-04-28T23:06:49.960Z,buy,5.88e-06,1823.0,0.01071924
POA/BTC,1556493496975,2019-04-28T23:18:16.975Z,sell,5.87e-06,807.0,0.0047370899999999
POA/BTC,1556493497193,2019-04-28T23:18:17.193Z,buy,5.88e-06,788.0,0.00463344
POA/BTC,1556493497233,2019-04-28T23:18:17.233Z,buy,5.88e-06,1443.0,0.0084848399999999
POA/BTC,1556493497233,2019-04-28T23:18:17.233Z,buy,5.88e-06,1443.0,0.0084848399999999
POA/BTC,1556494411088,2019-04-28T23:33:31.088Z,buy,5.88e-06,2470.0,0.0145236
POA/BTC,1556494411405,2019-04-28T23:33:31.405Z,sell,5.88e-06,615.0,0.0036162
POA/BTC,1556494474023,2019-04-28T23:34:34.023Z,buy,5.88e-06,7159.0,0.0420949199999999
POA/BTC,1556494681432,2019-04-28T23:38:01.432Z,buy,5.88e-06,23102.0,0.13583976
POA/BTC,1556495013459,2019-04-28T23:43:33.459Z,buy,5.89e-06,483.0,0.00284487
POA/BTC,1556495765234,2019-04-28T23:56:05.234Z,buy,5.88e-06,200.0,0.001176
POA/BTC,1556495993232,2019-04-28T23:59:53.232Z,sell,5.86e-06,226.0,0.00132436
POA/BTC,1556495993394,2019-04-28T23:59:53.394Z,buy,5.88e-06,789.0,0.00463932
POA/BTC,1556495993394,2019-04-28T23:59:53.394Z,buy,5.88e-06,789.0,0.00463932
POA/BTC,1556497196387,2019-04-29T00:19:56.387Z,sell,5.87e-06,1272.0,0.0074666399999999
POA/BTC,1556497196659,2019-04-29T00:19:56.659Z,sell,5.87e-06,1125.0,0.0066037499999999
POA/BTC,1556497200059,2019-04-29T00:20:00.059Z,sell,5.86e-06,1274.0,0.00746564
POA/BTC,1556497200651,2019-04-29T00:20:00.651Z,sell,5.86e-06,1272.0,0.00745392
POA/BTC,1556497200735,2019-04-29T00:20:00.735Z,sell,5.86e-06,1272.0,0.00745392
POA/BTC,1556497201043,2019-04-29T00:20:01.043Z,sell,5.86e-06,1272.0,0.00745392
POA/BTC,1556497214291,2019-04-29T00:20:14.291Z,sell,5.86e-06,1276.0,0.00747736
POA/BTC,1556497214411,2019-04-29T00:20:14.411Z,sell,5.86e-06,1276.0,0.00747736
POA/BTC,1556497225869,2019-04-29T00:20:25.869Z,buy,5.87e-06,2397.0,0.0140703899999999
POA/BTC,1556498708040,2019-04-29T00:45:08.040Z,buy,5.87e-06,184.0,0.00108008
POA/BTC,1556498731902,2019-04-29T00:45:31.902Z,buy,5.87e-06,6469.0,0.03797303
POA/BTC,1556498750424,2019-04-29T00:45:50.424Z,sell,5.86e-06,242.0,0.00141812
POA/BTC,1556498757318,2019-04-29T00:45:57.318Z,sell,5.86e-06,200.0,0.0011719999999999
POA/BTC,1556499218405,2019-04-29T00:53:38.405Z,buy,5.87e-06,1459.0,0.00856433
POA/BTC,1556499291006,2019-04-29T00:54:51.006Z,sell,5.86e-06,3203.0,0.01876958
POA/BTC,1556499293968,2019-04-29T00:54:53.968Z,sell,5.86e-06,7764.0,0.0454970399999999
POA/BTC,1556499300237,2019-04-29T00:55:00.237Z,sell,5.85e-06,2684.0,0.0157014
POA/BTC,1556499300237,2019-04-29T00:55:00.237Z,sell,5.85e-06,3271.0,0.01913535
POA/BTC,1556499302304,2019-04-29T00:55:02.304Z,sell,5.84e-06,3161.0,0.01846024
POA/BTC,1556499311937,2019-04-29T00:55:11.937Z,buy,5.85e-06,28000.0,0.1638
POA/BTC,1556499311941,2019-04-29T00:55:11.941Z,buy,5.85e-06,4701.0,0.02750085
POA/BTC,1556499311941,2019-04-29T00:55:11.941Z,buy,5.85e-06,27983.0,0.16370055
POA/BTC,1556499311947,2019-04-29T00:55:11.947Z,buy,5.85e-06,807.0,0.00472095
POA/BTC,1556499311957,2019-04-29T00:55:11.957Z,buy,5.85e-06,7636.0,0.0446706
POA/BTC,1556499311960,2019-04-29T00:55:11.960Z,buy,5.85e-06,6314.0,0.0369369
POA/BTC,1556499311963,2019-04-29T00:55:11.963Z,buy,5.85e-06,1223.0,0.00715455
POA/BTC,1556499311991,2019-04-29T00:55:11.991Z,sell,5.84e-06,1073.0,0.00626632
POA/BTC,1556499311991,2019-04-29T00:55:11.991Z,sell,5.83e-06,3101.0,0.01807883
POA/BTC,1556499311993,2019-04-29T00:55:11.993Z,sell,5.83e-06,9735.0,0.05675505
POA/BTC,1556499312132,2019-04-29T00:55:12.132Z,buy,5.85e-06,1593.0,0.00931905
POA/BTC,1556499313637,2019-04-29T00:55:13.637Z,sell,5.83e-06,1216.0,0.00708928
POA/BTC,1556499323135,2019-04-29T00:55:23.135Z,sell,5.83e-06,183.0,0.00106689
POA/BTC,1556499347383,2019-04-29T00:55:47.383Z,buy,5.84e-06,188.0,0.00109792
POA/BTC,1556499368216,2019-04-29T00:56:08.216Z,buy,5.84e-06,2417.0,0.01411528
POA/BTC,1556499369261,2019-04-29T00:56:09.261Z,buy,5.84e-06,172.0,0.00100448
POA/BTC,1556499378974,2019-04-29T00:56:18.974Z,sell,5.83e-06,1155.0,0.00673365
POA/BTC,1556499399955,2019-04-29T00:56:39.955Z,buy,5.84e-06,722.0,0.00421648
POA/BTC,1556499401023,2019-04-29T00:56:41.023Z,buy,5.84e-06,17152.0,0.10016768
POA/BTC,1556499422479,2019-04-29T00:57:02.479Z,buy,5.84e-06,2418.0,0.01412112
POA/BTC,1556499475999,2019-04-29T00:57:55.999Z,buy,5.84e-06,2422.0,0.01414448
POA/BTC,1556499530485,2019-04-29T00:58:50.485Z,buy,5.84e-06,434.0,0.00253456
POA/BTC,1556499533806,2019-04-29T00:58:53.806Z,buy,5.85e-06,496.0,0.0029016
POA/BTC,1556499578365,2019-04-29T00:59:38.365Z,buy,5.85e-06,348.0,0.0020358
POA/BTC,1556499578365,2019-04-29T00:59:38.365Z,buy,5.85e-06,348.0,0.0020358
POA/BTC,1556499678220,2019-04-29T01:01:18.220Z,buy,5.85e-06,439.0,0.00256815
POA/BTC,1556500339836,2019-04-29T01:12:19.836Z,buy,5.85e-06,6967.0,0.04075695
POA/BTC,1556500372665,2019-04-29T01:12:52.665Z,buy,5.85e-06,2904.0,0.0169884
POA/BTC,1556500372665,2019-04-29T01:12:52.665Z,buy,5.86e-06,2312.0,0.0135483199999999
POA/BTC,1556500427397,2019-04-29T01:13:47.397Z,buy,5.85e-06,3914.0,0.0228969
POA/BTC,1556500492415,2019-04-29T01:14:52.415Z,buy,5.86e-06,2863.0,0.01677718
POA/BTC,1556500554307,2019-04-29T01:15:54.307Z,buy,5.86e-06,7807.0,0.04574902
POA/BTC,1556500556613,2019-04-29T01:15:56.613Z,buy,5.87e-06,784.0,0.00460208
POA/BTC,1556500562704,2019-04-29T01:16:02.704Z,buy,5.87e-06,212.0,0.0012444399999999
POA/BTC,1556500563205,2019-04-29T01:16:03.205Z,buy,5.87e-06,212.0,0.0012444399999999
POA/BTC,1556500564302,2019-04-29T01:16:04.302Z,buy,5.87e-06,212.0,0.0012444399999999
POA/BTC,1556500564880,2019-04-29T01:16:04.880Z,buy,5.87e-06,212.0,0.0012444399999999
POA/BTC,1556500565449,2019-04-29T01:16:05.449Z,buy,5.87e-06,212.0,0.0012444399999999
POA/BTC,1556500565999,2019-04-29T01:16:05.999Z,buy,5.87e-06,212.0,0.0012444399999999
POA/BTC,1556500567273,2019-04-29T01:16:07.273Z,buy,5.87e-06,212.0,0.0012444399999999
POA/BTC,1556500567981,2019-04-29T01:16:07.981Z,buy,5.87e-06,212.0,0.0012444399999999
POA/BTC,1556500568669,2019-04-29T01:16:08.669Z,buy,5.87e-06,212.0,0.0012444399999999
POA/BTC,1556501026792,2019-04-29T01:23:46.792Z,buy,5.87e-06,187.0,0.00109769
POA/BTC,1556501305616,2019-04-29T01:28:25.616Z,sell,5.86e-06,784.0,0.0045942399999999
POA/BTC,1556501305654,2019-04-29T01:28:25.654Z,sell,5.85e-06,666.0,0.0038961
POA/BTC,1556501582842,2019-04-29T01:33:02.842Z,buy,5.86e-06,5342.0,0.03130412
POA/BTC,1556501583451,2019-04-29T01:33:03.451Z,buy,5.88e-06,574.0,0.0033751199999999
POA/BTC,1556501685016,2019-04-29T01:34:45.016Z,buy,5.87e-06,2746.0,0.0161190199999999
POA/BTC,1556502027807,2019-04-29T01:40:27.807Z,sell,5.85e-06,256.0,0.0014976
POA/BTC,1556502068899,2019-04-29T01:41:08.899Z,buy,5.85e-06,171.0,0.00100035
POA/BTC,1556502724314,2019-04-29T01:52:04.314Z,sell,5.84e-06,671.0,0.00391864
POA/BTC,1556502724418,2019-04-29T01:52:04.418Z,sell,5.84e-06,671.0,0.00391864
POA/BTC,1556502730911,2019-04-29T01:52:10.911Z,sell,5.84e-06,417.0,0.00243528
POA/BTC,1556502748252,2019-04-29T01:52:28.252Z,sell,5.84e-06,223.0,0.00130232
POA/BTC,1556502748252,2019-04-29T01:52:28.252Z,sell,5.83e-06,3726.0,0.02172258
POA/BTC,1556502748252,2019-04-29T01:52:28.252Z,sell,5.82e-06,2494.0,0.01451508
POA/BTC,1556502753534,2019-04-29T01:52:33.534Z,sell,5.83e-06,409.0,0.00238447
POA/BTC,1556502755778,2019-04-29T01:52:35.778Z,sell,5.83e-06,4837.0,0.02819971
POA/BTC,1556502796545,2019-04-29T01:53:16.545Z,buy,5.85e-06,855.0,0.00500175
POA/BTC,1556502800684,2019-04-29T01:53:20.684Z,buy,5.85e-06,257.0,0.00150345
POA/BTC,1556502943005,2019-04-29T01:55:43.005Z,sell,5.82e-06,205.0,0.0011931
POA/BTC,1556503139158,2019-04-29T01:58:59.158Z,sell,5.82e-06,14248.0,0.08292336
POA/BTC,1556503148607,2019-04-29T01:59:08.607Z,buy,5.82e-06,172.0,0.00100104
POA/BTC,1556503148607,2019-04-29T01:59:08.607Z,buy,5.82e-06,172.0,0.00100104
POA/BTC,1556503191622,2019-04-29T01:59:51.622Z,sell,5.82e-06,232.0,0.00135024
POA/BTC,1556503237055,2019-04-29T02:00:37.055Z,buy,5.85e-06,341.0,0.00199485
POA/BTC,1556503355003,2019-04-29T02:02:35.003Z,buy,5.85e-06,2244.0,0.0131274
POA/BTC,1556503376434,2019-04-29T02:02:56.434Z,buy,5.85e-06,1689.0,0.00988065
POA/BTC,1556503440398,2019-04-29T02:04:00.398Z,buy,5.85e-06,422.0,0.0024687
POA/BTC,1556503482169,2019-04-29T02:04:42.169Z,sell,5.84e-06,808.0,0.00471872
POA/BTC,1556503769601,2019-04-29T02:09:29.601Z,sell,5.84e-06,237.0,0.00138408
POA/BTC,1556503922502,2019-04-29T02:12:02.502Z,sell,5.84e-06,224.0,0.00130816
POA/BTC,1556504590551,2019-04-29T02:23:10.551Z,buy,5.84e-06,1843.0,0.01076312
POA/BTC,1556504590570,2019-04-29T02:23:10.570Z,buy,5.84e-06,1843.0,0.01076312
POA/BTC,1556504598546,2019-04-29T02:23:18.546Z,buy,5.84e-06,3680.0,0.0214912
POA/BTC,1556504598555,2019-04-29T02:23:18.555Z,buy,5.84e-06,1601.0,0.00934984
POA/BTC,1556504598569,2019-04-29T02:23:18.569Z,buy,5.84e-06,3680.0,0.0214912
POA/BTC,1556504652950,2019-04-29T02:24:12.950Z,sell,5.83e-06,1843.0,0.01074469
POA/BTC,1556504652980,2019-04-29T02:24:12.980Z,sell,5.83e-06,3524.0,0.02054492
POA/BTC,1556504653109,2019-04-29T02:24:13.109Z,buy,5.83e-06,156.0,0.00090948
POA/BTC,1556504653109,2019-04-29T02:24:13.109Z,buy,5.84e-06,1297.0,0.00757448
POA/BTC,1556504669416,2019-04-29T02:24:29.416Z,buy,5.84e-06,513.0,0.00299592
POA/BTC,1556504669453,2019-04-29T02:24:29.453Z,buy,5.84e-06,1541.0,0.00899944
POA/BTC,1556504710921,2019-04-29T02:25:10.921Z,buy,5.84e-06,930.0,0.0054312
POA/BTC,1556504786540,2019-04-29T02:26:26.540Z,buy,5.86e-06,31096.0,0.18222256
POA/BTC,1556504786590,2019-04-29T02:26:26.590Z,sell,5.86e-06,225.0,0.0013185
POA/BTC,1556504826545,2019-04-29T02:27:06.545Z,buy,5.88e-06,17671.0,0.10390548
POA/BTC,1556504866585,2019-04-29T02:27:46.585Z,buy,5.86e-06,3784.0,0.0221742399999999
POA/BTC,1556504866585,2019-04-29T02:27:46.585Z,buy,5.87e-06,9492.0,0.0557180399999999
POA/BTC,1556505068875,2019-04-29T02:31:08.875Z,buy,5.87e-06,1224.0,0.0071848799999999
POA/BTC,1556505069810,2019-04-29T02:31:09.810Z,buy,5.87e-06,518.0,0.0030406599999999
POA/BTC,1556505069897,2019-04-29T02:31:09.897Z,buy,5.87e-06,1224.0,0.0071848799999999
POA/BTC,1556505076865,2019-04-29T02:31:16.865Z,buy,5.87e-06,1004.0,0.0058934799999999
POA/BTC,1556505076865,2019-04-29T02:31:16.865Z,buy,5.88e-06,1473.0,0.0086612399999999
POA/BTC,1556505076865,2019-04-29T02:31:16.865Z,buy,5.88e-06,367.0,0.00215796
POA/BTC,1556505076865,2019-04-29T02:31:16.865Z,buy,5.89e-06,486.0,0.00286254
POA/BTC,1556505077841,2019-04-29T02:31:17.841Z,buy,5.89e-06,202.0,0.00118978
POA/BTC,1556505191832,2019-04-29T02:33:11.832Z,sell,5.86e-06,250.0,0.001465
POA/BTC,1556505191832,2019-04-29T02:33:11.832Z,sell,5.85e-06,2970.0,0.0173745
POA/BTC,1556505231836,2019-04-29T02:33:51.836Z,buy,5.88e-06,1385.0,0.0081438
POA/BTC,1556505769134,2019-04-29T02:42:49.134Z,sell,5.88e-06,14386.0,0.08458968
POA/BTC,1556505892157,2019-04-29T02:44:52.157Z,buy,5.89e-06,1080.0,0.0063612
POA/BTC,1556505894800,2019-04-29T02:44:54.800Z,buy,5.89e-06,4539.0,0.02673471
POA/BTC,1556505979993,2019-04-29T02:46:19.993Z,buy,5.89e-06,488.0,0.00287432
POA/BTC,1556505980031,2019-04-29T02:46:20.031Z,buy,5.89e-06,2300.0,0.013547
POA/BTC,1556505980221,2019-04-29T02:46:20.221Z,buy,5.89e-06,850.0,0.0050065
POA/BTC,1556505980564,2019-04-29T02:46:20.564Z,buy,5.89e-06,424.0,0.00249736
POA/BTC,1556505988561,2019-04-29T02:46:28.561Z,buy,5.89e-06,3404.0,0.02004956
POA/BTC,1556506000672,2019-04-29T02:46:40.672Z,buy,5.89e-06,351.0,0.00206739
POA/BTC,1556506085266,2019-04-29T02:48:05.266Z,buy,5.9e-06,2652.0,0.0156468
POA/BTC,1556506085266,2019-04-29T02:48:05.266Z,buy,5.91e-06,456.0,0.00269496
POA/BTC,1556506085266,2019-04-29T02:48:05.266Z,buy,5.92e-06,3522.0,0.02085024
POA/BTC,1556506086459,2019-04-29T02:48:06.459Z,buy,5.93e-06,411.0,0.00243723
POA/BTC,1556506103707,2019-04-29T02:48:23.707Z,sell,5.89e-06,997.0,0.00587233
POA/BTC,1556506146695,2019-04-29T02:49:06.695Z,sell,5.89e-06,513.0,0.00302157
POA/BTC,1556506747148,2019-04-29T02:59:07.148Z,sell,5.91e-06,245.0,0.00144795
POA/BTC,1556506747148,2019-04-29T02:59:07.148Z,sell,5.89e-06,476.0,0.00280364
POA/BTC,1556506747148,2019-04-29T02:59:07.148Z,sell,5.91e-06,245.0,0.00144795
POA/BTC,1556506747148,2019-04-29T02:59:07.148Z,sell,5.89e-06,476.0,0.00280364
POA/BTC,1556506884366,2019-04-29T03:01:24.366Z,buy,5.92e-06,1228.0,0.00726976
POA/BTC,1556506966942,2019-04-29T03:02:46.942Z,buy,5.92e-06,594.0,0.00351648
POA/BTC,1556506976118,2019-04-29T03:02:56.118Z,buy,5.92e-06,276.0,0.00163392
POA/BTC,1556506976134,2019-04-29T03:02:56.134Z,buy,5.93e-06,235.0,0.00139355
POA/BTC,1556506976145,2019-04-29T03:02:56.145Z,buy,5.93e-06,997.0,0.00591221
POA/BTC,1556506976842,2019-04-29T03:02:56.842Z,sell,5.92e-06,276.0,0.00163392
POA/BTC,1556508554043,2019-04-29T03:29:14.043Z,buy,5.91e-06,4790.0,0.0283089
POA/BTC,1556509683832,2019-04-29T03:48:03.832Z,sell,5.9e-06,5524.0,0.0325916
POA/BTC,1556509953232,2019-04-29T03:52:33.232Z,sell,5.89e-06,1188.0,0.00699732
POA/BTC,1556509953709,2019-04-29T03:52:33.709Z,sell,5.89e-06,1188.0,0.00699732
POA/BTC,1556510001307,2019-04-29T03:53:21.307Z,sell,5.89e-06,5502.0,0.03240678
POA/BTC,1556510026064,2019-04-29T03:53:46.064Z,sell,5.89e-06,1570.0,0.0092473
POA/BTC,1556510092787,2019-04-29T03:54:52.787Z,buy,5.91e-06,1892.0,0.01118172
POA/BTC,1556510092787,2019-04-29T03:54:52.787Z,buy,5.91e-06,1892.0,0.01118172
POA/BTC,1556511254063,2019-04-29T04:14:14.063Z,sell,5.89e-06,255.0,0.00150195
POA/BTC,1556511254063,2019-04-29T04:14:14.063Z,sell,5.88e-06,425.0,0.002499
POA/BTC,1556511473400,2019-04-29T04:17:53.400Z,sell,5.88e-06,691.0,0.0040630799999999
POA/BTC,1556512100277,2019-04-29T04:28:20.277Z,sell,5.89e-06,5492.0,0.03234788
POA/BTC,1556512100277,2019-04-29T04:28:20.277Z,sell,5.88e-06,6727.0,0.0395547599999999
POA/BTC,1556512375429,2019-04-29T04:32:55.429Z,sell,5.88e-06,1200.0,0.007056
POA/BTC,1556512663255,2019-04-29T04:37:43.255Z,sell,5.88e-06,8471.0,0.0498094799999999
POA/BTC,1556512663278,2019-04-29T04:37:43.278Z,buy,5.88e-06,1842.0,0.0108309599999999
POA/BTC,1556513412333,2019-04-29T04:50:12.333Z,sell,5.88e-06,10469.0,0.0615577199999999
POA/BTC,1556513412333,2019-04-29T04:50:12.333Z,sell,5.88e-06,10469.0,0.0615577199999999
POA/BTC,1556513865977,2019-04-29T04:57:45.977Z,sell,5.88e-06,602.0,0.00353976
POA/BTC,1556514860211,2019-04-29T05:14:20.211Z,sell,5.88e-06,3536.0,0.02079168
POA/BTC,1556514860244,2019-04-29T05:14:20.244Z,buy,5.88e-06,7383.0,0.04341204
POA/BTC,1556515297631,2019-04-29T05:21:37.631Z,buy,5.89e-06,1145.0,0.00674405
POA/BTC,1556515730156,2019-04-29T05:28:50.156Z,buy,5.9e-06,3566.0,0.0210394
POA/BTC,1556515740033,2019-04-29T05:29:00.033Z,sell,5.9e-06,859.0,0.0050681
POA/BTC,1556515740033,2019-04-29T05:29:00.033Z,sell,5.88e-06,14955.0,0.0879354
POA/BTC,1556515740033,2019-04-29T05:29:00.033Z,sell,5.87e-06,14084.0,0.08267308
POA/BTC,1556516672507,2019-04-29T05:44:32.507Z,buy,5.9e-06,1895.0,0.0111805
POA/BTC,1556516672507,2019-04-29T05:44:32.507Z,buy,5.9e-06,1895.0,0.0111805
POA/BTC,1556517215111,2019-04-29T05:53:35.111Z,buy,5.89e-06,195.0,0.00114855
POA/BTC,1556517215111,2019-04-29T05:53:35.111Z,buy,5.9e-06,313.0,0.0018467
POA/BTC,1556517412261,2019-04-29T05:56:52.261Z,sell,5.88e-06,6415.0,0.0377201999999999
POA/BTC,1556517412261,2019-04-29T05:56:52.261Z,sell,5.87e-06,15660.0,0.0919242
POA/BTC,1556517412295,2019-04-29T05:56:52.295Z,buy,5.87e-06,5460.0,0.0320502
POA/BTC,1556519802016,2019-04-29T06:36:42.016Z,sell,5.88e-06,17006.0,0.0999952799999999
POA/BTC,1556519802016,2019-04-29T06:36:42.016Z,sell,5.87e-06,12906.0,0.07575822
POA/BTC,1556519908966,2019-04-29T06:38:28.966Z,buy,5.91e-06,2570.0,0.0151887
POA/BTC,1556519908966,2019-04-29T06:38:28.966Z,buy,5.91e-06,2570.0,0.0151887
POA/BTC,1556520298186,2019-04-29T06:44:58.186Z,buy,5.91e-06,1119.0,0.00661329
POA/BTC,1556520308475,2019-04-29T06:45:08.475Z,buy,5.91e-06,429.0,0.00253539
POA/BTC,1556520662542,2019-04-29T06:51:02.542Z,buy,5.91e-06,1692.0,0.00999972
POA/BTC,1556520885027,2019-04-29T06:54:45.027Z,sell,5.88e-06,5294.0,0.03112872
POA/BTC,1556520989995,2019-04-29T06:56:29.995Z,sell,5.88e-06,3259.0,0.01916292
POA/BTC,1556520997060,2019-04-29T06:56:37.060Z,sell,5.87e-06,9171.0,0.0538337699999999
POA/BTC,1556521129030,2019-04-29T06:58:49.030Z,sell,5.87e-06,25426.0,0.14925062
POA/BTC,1556521160461,2019-04-29T06:59:20.461Z,buy,5.91e-06,651.0,0.00384741
POA/BTC,1556521160531,2019-04-29T06:59:20.531Z,buy,5.91e-06,647.0,0.00382377
POA/BTC,1556521160547,2019-04-29T06:59:20.547Z,buy,5.91e-06,651.0,0.00384741
POA/BTC,1556521160573,2019-04-29T06:59:20.573Z,buy,5.91e-06,651.0,0.00384741
POA/BTC,1556521160590,2019-04-29T06:59:20.590Z,buy,5.91e-06,651.0,0.00384741
POA/BTC,1556521571773,2019-04-29T07:06:11.773Z,sell,5.88e-06,3884.0,0.0228379199999999
POA/BTC,1556521588083,2019-04-29T07:06:28.083Z,buy,5.91e-06,1692.0,0.00999972
POA/BTC,1556522125412,2019-04-29T07:15:25.412Z,buy,5.89e-06,784.0,0.00461776
POA/BTC,1556522351892,2019-04-29T07:19:11.892Z,buy,5.9e-06,588.0,0.0034692
POA/BTC,1556522445372,2019-04-29T07:20:45.372Z,buy,5.89e-06,4106.0,0.02418434
POA/BTC,1556522454294,2019-04-29T07:20:54.294Z,buy,5.9e-06,27352.0,0.1613768
POA/BTC,1556523450330,2019-04-29T07:37:30.330Z,buy,5.9e-06,9129.0,0.0538611
POA/BTC,1556523479286,2019-04-29T07:37:59.286Z,buy,5.91e-06,22220.0,0.1313202
POA/BTC,1556523481534,2019-04-29T07:38:01.534Z,buy,5.91e-06,6208.0,0.03668928
POA/BTC,1556523482604,2019-04-29T07:38:02.604Z,buy,5.91e-06,171.0,0.00101061
POA/BTC,1556523482604,2019-04-29T07:38:02.604Z,buy,5.92e-06,103733.0,0.61409936
POA/BTC,1556523500187,2019-04-29T07:38:20.187Z,sell,5.9e-06,246.0,0.0014514
POA/BTC,1556523500187,2019-04-29T07:38:20.187Z,sell,5.9e-06,246.0,0.0014514
POA/BTC,1556523522639,2019-04-29T07:38:42.639Z,buy,5.92e-06,171.0,0.00101232
POA/BTC,1556523582874,2019-04-29T07:39:42.874Z,sell,5.91e-06,187.0,0.00110517
POA/BTC,1556523653716,2019-04-29T07:40:53.716Z,buy,5.93e-06,185.0,0.00109705
POA/BTC,1556523657958,2019-04-29T07:40:57.958Z,sell,5.91e-06,19224.0,0.11361384
POA/BTC,1556523657958,2019-04-29T07:40:57.958Z,sell,5.9e-06,24551.0,0.1448509
POA/BTC,1556523702747,2019-04-29T07:41:42.747Z,sell,5.88e-06,6350.0,0.0373379999999999
POA/BTC,1556523702747,2019-04-29T07:41:42.747Z,sell,5.87e-06,18167.0,0.10664029
POA/BTC,1556523766197,2019-04-29T07:42:46.197Z,sell,5.87e-06,1118.0,0.00656266
POA/BTC,1556523766197,2019-04-29T07:42:46.197Z,sell,5.86e-06,22049.0,0.12920714
POA/BTC,1556524368345,2019-04-29T07:52:48.345Z,buy,5.9e-06,594.0,0.0035046
POA/BTC,1556524368574,2019-04-29T07:52:48.574Z,buy,5.9e-06,586.0,0.0034574
POA/BTC,1556524373054,2019-04-29T07:52:53.054Z,buy,5.91e-06,507.0,0.00299637
POA/BTC,1556524373766,2019-04-29T07:52:53.766Z,buy,5.91e-06,1777.0,0.01050207
POA/BTC,1556524378088,2019-04-29T07:52:58.088Z,buy,5.92e-06,253.0,0.00149776
POA/BTC,1556524379567,2019-04-29T07:52:59.567Z,buy,5.92e-06,254.0,0.00150368
POA/BTC,1556524388766,2019-04-29T07:53:08.766Z,buy,5.92e-06,252.0,0.00149184
POA/BTC,1556524405040,2019-04-29T07:53:25.040Z,buy,5.92e-06,171.0,0.00101232
POA/BTC,1556524405641,2019-04-29T07:53:25.641Z,buy,5.92e-06,4484.0,0.02654528
POA/BTC,1556524405762,2019-04-29T07:53:25.762Z,buy,5.92e-06,1604.0,0.00949568
POA/BTC,1556524407431,2019-04-29T07:53:27.431Z,buy,5.92e-06,6779.0,0.04013168
POA/BTC,1556524432654,2019-04-29T07:53:52.654Z,buy,5.92e-06,1413.0,0.00836496
POA/BTC,1556524475113,2019-04-29T07:54:35.113Z,buy,5.92e-06,171.0,0.00101232
POA/BTC,1556524481822,2019-04-29T07:54:41.822Z,sell,5.91e-06,785.0,0.00463935
POA/BTC,1556525033905,2019-04-29T08:03:53.905Z,buy,5.91e-06,1184.0,0.00699744
POA/BTC,1556525104332,2019-04-29T08:05:04.332Z,buy,5.91e-06,6000.0,0.03546
POA/BTC,1556525395194,2019-04-29T08:09:55.194Z,sell,5.9e-06,304.0,0.0017936
POA/BTC,1556525485321,2019-04-29T08:11:25.321Z,sell,5.9e-06,6450.0,0.038055
POA/BTC,1556525579356,2019-04-29T08:12:59.356Z,sell,5.9e-06,1600.0,0.00944
POA/BTC,1556525912072,2019-04-29T08:18:32.072Z,sell,5.9e-06,2250.0,0.013275
POA/BTC,1556526001140,2019-04-29T08:20:01.140Z,sell,5.9e-06,228.0,0.0013452
POA/BTC,1556526156744,2019-04-29T08:22:36.744Z,sell,5.89e-06,2258.0,0.01329962
POA/BTC,1556526843644,2019-04-29T08:34:03.644Z,sell,5.89e-06,1830.0,0.0107787
POA/BTC,1556527062426,2019-04-29T08:37:42.426Z,sell,5.89e-06,3253.0,0.01916017
POA/BTC,1556527074413,2019-04-29T08:37:54.413Z,buy,5.9e-06,173.0,0.0010207
POA/BTC,1556527074413,2019-04-29T08:37:54.413Z,buy,5.9e-06,173.0,0.0010207
POA/BTC,1556527564059,2019-04-29T08:46:04.059Z,sell,5.89e-06,7000.0,0.04123
POA/BTC,1556527564059,2019-04-29T08:46:04.059Z,sell,5.88e-06,17000.0,0.09996
POA/BTC,1556527619259,2019-04-29T08:46:59.259Z,sell,5.88e-06,6.0,3.528e-05
POA/BTC,1556527619259,2019-04-29T08:46:59.259Z,sell,5.87e-06,6000.0,0.03522
POA/BTC,1556527619259,2019-04-29T08:46:59.259Z,sell,5.86e-06,19410.0,0.1137426
POA/BTC,1556527619259,2019-04-29T08:46:59.259Z,sell,5.85e-06,9232.0,0.0540072
POA/BTC,1556527619259,2019-04-29T08:46:59.259Z,sell,5.84e-06,22070.0,0.1288888
POA/BTC,1556527619259,2019-04-29T08:46:59.259Z,sell,5.83e-06,386.0,0.00225038
POA/BTC,1556527620021,2019-04-29T08:47:00.021Z,buy,5.88e-06,292.0,0.0017169599999999
POA/BTC,1556527839069,2019-04-29T08:50:39.069Z,sell,5.85e-06,484.0,0.0028314
POA/BTC,1556527882176,2019-04-29T08:51:22.176Z,buy,5.85e-06,252.0,0.0014742
POA/BTC,1556528028200,2019-04-29T08:53:48.200Z,sell,5.84e-06,1070.0,0.0062488
POA/BTC,1556528163850,2019-04-29T08:56:03.850Z,buy,5.85e-06,171.0,0.00100035
POA/BTC,1556528321604,2019-04-29T08:58:41.604Z,sell,5.84e-06,20449.0,0.11942216
POA/BTC,1556528322454,2019-04-29T08:58:42.454Z,buy,5.84e-06,512.0,0.00299008
POA/BTC,1556528322657,2019-04-29T08:58:42.657Z,buy,5.84e-06,4009.0,0.02341256
POA/BTC,1556528450787,2019-04-29T09:00:50.787Z,sell,5.83e-06,20473.0,0.11935759
POA/BTC,1556528450787,2019-04-29T09:00:50.787Z,sell,5.82e-06,177.0,0.00103014
POA/BTC,1556528450787,2019-04-29T09:00:50.787Z,sell,5.81e-06,5619.0,0.03264639
POA/BTC,1556528450787,2019-04-29T09:00:50.787Z,sell,5.81e-06,1708.0,0.00992348
POA/BTC,1556528450787,2019-04-29T09:00:50.787Z,sell,5.81e-06,281.0,0.00163261
POA/BTC,1556528452457,2019-04-29T09:00:52.457Z,sell,5.82e-06,3296.0,0.01918272
POA/BTC,1556528617073,2019-04-29T09:03:37.073Z,buy,5.85e-06,257.0,0.00150345
POA/BTC,1556528843643,2019-04-29T09:07:23.643Z,buy,5.85e-06,67097.0,0.39251745
POA/BTC,1556529031726,2019-04-29T09:10:31.726Z,buy,5.86e-06,200.0,0.0011719999999999
POA/BTC,1556529099642,2019-04-29T09:11:39.642Z,sell,5.86e-06,202.0,0.0011837199999999
POA/BTC,1556529187774,2019-04-29T09:13:07.774Z,sell,5.86e-06,172.0,0.00100792
POA/BTC,1556529197593,2019-04-29T09:13:17.593Z,sell,5.86e-06,722.0,0.00423092
POA/BTC,1556529225182,2019-04-29T09:13:45.182Z,sell,5.86e-06,12087.0,0.07082982
POA/BTC,1556529226140,2019-04-29T09:13:46.140Z,sell,5.86e-06,3681.0,0.02157066
POA/BTC,1556529312490,2019-04-29T09:15:12.490Z,sell,5.84e-06,256.0,0.00149504
POA/BTC,1556529312490,2019-04-29T09:15:12.490Z,sell,5.83e-06,8711.0,0.05078513
POA/BTC,1556529312490,2019-04-29T09:15:12.490Z,sell,5.82e-06,11572.0,0.06734904
POA/BTC,1556529312490,2019-04-29T09:15:12.490Z,sell,5.81e-06,36427.0,0.21164087
POA/BTC,1556529312490,2019-04-29T09:15:12.490Z,sell,5.8e-06,34243.0,0.1986094
POA/BTC,1556529312490,2019-04-29T09:15:12.490Z,sell,5.79e-06,10919.0,0.06322101
POA/BTC,1556529312515,2019-04-29T09:15:12.515Z,buy,5.79e-06,3843.0,0.02225097
POA/BTC,1556529312763,2019-04-29T09:15:12.763Z,buy,5.79e-06,7579.0,0.04388241
POA/BTC,1556529315009,2019-04-29T09:15:15.009Z,buy,5.82e-06,1184.0,0.00689088
POA/BTC,1556529315917,2019-04-29T09:15:15.917Z,sell,5.8e-06,50966.0,0.2956028
POA/BTC,1556529320118,2019-04-29T09:15:20.118Z,buy,5.82e-06,189.0,0.00109998
POA/BTC,1556529334452,2019-04-29T09:15:34.452Z,buy,5.82e-06,727.0,0.00423114
POA/BTC,1556529335736,2019-04-29T09:15:35.736Z,buy,5.82e-06,28.0,0.00016296
POA/BTC,1556529339038,2019-04-29T09:15:39.038Z,sell,5.8e-06,1182.0,0.0068556
POA/BTC,1556529350178,2019-04-29T09:15:50.178Z,sell,5.8e-06,793.0,0.0045994
POA/BTC,1556529413162,2019-04-29T09:16:53.162Z,buy,5.82e-06,470.0,0.0027354
POA/BTC,1556529493297,2019-04-29T09:18:13.297Z,sell,5.82e-06,1294.0,0.00753108
POA/BTC,1556529673640,2019-04-29T09:21:13.640Z,sell,5.82e-06,3072.0,0.01787904
POA/BTC,1556529714206,2019-04-29T09:21:54.206Z,sell,5.82e-06,4553.0,0.02649846
POA/BTC,1556529768395,2019-04-29T09:22:48.395Z,buy,5.83e-06,7369.0,0.04296127
POA/BTC,1556529831645,2019-04-29T09:23:51.645Z,buy,5.84e-06,11280.0,0.0658752
POA/BTC,1556530101228,2019-04-29T09:28:21.228Z,buy,5.85e-06,28.0,0.0001638
POA/BTC,1556530174990,2019-04-29T09:29:34.990Z,sell,5.84e-06,1219.0,0.00711896
POA/BTC,1556530307973,2019-04-29T09:31:47.973Z,buy,5.84e-06,178.0,0.00103952
POA/BTC,1556530307973,2019-04-29T09:31:47.973Z,buy,5.84e-06,178.0,0.00103952
POA/BTC,1556530856720,2019-04-29T09:40:56.720Z,buy,5.83e-06,5506.0,0.03209998
POA/BTC,1556531116322,2019-04-29T09:45:16.322Z,buy,5.84e-06,29.0,0.00016936
POA/BTC,1556531124636,2019-04-29T09:45:24.636Z,sell,5.83e-06,435.0,0.00253605
POA/BTC,1556531125315,2019-04-29T09:45:25.315Z,sell,5.83e-06,541.0,0.00315403
POA/BTC,1556531126409,2019-04-29T09:45:26.409Z,sell,5.83e-06,1975.0,0.01151425
POA/BTC,1556531207101,2019-04-29T09:46:47.101Z,buy,5.84e-06,172.0,0.00100448
POA/BTC,1556531261329,2019-04-29T09:47:41.329Z,buy,5.83e-06,500.0,0.002915
POA/BTC,1556531496876,2019-04-29T09:51:36.876Z,buy,5.82e-06,5022.0,0.02922804
POA/BTC,1556531514076,2019-04-29T09:51:54.076Z,buy,5.82e-06,1184.0,0.00689088
POA/BTC,1556531536864,2019-04-29T09:52:16.864Z,buy,5.83e-06,21833.0,0.12728639
POA/BTC,1556531610323,2019-04-29T09:53:30.323Z,buy,5.83e-06,305.0,0.00177815
POA/BTC,1556531831159,2019-04-29T09:57:11.159Z,buy,5.83e-06,4624.0,0.02695792
POA/BTC,1556532215174,2019-04-29T10:03:35.174Z,sell,5.82e-06,5114.0,0.02976348
POA/BTC,1556532219208,2019-04-29T10:03:39.208Z,sell,5.82e-06,4105.0,0.0238911
POA/BTC,1556532220846,2019-04-29T10:03:40.846Z,buy,5.81e-06,1147.0,0.00666407
POA/BTC,1556532222168,2019-04-29T10:03:42.168Z,sell,5.8e-06,485.0,0.002813
POA/BTC,1556532226170,2019-04-29T10:03:46.170Z,sell,5.78e-06,583.0,0.00336974
POA/BTC,1556532226170,2019-04-29T10:03:46.170Z,sell,5.77e-06,2547.0,0.01469619
POA/BTC,1556532226193,2019-04-29T10:03:46.193Z,buy,5.77e-06,4223.0,0.02436671
POA/BTC,1556532226494,2019-04-29T10:03:46.494Z,buy,5.77e-06,4000.0,0.02308
POA/BTC,1556532227419,2019-04-29T10:03:47.419Z,sell,5.76e-06,1118.0,0.00643968
POA/BTC,1556532227453,2019-04-29T10:03:47.453Z,sell,5.76e-06,1594.0,0.0091814399999999
POA/BTC,1556532228307,2019-04-29T10:03:48.307Z,sell,5.76e-06,2739.0,0.0157766399999999
POA/BTC,1556532228591,2019-04-29T10:03:48.591Z,sell,5.76e-06,937.0,0.00539712
POA/BTC,1556532230344,2019-04-29T10:03:50.344Z,sell,5.76e-06,10060.0,0.0579456
POA/BTC,1556532234344,2019-04-29T10:03:54.344Z,sell,5.77e-06,325.0,0.00187525
POA/BTC,1556532240826,2019-04-29T10:04:00.826Z,sell,5.77e-06,2357.0,0.01359989
POA/BTC,1556532293693,2019-04-29T10:04:53.693Z,sell,5.79e-06,250.0,0.0014475
POA/BTC,1556532302889,2019-04-29T10:05:02.889Z,sell,5.79e-06,260.0,0.0015053999999999
POA/BTC,1556532400659,2019-04-29T10:06:40.659Z,buy,5.8e-06,370.0,0.002146
POA/BTC,1556532404247,2019-04-29T10:06:44.247Z,buy,5.8e-06,255.0,0.001479
POA/BTC,1556532439939,2019-04-29T10:07:19.939Z,buy,5.8e-06,3651.0,0.0211758
POA/BTC,1556532613289,2019-04-29T10:10:13.289Z,buy,5.8e-06,208.0,0.0012064
POA/BTC,1556532693153,2019-04-29T10:11:33.153Z,sell,5.79e-06,20873.0,0.12085467
POA/BTC,1556532768616,2019-04-29T10:12:48.616Z,buy,5.8e-06,1756.0,0.0101848
POA/BTC,1556532775682,2019-04-29T10:12:55.682Z,buy,5.82e-06,496.0,0.00288672
POA/BTC,1556532857816,2019-04-29T10:14:17.816Z,sell,5.79e-06,813.0,0.0047072699999999
POA/BTC,1556533266369,2019-04-29T10:21:06.369Z,sell,5.79e-06,393.0,0.00227547
POA/BTC,1556533348148,2019-04-29T10:22:28.148Z,buy,5.79e-06,705.0,0.00408195
POA/BTC,1556533684727,2019-04-29T10:28:04.727Z,sell,5.78e-06,1543.0,0.0089185399999999
POA/BTC,1556533811345,2019-04-29T10:30:11.345Z,buy,5.79e-06,710.0,0.0041109
POA/BTC,1556533811345,2019-04-29T10:30:11.345Z,buy,5.79e-06,710.0,0.0041109
POA/BTC,1556534015549,2019-04-29T10:33:35.549Z,sell,5.78e-06,2677.0,0.0154730599999999
POA/BTC,1556534107137,2019-04-29T10:35:07.137Z,buy,5.79e-06,8406.0,0.04867074
POA/BTC,1556534107415,2019-04-29T10:35:07.415Z,sell,5.79e-06,6428.0,0.03721812
POA/BTC,1556534176887,2019-04-29T10:36:16.887Z,sell,5.78e-06,490.0,0.0028322
POA/BTC,1556534227044,2019-04-29T10:37:07.044Z,sell,5.78e-06,1344.0,0.0077683199999999
POA/BTC,1556534327026,2019-04-29T10:38:47.026Z,sell,5.78e-06,2289.0,0.01323042
POA/BTC,1556534346362,2019-04-29T10:39:06.362Z,sell,5.78e-06,492.0,0.00284376
POA/BTC,1556534370053,2019-04-29T10:39:30.053Z,sell,5.78e-06,2759.0,0.01594702
POA/BTC,1556534370720,2019-04-29T10:39:30.720Z,sell,5.78e-06,5840.0,0.0337552
POA/BTC,1556534437592,2019-04-29T10:40:37.592Z,sell,5.77e-06,3762.0,0.02170674
POA/BTC,1556534447906,2019-04-29T10:40:47.906Z,sell,5.77e-06,4738.0,0.02733826
POA/BTC,1556534449815,2019-04-29T10:40:49.815Z,sell,5.75e-06,6913.0,0.03974975
POA/BTC,1556534451743,2019-04-29T10:40:51.743Z,buy,5.76e-06,1669.0,0.00961344
POA/BTC,1556534451850,2019-04-29T10:40:51.850Z,buy,5.76e-06,1670.0,0.0096192
POA/BTC,1556534468432,2019-04-29T10:41:08.432Z,sell,5.75e-06,6763.0,0.03888725
POA/BTC,1556534468791,2019-04-29T10:41:08.791Z,buy,5.75e-06,174.0,0.0010005
POA/BTC,1556534471728,2019-04-29T10:41:11.728Z,sell,5.74e-06,1043.0,0.00598682
POA/BTC,1556534473323,2019-04-29T10:41:13.323Z,sell,5.73e-06,2744.0,0.01572312
POA/BTC,1556534474465,2019-04-29T10:41:14.465Z,buy,5.74e-06,973.0,0.00558502
POA/BTC,1556534505240,2019-04-29T10:41:45.240Z,buy,5.74e-06,336.0,0.00192864
POA/BTC,1556534529931,2019-04-29T10:42:09.931Z,buy,5.74e-06,251.0,0.00144074
POA/BTC,1556534580623,2019-04-29T10:43:00.623Z,buy,5.74e-06,347.0,0.00199178
POA/BTC,1556534639186,2019-04-29T10:43:59.186Z,buy,5.74e-06,4203.0,0.02412522
POA/BTC,1556534639821,2019-04-29T10:43:59.821Z,sell,5.74e-06,252.0,0.00144648
POA/BTC,1556534729354,2019-04-29T10:45:29.354Z,sell,5.74e-06,2030.0,0.0116522
POA/BTC,1556534729432,2019-04-29T10:45:29.432Z,buy,5.74e-06,616.0,0.00353584
POA/BTC,1556534743565,2019-04-29T10:45:43.565Z,sell,5.73e-06,435.0,0.00249255
POA/BTC,1556534743588,2019-04-29T10:45:43.588Z,sell,5.72e-06,435.0,0.0024882
POA/BTC,1556534743588,2019-04-29T10:45:43.588Z,sell,5.72e-06,1925.0,0.011011
POA/BTC,1556534743588,2019-04-29T10:45:43.588Z,sell,5.71e-06,533.0,0.00304343
POA/BTC,1556534743588,2019-04-29T10:45:43.588Z,sell,5.7e-06,5534.0,0.0315438
POA/BTC,1556534746495,2019-04-29T10:45:46.495Z,buy,5.72e-06,2744.0,0.01569568
POA/BTC,1556534746495,2019-04-29T10:45:46.495Z,buy,5.73e-06,2744.0,0.01572312
POA/BTC,1556534746495,2019-04-29T10:45:46.495Z,buy,5.74e-06,42444.0,0.24362856
POA/BTC,1556534747307,2019-04-29T10:45:47.307Z,sell,5.74e-06,805.0,0.0046207
POA/BTC,1556534752790,2019-04-29T10:45:52.790Z,buy,5.75e-06,200.0,0.00115
POA/BTC,1556534752790,2019-04-29T10:45:52.790Z,buy,5.76e-06,138.0,0.00079488
POA/BTC,1556534774349,2019-04-29T10:46:14.349Z,sell,5.72e-06,348.0,0.00199056
POA/BTC,1556534815437,2019-04-29T10:46:55.437Z,sell,5.72e-06,19958.0,0.11415976
POA/BTC,1556534822170,2019-04-29T10:47:02.170Z,buy,5.71e-06,6338.0,0.03618998
POA/BTC,1556534822170,2019-04-29T10:47:02.170Z,buy,5.72e-06,8425.0,0.048191
POA/BTC,1556534830639,2019-04-29T10:47:10.639Z,buy,5.75e-06,496.0,0.002852
POA/BTC,1556534864865,2019-04-29T10:47:44.865Z,buy,5.75e-06,823.0,0.00473225
POA/BTC,1556534942451,2019-04-29T10:49:02.451Z,sell,5.72e-06,1690.0,0.0096668
POA/BTC,1556534961434,2019-04-29T10:49:21.434Z,buy,5.74e-06,977.0,0.00560798
POA/BTC,1556534961443,2019-04-29T10:49:21.443Z,buy,5.74e-06,977.0,0.00560798
POA/BTC,1556535000866,2019-04-29T10:50:00.866Z,buy,5.74e-06,43283.0,0.24844442
POA/BTC,1556535015664,2019-04-29T10:50:15.664Z,buy,5.74e-06,192.0,0.00110208
POA/BTC,1556535122720,2019-04-29T10:52:02.720Z,buy,5.72e-06,952.0,0.00544544
POA/BTC,1556535202856,2019-04-29T10:53:22.856Z,sell,5.71e-06,1555.0,0.00887905
POA/BTC,1556535202899,2019-04-29T10:53:22.899Z,buy,5.71e-06,1580.0,0.0090218
POA/BTC,1556535202910,2019-04-29T10:53:22.910Z,buy,5.71e-06,1555.0,0.00887905
POA/BTC,1556535204381,2019-04-29T10:53:24.381Z,sell,5.7e-06,1555.0,0.0088635
POA/BTC,1556535244956,2019-04-29T10:54:04.956Z,sell,5.7e-06,1116.0,0.0063612
POA/BTC,1556535245316,2019-04-29T10:54:05.316Z,buy,5.69e-06,176.0,0.00100144
POA/BTC,1556535249415,2019-04-29T10:54:09.415Z,sell,5.68e-06,349.0,0.00198232
POA/BTC,1556535249443,2019-04-29T10:54:09.443Z,buy,5.68e-06,636.0,0.00361248
POA/BTC,1556535249466,2019-04-29T10:54:09.466Z,buy,5.68e-06,260.0,0.0014768
POA/BTC,1556535250233,2019-04-29T10:54:10.233Z,sell,5.67e-06,2521.0,0.0142940699999999
POA/BTC,1556535252325,2019-04-29T10:54:12.325Z,buy,5.68e-06,352.0,0.00199936
POA/BTC,1556535253551,2019-04-29T10:54:13.551Z,sell,5.67e-06,953.0,0.00540351
POA/BTC,1556535259468,2019-04-29T10:54:19.468Z,buy,5.67e-06,1366.0,0.00774522
POA/BTC,1556535262259,2019-04-29T10:54:22.259Z,sell,5.67e-06,300.0,0.001701
POA/BTC,1556535297367,2019-04-29T10:54:57.367Z,sell,5.66e-06,1237.0,0.00700142
POA/BTC,1556535299887,2019-04-29T10:54:59.887Z,buy,5.67e-06,205.0,0.00116235
POA/BTC,1556535300656,2019-04-29T10:55:00.656Z,buy,5.67e-06,1206.0,0.00683802
POA/BTC,1556535300665,2019-04-29T10:55:00.665Z,buy,5.67e-06,95.0,0.00053865
POA/BTC,1556535308668,2019-04-29T10:55:08.668Z,buy,5.7e-06,814.0,0.0046397999999999
POA/BTC,1556535352369,2019-04-29T10:55:52.369Z,sell,5.68e-06,763.0,0.00433384
POA/BTC,1556535478584,2019-04-29T10:57:58.584Z,buy,5.7e-06,1070.0,0.0060989999999999
POA/BTC,1556535627977,2019-04-29T11:00:27.977Z,sell,5.69e-06,1994.0,0.01134586
POA/BTC,1556535672657,2019-04-29T11:01:12.657Z,buy,5.7e-06,24.0,0.0001368
POA/BTC,1556535694563,2019-04-29T11:01:34.563Z,sell,5.69e-06,774.0,0.00440406
POA/BTC,1556535783229,2019-04-29T11:03:03.229Z,buy,5.69e-06,139.0,0.0007909099999999
POA/BTC,1556535810279,2019-04-29T11:03:30.279Z,sell,5.69e-06,1589.0,0.00904141
POA/BTC,1556535826999,2019-04-29T11:03:46.999Z,sell,5.69e-06,1511.0,0.00859759
POA/BTC,1556535830920,2019-04-29T11:03:50.920Z,sell,5.69e-06,7296.0,0.04151424
POA/BTC,1556535848027,2019-04-29T11:04:08.027Z,sell,5.69e-06,9566.0,0.05443054
POA/BTC,1556535911702,2019-04-29T11:05:11.702Z,buy,5.69e-06,4603.0,0.02619107
POA/BTC,1556535911865,2019-04-29T11:05:11.865Z,sell,5.69e-06,502.0,0.00285638
POA/BTC,1556535919147,2019-04-29T11:05:19.147Z,buy,5.7e-06,496.0,0.0028271999999999
POA/BTC,1556535949613,2019-04-29T11:05:49.613Z,buy,5.7e-06,1105.0,0.0062984999999999
POA/BTC,1556535949632,2019-04-29T11:05:49.632Z,sell,5.7e-06,1658.0,0.0094506
POA/BTC,1556535978877,2019-04-29T11:06:18.877Z,sell,5.68e-06,11327.0,0.06433736
POA/BTC,1556535979093,2019-04-29T11:06:19.093Z,sell,5.68e-06,2334.0,0.0132571199999999
POA/BTC,1556535979882,2019-04-29T11:06:19.882Z,sell,5.68e-06,2334.0,0.0132571199999999
POA/BTC,1556535983264,2019-04-29T11:06:23.264Z,sell,5.68e-06,21736.0,0.12346048
POA/BTC,1556536000634,2019-04-29T11:06:40.634Z,sell,5.67e-06,72064.0,0.40860288
POA/BTC,1556536000634,2019-04-29T11:06:40.634Z,sell,5.66e-06,257.0,0.00145462
POA/BTC,1556536000634,2019-04-29T11:06:40.634Z,sell,5.65e-06,13513.0,0.07634845
POA/BTC,1556536000654,2019-04-29T11:06:40.654Z,buy,5.65e-06,10827.0,0.06117255
POA/BTC,1556536000661,2019-04-29T11:06:40.661Z,buy,5.65e-06,4274.0,0.0241481
POA/BTC,1556536001230,2019-04-29T11:06:41.230Z,sell,5.66e-06,2229.0,0.01261614
POA/BTC,1556536001626,2019-04-29T11:06:41.626Z,sell,5.66e-06,500.0,0.00283
POA/BTC,1556536110918,2019-04-29T11:08:30.918Z,sell,5.67e-06,23643.0,0.13405581
POA/BTC,1556536110918,2019-04-29T11:08:30.918Z,sell,5.66e-06,6083.0,0.03442978
POA/BTC,1556536147660,2019-04-29T11:09:07.660Z,sell,5.67e-06,2637.0,0.01495179
POA/BTC,1556536147869,2019-04-29T11:09:07.869Z,sell,5.67e-06,2992.0,0.01696464
POA/BTC,1556536148295,2019-04-29T11:09:08.295Z,sell,5.67e-06,17933.0,0.10168011
POA/BTC,1556536149871,2019-04-29T11:09:09.871Z,sell,5.67e-06,27644.0,0.15674148
POA/BTC,1556536150811,2019-04-29T11:09:10.811Z,sell,5.67e-06,2370.0,0.0134379
POA/BTC,1556536150912,2019-04-29T11:09:10.912Z,sell,5.67e-06,2370.0,0.0134379
POA/BTC,1556536152290,2019-04-29T11:09:12.290Z,sell,5.67e-06,16536.0,0.09375912
POA/BTC,1556536171070,2019-04-29T11:09:31.070Z,sell,5.66e-06,6666.0,0.03772956
POA/BTC,1556536175472,2019-04-29T11:09:35.472Z,sell,5.66e-06,888.0,0.00502608
POA/BTC,1556536189464,2019-04-29T11:09:49.464Z,sell,5.66e-06,4111.0,0.02326826
POA/BTC,1556536189557,2019-04-29T11:09:49.557Z,sell,5.66e-06,2688.0,0.01521408
POA/BTC,1556536190739,2019-04-29T11:09:50.739Z,sell,5.66e-06,2133.0,0.01207278
POA/BTC,1556536473024,2019-04-29T11:14:33.024Z,buy,5.68e-06,2158.0,0.01225744
POA/BTC,1556536803730,2019-04-29T11:20:03.730Z,buy,5.68e-06,1086.0,0.00616848
POA/BTC,1556536803736,2019-04-29T11:20:03.736Z,buy,5.68e-06,1086.0,0.00616848
POA/BTC,1556536994816,2019-04-29T11:23:14.816Z,buy,5.68e-06,255.0,0.0014483999999999
POA/BTC,1556536994816,2019-04-29T11:23:14.816Z,buy,5.69e-06,1209.0,0.0068792099999999
POA/BTC,1556536994816,2019-04-29T11:23:14.816Z,buy,5.7e-06,8536.0,0.0486551999999999
POA/BTC,1556537225017,2019-04-29T11:27:05.017Z,buy,5.69e-06,1086.0,0.0061793399999999
POA/BTC,1556537225017,2019-04-29T11:27:05.017Z,buy,5.7e-06,483.0,0.0027530999999999
POA/BTC,1556537225037,2019-04-29T11:27:05.037Z,sell,5.7e-06,915.0,0.0052155
POA/BTC,1556537234717,2019-04-29T11:27:14.717Z,buy,5.71e-06,19090.0,0.1090039
POA/BTC,1556537234717,2019-04-29T11:27:14.717Z,buy,5.72e-06,11623.0,0.06648356
POA/BTC,1556537234717,2019-04-29T11:27:14.717Z,buy,5.73e-06,24233.0,0.13885509
POA/BTC,1556537234980,2019-04-29T11:27:14.980Z,sell,5.73e-06,25298.0,0.14495754
POA/BTC,1556537234995,2019-04-29T11:27:14.995Z,sell,5.73e-06,34816.0,0.19949568
POA/BTC,1556537235744,2019-04-29T11:27:15.744Z,sell,5.73e-06,7727.0,0.04427571
POA/BTC,1556537251464,2019-04-29T11:27:31.464Z,sell,5.71e-06,352.0,0.00200992
POA/BTC,1556537251464,2019-04-29T11:27:31.464Z,sell,5.71e-06,352.0,0.00200992
POA/BTC,1556537464776,2019-04-29T11:31:04.776Z,buy,5.75e-06,7000.0,0.04025
POA/BTC,1556537486306,2019-04-29T11:31:26.306Z,buy,5.75e-06,63.0,0.00036225
POA/BTC,1556537486306,2019-04-29T11:31:26.306Z,buy,5.76e-06,14157.0,0.08154432
POA/BTC,1556537486306,2019-04-29T11:31:26.306Z,buy,5.77e-06,12394.0,0.07151338
POA/BTC,1556537572468,2019-04-29T11:32:52.468Z,sell,5.75e-06,393.0,0.00225975
POA/BTC,1556537573592,2019-04-29T11:32:53.592Z,sell,5.75e-06,393.0,0.00225975
POA/BTC,1556537630845,2019-04-29T11:33:50.845Z,buy,5.75e-06,349.0,0.00200675
POA/BTC,1556537630845,2019-04-29T11:33:50.845Z,buy,5.76e-06,9651.0,0.05558976
POA/BTC,1556537711029,2019-04-29T11:35:11.029Z,buy,5.77e-06,1733.0,0.00999941
POA/BTC,1556537721537,2019-04-29T11:35:21.537Z,buy,5.77e-06,1577.0,0.00909929
POA/BTC,1556537737436,2019-04-29T11:35:37.436Z,buy,5.77e-06,866.0,0.00499682
POA/BTC,1556537743400,2019-04-29T11:35:43.400Z,buy,5.77e-06,866.0,0.00499682
POA/BTC,1556537753315,2019-04-29T11:35:53.315Z,buy,5.77e-06,3000.0,0.01731
POA/BTC,1556537753710,2019-04-29T11:35:53.710Z,buy,5.77e-06,1559.0,0.00899543
POA/BTC,1556537810879,2019-04-29T11:36:50.879Z,buy,5.77e-06,866.0,0.00499682
POA/BTC,1556537837898,2019-04-29T11:37:17.898Z,buy,5.77e-06,866.0,0.00499682
POA/BTC,1556537876966,2019-04-29T11:37:56.966Z,sell,5.71e-06,990.0,0.0056529
POA/BTC,1556538027804,2019-04-29T11:40:27.804Z,sell,5.72e-06,217.0,0.00124124
POA/BTC,1556538027804,2019-04-29T11:40:27.804Z,sell,5.71e-06,11654.0,0.06654434
POA/BTC,1556538302841,2019-04-29T11:45:02.841Z,buy,5.74e-06,5728.0,0.03287872
POA/BTC,1556538302841,2019-04-29T11:45:02.841Z,buy,5.75e-06,3932.0,0.022609
POA/BTC,1556538302841,2019-04-29T11:45:02.841Z,buy,5.76e-06,340.0,0.0019584
POA/BTC,1556538768345,2019-04-29T11:52:48.345Z,buy,5.75e-06,216.0,0.001242
POA/BTC,1556538768345,2019-04-29T11:52:48.345Z,buy,5.76e-06,18397.0,0.10596672
POA/BTC,1556538777761,2019-04-29T11:52:57.761Z,buy,5.76e-06,182.0,0.00104832
POA/BTC,1556538777761,2019-04-29T11:52:57.761Z,buy,5.77e-06,9125.0,0.05265125
POA/BTC,1556538780414,2019-04-29T11:53:00.414Z,buy,5.77e-06,9275.0,0.0535167499999999
POA/BTC,1556538865713,2019-04-29T11:54:25.713Z,sell,5.72e-06,3426.0,0.01959672
POA/BTC,1556538867709,2019-04-29T11:54:27.709Z,sell,5.72e-06,927.0,0.00530244
POA/BTC,1556538867709,2019-04-29T11:54:27.709Z,sell,5.71e-06,8402.0,0.04797542
POA/BTC,1556538912410,2019-04-29T11:55:12.410Z,sell,5.71e-06,176.0,0.00100496
POA/BTC,1556539146838,2019-04-29T11:59:06.838Z,buy,5.71e-06,751.0,0.00428821
POA/BTC,1556539375857,2019-04-29T12:02:55.857Z,buy,5.76e-06,3426.0,0.01973376
POA/BTC,1556539375857,2019-04-29T12:02:55.857Z,buy,5.77e-06,84631.0,0.4883208699999999
POA/BTC,1556539538055,2019-04-29T12:05:38.055Z,buy,5.75e-06,1454.0,0.0083605
POA/BTC,1556539538055,2019-04-29T12:05:38.055Z,buy,5.76e-06,2012.0,0.01158912
POA/BTC,1556539560169,2019-04-29T12:06:00.169Z,sell,5.76e-06,1776.0,0.01022976
POA/BTC,1556539561173,2019-04-29T12:06:01.173Z,sell,5.76e-06,3432.0,0.01976832
POA/BTC,1556539802755,2019-04-29T12:10:02.755Z,buy,5.76e-06,174.0,0.00100224
POA/BTC,1556540008101,2019-04-29T12:13:28.101Z,sell,5.75e-06,30000.0,0.1725
POA/BTC,1556540120760,2019-04-29T12:15:20.760Z,sell,5.72e-06,1413.0,0.00808236
POA/BTC,1556540234818,2019-04-29T12:17:14.818Z,sell,5.72e-06,15178.0,0.08681816
POA/BTC,1556540286060,2019-04-29T12:18:06.060Z,buy,5.72e-06,175.0,0.001001
POA/BTC,1556540387642,2019-04-29T12:19:47.642Z,sell,5.73e-06,260.0,0.0014898
POA/BTC,1556540427521,2019-04-29T12:20:27.521Z,sell,5.73e-06,959.0,0.00549507
POA/BTC,1556540427521,2019-04-29T12:20:27.521Z,sell,5.71e-06,4092.0,0.02336532
POA/BTC,1556540605170,2019-04-29T12:23:25.170Z,sell,5.7e-06,6400.0,0.03648
POA/BTC,1556540610029,2019-04-29T12:23:30.029Z,sell,5.7e-06,6157.0,0.0350949
POA/BTC,1556540732135,2019-04-29T12:25:32.135Z,sell,5.7e-06,1071.0,0.0061046999999999
POA/BTC,1556540757340,2019-04-29T12:25:57.340Z,sell,5.7e-06,3314.0,0.0188897999999999
POA/BTC,1556540757340,2019-04-29T12:25:57.340Z,sell,5.68e-06,10553.0,0.05994104
POA/BTC,1556540757340,2019-04-29T12:25:57.340Z,sell,5.67e-06,28621.0,0.16228107
POA/BTC,1556540757340,2019-04-29T12:25:57.340Z,sell,5.66e-06,5621.0,0.03181486
POA/BTC,1556540802757,2019-04-29T12:26:42.757Z,sell,5.67e-06,177.0,0.00100359
POA/BTC,1556540802757,2019-04-29T12:26:42.757Z,sell,5.66e-06,17105.0,0.0968143
POA/BTC,1556540818465,2019-04-29T12:26:58.465Z,sell,5.65e-06,866.0,0.0048929
POA/BTC,1556540829128,2019-04-29T12:27:09.128Z,sell,5.65e-06,3841.0,0.02170165
POA/BTC,1556540849054,2019-04-29T12:27:29.054Z,sell,5.64e-06,837.0,0.00472068
POA/BTC,1556540849054,2019-04-29T12:27:29.054Z,sell,5.63e-06,15304.0,0.08616152
POA/BTC,1556540849054,2019-04-29T12:27:29.054Z,sell,5.62e-06,8444.0,0.04745528
POA/BTC,1556540849054,2019-04-29T12:27:29.054Z,sell,5.61e-06,15533.0,0.08714013
POA/BTC,1556540849080,2019-04-29T12:27:29.080Z,buy,5.61e-06,4805.0,0.02695605
POA/BTC,1556540849110,2019-04-29T12:27:29.110Z,buy,5.61e-06,77.0,0.00043197
POA/BTC,1556540849110,2019-04-29T12:27:29.110Z,buy,5.62e-06,1544.0,0.00867728
