symbol,timestamp,datetime,side,price,amount,btc_volume
PPT/BTC,1602266675786,2020-10-09T18:04:35.786Z,sell,1.921e-05,942.0,0.01809582
PPT/BTC,1602266675786,2020-10-09T18:04:35.786Z,sell,1.92e-05,7538.0,0.1447295999999999
PPT/BTC,1602266675786,2020-10-09T18:04:35.786Z,sell,1.919e-05,2126.0,0.04079794
PPT/BTC,1602266821025,2020-10-09T18:07:01.025Z,sell,1.919e-05,105.0,0.00201495
PPT/BTC,1602266978281,2020-10-09T18:09:38.281Z,sell,1.921e-05,57.0,0.00109497
PPT/BTC,1602266978281,2020-10-09T18:09:38.281Z,sell,1.919e-05,279.0,0.00535401
PPT/BTC,1602266978322,2020-10-09T18:09:38.322Z,sell,1.918e-05,608.0,0.01166144
PPT/BTC,1602266978424,2020-10-09T18:09:38.424Z,sell,1.918e-05,304.0,0.00583072
PPT/BTC,1602266978628,2020-10-09T18:09:38.628Z,sell,1.918e-05,151.0,0.00289618
PPT/BTC,1602266978920,2020-10-09T18:09:38.920Z,sell,1.918e-05,76.0,0.00145768
PPT/BTC,1602266990552,2020-10-09T18:09:50.552Z,sell,1.918e-05,22.0,0.00042196
PPT/BTC,1602267002812,2020-10-09T18:10:02.812Z,sell,1.918e-05,323.0,0.00619514
PPT/BTC,1602267002827,2020-10-09T18:10:02.827Z,sell,1.918e-05,202.0,0.00387436
PPT/BTC,1602267002944,2020-10-09T18:10:02.944Z,sell,1.918e-05,101.0,0.00193718
PPT/BTC,1602267025406,2020-10-09T18:10:25.406Z,buy,1.919e-05,1892.0,0.03630748
PPT/BTC,1602267025414,2020-10-09T18:10:25.414Z,sell,1.919e-05,988.0,0.01895972
PPT/BTC,1602267146236,2020-10-09T18:12:26.236Z,sell,1.918e-05,3114.0,0.05972652
PPT/BTC,1602267224143,2020-10-09T18:13:44.143Z,sell,1.918e-05,12.0,0.0002301599999999
PPT/BTC,1602267224157,2020-10-09T18:13:44.157Z,sell,1.918e-05,309.0,0.00592662
PPT/BTC,1602267224460,2020-10-09T18:13:44.460Z,sell,1.916e-05,107.0,0.00205012
PPT/BTC,1602267251279,2020-10-09T18:14:11.279Z,sell,1.909e-05,64.0,0.00122176
PPT/BTC,1602267251377,2020-10-09T18:14:11.377Z,sell,1.908e-05,93.0,0.00177444
PPT/BTC,1602267535954,2020-10-09T18:18:55.954Z,sell,1.908e-05,10.0,0.0001908
PPT/BTC,1602267539439,2020-10-09T18:18:59.439Z,buy,1.908e-05,236.0,0.00450288
PPT/BTC,1602267581284,2020-10-09T18:19:41.284Z,sell,1.907e-05,8.0,0.00015256
PPT/BTC,1602267581284,2020-10-09T18:19:41.284Z,sell,1.9e-05,43.0,0.000817
PPT/BTC,1602267599712,2020-10-09T18:19:59.712Z,buy,1.908e-05,124.0,0.00236592
PPT/BTC,1602267599712,2020-10-09T18:19:59.712Z,buy,1.91e-05,386.0,0.0073726
PPT/BTC,1602267599712,2020-10-09T18:19:59.712Z,buy,1.912e-05,1479.0,0.0282784799999999
PPT/BTC,1602267599712,2020-10-09T18:19:59.712Z,buy,1.913e-05,581.0,0.01111453
PPT/BTC,1602267599712,2020-10-09T18:19:59.712Z,buy,1.914e-05,85.0,0.0016269
PPT/BTC,1602269030651,2020-10-09T18:43:50.651Z,buy,1.918e-05,6.0,0.0001150799999999
PPT/BTC,1602269448273,2020-10-09T18:50:48.273Z,sell,1.914e-05,144.0,0.00275616
PPT/BTC,1602269508724,2020-10-09T18:51:48.724Z,sell,1.901e-05,399.0,0.00758499
PPT/BTC,1602269509651,2020-10-09T18:51:49.651Z,buy,1.912e-05,29.0,0.00055448
PPT/BTC,1602269674910,2020-10-09T18:54:34.910Z,buy,1.911e-05,15.0,0.00028665
PPT/BTC,1602269855946,2020-10-09T18:57:35.946Z,buy,1.911e-05,385.0,0.00735735
PPT/BTC,1602269855946,2020-10-09T18:57:35.946Z,buy,1.912e-05,769.0,0.0147032799999999
PPT/BTC,1602269855946,2020-10-09T18:57:35.946Z,buy,1.918e-05,81.0,0.00155358
PPT/BTC,1602269855946,2020-10-09T18:57:35.946Z,buy,1.924e-05,487.0,0.0093698799999999
PPT/BTC,1602269855946,2020-10-09T18:57:35.946Z,buy,1.925e-05,1203.0,0.02315775
PPT/BTC,1602269924705,2020-10-09T18:58:44.705Z,buy,1.925e-05,765.0,0.01472625
PPT/BTC,1602269924705,2020-10-09T18:58:44.705Z,buy,1.926e-05,1512.0,0.0291211199999999
PPT/BTC,1602269924705,2020-10-09T18:58:44.705Z,buy,1.925e-05,765.0,0.01472625
PPT/BTC,1602269924705,2020-10-09T18:58:44.705Z,buy,1.926e-05,1512.0,0.0291211199999999
PPT/BTC,1602270802187,2020-10-09T19:13:22.187Z,buy,1.926e-05,10.0,0.0001926
PPT/BTC,1602270802187,2020-10-09T19:13:22.187Z,buy,1.928e-05,742.0,0.0143057599999999
PPT/BTC,1602270802229,2020-10-09T19:13:22.229Z,sell,1.928e-05,377.0,0.0072685599999999
PPT/BTC,1602270802354,2020-10-09T19:13:22.354Z,sell,1.928e-05,188.0,0.0036246399999999
PPT/BTC,1602270802529,2020-10-09T19:13:22.529Z,sell,1.928e-05,94.0,0.0018123199999999
PPT/BTC,1602270848041,2020-10-09T19:14:08.041Z,sell,1.928e-05,10.0,0.0001927999999999
PPT/BTC,1602271232169,2020-10-09T19:20:32.169Z,buy,1.929e-05,8.0,0.00015432
PPT/BTC,1602271233268,2020-10-09T19:20:33.268Z,buy,1.93e-05,190.0,0.003667
PPT/BTC,1602271234265,2020-10-09T19:20:34.265Z,buy,1.934e-05,140.0,0.0027076
PPT/BTC,1602271236225,2020-10-09T19:20:36.225Z,buy,1.937e-05,21.0,0.00040677
PPT/BTC,1602271241699,2020-10-09T19:20:41.699Z,buy,1.937e-05,12.0,0.00023244
PPT/BTC,1602271241716,2020-10-09T19:20:41.716Z,buy,1.937e-05,140.0,0.0027118
PPT/BTC,1602271241716,2020-10-09T19:20:41.716Z,buy,1.94e-05,405.0,0.007857
PPT/BTC,1602271243261,2020-10-09T19:20:43.261Z,sell,1.929e-05,480.0,0.0092592
PPT/BTC,1602271243261,2020-10-09T19:20:43.261Z,sell,1.928e-05,544.0,0.0104883199999999
PPT/BTC,1602271244446,2020-10-09T19:20:44.446Z,buy,1.94e-05,6.0,0.0001164
PPT/BTC,1602271246050,2020-10-09T19:20:46.050Z,buy,1.94e-05,22.0,0.0004268
PPT/BTC,1602271257952,2020-10-09T19:20:57.952Z,buy,1.94e-05,10.0,0.000194
PPT/BTC,1602271263434,2020-10-09T19:21:03.434Z,buy,1.94e-05,22.0,0.0004268
PPT/BTC,1602271548969,2020-10-09T19:25:48.969Z,buy,1.94e-05,1952.0,0.0378688
PPT/BTC,1602271549053,2020-10-09T19:25:49.053Z,buy,1.941e-05,8.0,0.00015528
PPT/BTC,1602271550051,2020-10-09T19:25:50.051Z,buy,1.942e-05,8.0,0.00015536
PPT/BTC,1602271550348,2020-10-09T19:25:50.348Z,sell,1.94e-05,1049.0,0.0203506
PPT/BTC,1602271550483,2020-10-09T19:25:50.483Z,sell,1.94e-05,524.0,0.0101656
PPT/BTC,1602271550646,2020-10-09T19:25:50.646Z,sell,1.94e-05,261.0,0.0050634
PPT/BTC,1602271550752,2020-10-09T19:25:50.752Z,sell,1.94e-05,131.0,0.0025414
PPT/BTC,1602271550853,2020-10-09T19:25:50.853Z,sell,1.94e-05,65.0,0.001261
PPT/BTC,1602271557395,2020-10-09T19:25:57.395Z,buy,1.943e-05,559.0,0.0108613699999999
PPT/BTC,1602271557395,2020-10-09T19:25:57.395Z,buy,1.946e-05,48.0,0.00093408
PPT/BTC,1602271557395,2020-10-09T19:25:57.395Z,buy,1.947e-05,60.0,0.0011682
PPT/BTC,1602271557409,2020-10-09T19:25:57.409Z,sell,1.94e-05,301.0,0.0058394
PPT/BTC,1602271557743,2020-10-09T19:25:57.743Z,buy,1.947e-05,3191.0,0.06212877
PPT/BTC,1602271557743,2020-10-09T19:25:57.743Z,buy,1.949e-05,27.0,0.00052623
PPT/BTC,1602271557743,2020-10-09T19:25:57.743Z,buy,1.95e-05,4529.0,0.0883155
PPT/BTC,1602271557743,2020-10-09T19:25:57.743Z,buy,1.951e-05,9575.0,0.18680825
PPT/BTC,1602271557751,2020-10-09T19:25:57.751Z,sell,1.94e-05,213.0,0.0041322
PPT/BTC,1602271560349,2020-10-09T19:26:00.349Z,buy,1.951e-05,286.0,0.00557986
PPT/BTC,1602271562707,2020-10-09T19:26:02.707Z,buy,1.951e-05,20.0,0.0003902
PPT/BTC,1602271573698,2020-10-09T19:26:13.698Z,buy,1.951e-05,597.0,0.01164747
PPT/BTC,1602271594347,2020-10-09T19:26:34.347Z,buy,1.951e-05,21.0,0.00040971
PPT/BTC,1602271811843,2020-10-09T19:30:11.843Z,buy,1.951e-05,6.0,0.00011706
PPT/BTC,1602271872952,2020-10-09T19:31:12.952Z,sell,1.942e-05,52.0,0.00100984
PPT/BTC,1602271872952,2020-10-09T19:31:12.952Z,sell,1.942e-05,11.0,0.00021362
PPT/BTC,1602271906559,2020-10-09T19:31:46.559Z,sell,1.942e-05,611.0,0.01186562
PPT/BTC,1602271906559,2020-10-09T19:31:46.559Z,sell,1.941e-05,3750.0,0.0727874999999999
PPT/BTC,1602271906559,2020-10-09T19:31:46.559Z,sell,1.94e-05,13247.0,0.2569918
PPT/BTC,1602271906650,2020-10-09T19:31:46.650Z,sell,1.94e-05,354.0,0.0068676
PPT/BTC,1602271906754,2020-10-09T19:31:46.754Z,sell,1.94e-05,7676.0,0.1489144
PPT/BTC,1602271909325,2020-10-09T19:31:49.325Z,sell,1.933e-05,26.0,0.00050258
PPT/BTC,1602271909325,2020-10-09T19:31:49.325Z,sell,1.931e-05,132.0,0.00254892
PPT/BTC,1602272769777,2020-10-09T19:46:09.777Z,buy,1.939e-05,132.0,0.00255948
PPT/BTC,1602272769777,2020-10-09T19:46:09.777Z,buy,1.94e-05,209.0,0.0040546
PPT/BTC,1602272976684,2020-10-09T19:49:36.684Z,buy,1.938e-05,52.0,0.00100776
PPT/BTC,1602273092727,2020-10-09T19:51:32.727Z,sell,1.929e-05,8.0,0.00015432
PPT/BTC,1602273092727,2020-10-09T19:51:32.727Z,sell,1.928e-05,523.0,0.0100834399999999
PPT/BTC,1602273195041,2020-10-09T19:53:15.041Z,sell,1.929e-05,482.0,0.00929778
PPT/BTC,1602273216684,2020-10-09T19:53:36.684Z,sell,1.929e-05,434.0,0.00837186
PPT/BTC,1602273216684,2020-10-09T19:53:36.684Z,sell,1.929e-05,434.0,0.00837186
PPT/BTC,1602273691919,2020-10-09T20:01:31.919Z,sell,1.929e-05,10.0,0.0001929
PPT/BTC,1602273691919,2020-10-09T20:01:31.919Z,sell,1.928e-05,186.0,0.0035860799999999
PPT/BTC,1602273692093,2020-10-09T20:01:32.093Z,sell,1.928e-05,57.0,0.00109896
PPT/BTC,1602273772258,2020-10-09T20:02:52.258Z,sell,1.928e-05,921.0,0.01775688
PPT/BTC,1602274020513,2020-10-09T20:07:00.513Z,sell,1.928e-05,624.0,0.0120307199999999
PPT/BTC,1602274237013,2020-10-09T20:10:37.013Z,buy,1.935e-05,268.0,0.0051858
PPT/BTC,1602274262674,2020-10-09T20:11:02.674Z,buy,1.935e-05,166.0,0.0032121
PPT/BTC,1602274262674,2020-10-09T20:11:02.674Z,buy,1.938e-05,187.0,0.00362406
PPT/BTC,1602274912898,2020-10-09T20:21:52.898Z,sell,1.93e-05,208.0,0.0040144
PPT/BTC,1602275669729,2020-10-09T20:34:29.729Z,buy,1.94e-05,50.0,0.00097
PPT/BTC,1602275719936,2020-10-09T20:35:19.936Z,buy,1.94e-05,10.0,0.000194
PPT/BTC,1602275727604,2020-10-09T20:35:27.604Z,buy,1.941e-05,8.0,0.00015528
PPT/BTC,1602275727604,2020-10-09T20:35:27.604Z,buy,1.944e-05,2158.0,0.04195152
PPT/BTC,1602275727604,2020-10-09T20:35:27.604Z,buy,1.945e-05,478.0,0.0092970999999999
PPT/BTC,1602275727709,2020-10-09T20:35:27.709Z,sell,1.945e-05,1082.0,0.0210449
PPT/BTC,1602275769736,2020-10-09T20:36:09.736Z,buy,1.946e-05,52.0,0.00101192
PPT/BTC,1602275902425,2020-10-09T20:38:22.425Z,sell,1.931e-05,875.0,0.0168962499999999
PPT/BTC,1602275902509,2020-10-09T20:38:22.509Z,buy,1.931e-05,428.0,0.00826468
PPT/BTC,1602275910023,2020-10-09T20:38:30.023Z,sell,1.93e-05,291.0,0.0056163
PPT/BTC,1602275910023,2020-10-09T20:38:30.023Z,sell,1.929e-05,8.0,0.00015432
PPT/BTC,1602275917846,2020-10-09T20:38:37.846Z,sell,1.929e-05,492.0,0.00949068
PPT/BTC,1602275917846,2020-10-09T20:38:37.846Z,sell,1.928e-05,1638.0,0.03158064
PPT/BTC,1602275967767,2020-10-09T20:39:27.767Z,buy,1.941e-05,8.0,0.00015528
PPT/BTC,1602275967767,2020-10-09T20:39:27.767Z,buy,1.944e-05,492.0,0.00956448
PPT/BTC,1602275967767,2020-10-09T20:39:27.767Z,buy,1.946e-05,2686.0,0.05226956
PPT/BTC,1602275967767,2020-10-09T20:39:27.767Z,buy,1.947e-05,1563.0,0.03043161
PPT/BTC,1602275973258,2020-10-09T20:39:33.258Z,buy,1.946e-05,4751.0,0.09245446
PPT/BTC,1602275983356,2020-10-09T20:39:43.356Z,buy,1.946e-05,4751.0,0.09245446
PPT/BTC,1602275992502,2020-10-09T20:39:52.502Z,buy,1.945e-05,22.0,0.0004278999999999
PPT/BTC,1602275992502,2020-10-09T20:39:52.502Z,buy,1.946e-05,1677.0,0.03263442
PPT/BTC,1602275992502,2020-10-09T20:39:52.502Z,buy,1.947e-05,948.0,0.01845756
PPT/BTC,1602275992502,2020-10-09T20:39:52.502Z,buy,1.951e-05,482.0,0.00940382
PPT/BTC,1602275992502,2020-10-09T20:39:52.502Z,buy,1.952e-05,1608.0,0.03138816
PPT/BTC,1602275997516,2020-10-09T20:39:57.516Z,buy,1.952e-05,3191.0,0.06228832
PPT/BTC,1602275997516,2020-10-09T20:39:57.516Z,buy,1.953e-05,143.0,0.00279279
PPT/BTC,1602275997516,2020-10-09T20:39:57.516Z,buy,1.959e-05,1386.0,0.02715174
PPT/BTC,1602275998497,2020-10-09T20:39:58.497Z,buy,1.959e-05,2348.0,0.04599732
PPT/BTC,1602275998497,2020-10-09T20:39:58.497Z,buy,1.96e-05,1010.0,0.0197959999999999
PPT/BTC,1602275998497,2020-10-09T20:39:58.497Z,buy,1.961e-05,1357.0,0.02661077
PPT/BTC,1602275998749,2020-10-09T20:39:58.749Z,buy,1.961e-05,116.0,0.00227476
PPT/BTC,1602275999289,2020-10-09T20:39:59.289Z,buy,1.961e-05,613.0,0.01202093
PPT/BTC,1602276000460,2020-10-09T20:40:00.460Z,buy,1.961e-05,51.0,0.00100011
PPT/BTC,1602276002922,2020-10-09T20:40:02.922Z,buy,1.961e-05,21.0,0.00041181
PPT/BTC,1602276006349,2020-10-09T20:40:06.349Z,buy,1.961e-05,110.0,0.0021571
PPT/BTC,1602276008166,2020-10-09T20:40:08.166Z,buy,1.961e-05,4593.0,0.09006873
PPT/BTC,1602276008166,2020-10-09T20:40:08.166Z,buy,1.963e-05,103.0,0.00202189
PPT/BTC,1602276008990,2020-10-09T20:40:08.990Z,buy,1.963e-05,1377.0,0.02703051
PPT/BTC,1602276012533,2020-10-09T20:40:12.533Z,buy,1.964e-05,147.0,0.0028870799999999
PPT/BTC,1602276012533,2020-10-09T20:40:12.533Z,buy,1.965e-05,354.0,0.0069561
PPT/BTC,1602276012533,2020-10-09T20:40:12.533Z,buy,1.966e-05,31.0,0.00060946
PPT/BTC,1602276012533,2020-10-09T20:40:12.533Z,buy,1.967e-05,71.0,0.00139657
PPT/BTC,1602276012533,2020-10-09T20:40:12.533Z,buy,1.969e-05,3717.0,0.0731877299999999
PPT/BTC,1602276012533,2020-10-09T20:40:12.533Z,buy,1.974e-05,8.0,0.00015792
PPT/BTC,1602276012533,2020-10-09T20:40:12.533Z,buy,1.976e-05,12.0,0.00023712
PPT/BTC,1602276012533,2020-10-09T20:40:12.533Z,buy,1.978e-05,334.0,0.00660652
PPT/BTC,1602276015025,2020-10-09T20:40:15.025Z,buy,1.978e-05,51.0,0.00100878
PPT/BTC,1602276015264,2020-10-09T20:40:15.264Z,buy,1.978e-05,21.0,0.00041538
PPT/BTC,1602276017571,2020-10-09T20:40:17.571Z,buy,1.978e-05,11.0,0.00021758
PPT/BTC,1602276017571,2020-10-09T20:40:17.571Z,buy,1.979e-05,262.0,0.00518498
PPT/BTC,1602276017571,2020-10-09T20:40:17.571Z,buy,1.98e-05,13.0,0.0002574
PPT/BTC,1602276017571,2020-10-09T20:40:17.571Z,buy,1.982e-05,667.0,0.01321994
PPT/BTC,1602276017571,2020-10-09T20:40:17.571Z,buy,1.984e-05,403.0,0.00799552
PPT/BTC,1602276017571,2020-10-09T20:40:17.571Z,buy,1.985e-05,8.0,0.0001588
PPT/BTC,1602276017571,2020-10-09T20:40:17.571Z,buy,1.987e-05,508.0,0.01009396
PPT/BTC,1602276017571,2020-10-09T20:40:17.571Z,buy,1.99e-05,617.0,0.0122782999999999
PPT/BTC,1602276017571,2020-10-09T20:40:17.571Z,buy,1.994e-05,151.0,0.0030109399999999
PPT/BTC,1602276017571,2020-10-09T20:40:17.571Z,buy,1.995e-05,78.0,0.0015561
PPT/BTC,1602276017571,2020-10-09T20:40:17.571Z,buy,1.996e-05,8.0,0.00015968
PPT/BTC,1602276017571,2020-10-09T20:40:17.571Z,buy,1.997e-05,1514.0,0.03023458
PPT/BTC,1602276017571,2020-10-09T20:40:17.571Z,buy,2e-05,371.0,0.00742
PPT/BTC,1602276018561,2020-10-09T20:40:18.561Z,buy,2e-05,1110.0,0.0222
PPT/BTC,1602276018561,2020-10-09T20:40:18.561Z,buy,2.005e-05,1310.0,0.0262655
PPT/BTC,1602276018561,2020-10-09T20:40:18.561Z,buy,2.008e-05,153.0,0.00307224
PPT/BTC,1602276018561,2020-10-09T20:40:18.561Z,buy,2.009e-05,327.0,0.0065694299999999
PPT/BTC,1602276018561,2020-10-09T20:40:18.561Z,buy,2.01e-05,1700.0,0.03417
PPT/BTC,1602276019402,2020-10-09T20:40:19.402Z,buy,2.01e-05,598.0,0.0120198
PPT/BTC,1602276019910,2020-10-09T20:40:19.910Z,sell,1.985e-05,7.0,0.00013895
PPT/BTC,1602276020140,2020-10-09T20:40:20.140Z,buy,2.009e-05,50.0,0.0010045
PPT/BTC,1602276020345,2020-10-09T20:40:20.345Z,buy,2.009e-05,6.0,0.00012054
PPT/BTC,1602276020418,2020-10-09T20:40:20.418Z,sell,1.985e-05,1.0,1.985e-05
PPT/BTC,1602276020418,2020-10-09T20:40:20.418Z,sell,1.98e-05,775.0,0.015345
PPT/BTC,1602276020418,2020-10-09T20:40:20.418Z,sell,1.979e-05,871.0,0.01723709
PPT/BTC,1602276020418,2020-10-09T20:40:20.418Z,sell,1.978e-05,1008.0,0.01993824
PPT/BTC,1602276020741,2020-10-09T20:40:20.741Z,buy,2.009e-05,20.0,0.0004018
PPT/BTC,1602276020759,2020-10-09T20:40:20.759Z,sell,1.979e-05,487.0,0.0096377299999999
PPT/BTC,1602276021172,2020-10-09T20:40:21.172Z,sell,1.99e-05,61.0,0.0012139
PPT/BTC,1602276021463,2020-10-09T20:40:21.463Z,sell,1.985e-05,8.0,0.0001588
PPT/BTC,1602276021463,2020-10-09T20:40:21.463Z,sell,1.982e-05,465.0,0.0092163
PPT/BTC,1602276021774,2020-10-09T20:40:21.774Z,sell,1.99e-05,26.0,0.0005174
PPT/BTC,1602276021914,2020-10-09T20:40:21.914Z,sell,1.99e-05,7.0,0.0001393
PPT/BTC,1602276021914,2020-10-09T20:40:21.914Z,sell,1.975e-05,46.0,0.0009084999999999
PPT/BTC,1602276022000,2020-10-09T20:40:22.000Z,sell,1.975e-05,363.0,0.0071692499999999
PPT/BTC,1602276022014,2020-10-09T20:40:22.014Z,sell,1.975e-05,21.0,0.0004147499999999
PPT/BTC,1602276022030,2020-10-09T20:40:22.030Z,sell,1.975e-05,362.0,0.0071495
PPT/BTC,1602276023046,2020-10-09T20:40:23.046Z,sell,1.974e-05,8.0,0.00015792
PPT/BTC,1602276023069,2020-10-09T20:40:23.069Z,buy,1.972e-05,22.0,0.00043384
PPT/BTC,1602276023074,2020-10-09T20:40:23.074Z,buy,1.972e-05,26.0,0.00051272
PPT/BTC,1602276024478,2020-10-09T20:40:24.478Z,sell,1.97e-05,74.0,0.0014578
PPT/BTC,1602276025877,2020-10-09T20:40:25.877Z,sell,1.97e-05,39.0,0.0007683
PPT/BTC,1602276025877,2020-10-09T20:40:25.877Z,sell,1.968e-05,23.0,0.00045264
PPT/BTC,1602276028244,2020-10-09T20:40:28.244Z,buy,1.972e-05,219.0,0.00431868
PPT/BTC,1602276028244,2020-10-09T20:40:28.244Z,buy,1.985e-05,783.0,0.01554255
PPT/BTC,1602276028244,2020-10-09T20:40:28.244Z,buy,1.986e-05,871.0,0.01729806
PPT/BTC,1602276028244,2020-10-09T20:40:28.244Z,buy,1.991e-05,1490.0,0.0296659
PPT/BTC,1602276028244,2020-10-09T20:40:28.244Z,buy,1.993e-05,185.0,0.00368705
PPT/BTC,1602276028244,2020-10-09T20:40:28.244Z,buy,1.994e-05,20.0,0.0003988
PPT/BTC,1602276028244,2020-10-09T20:40:28.244Z,buy,1.996e-05,8.0,0.00015968
PPT/BTC,1602276028244,2020-10-09T20:40:28.244Z,buy,2.005e-05,792.0,0.0158796
PPT/BTC,1602276028244,2020-10-09T20:40:28.244Z,buy,2.008e-05,237.0,0.00475896
PPT/BTC,1602276028518,2020-10-09T20:40:28.518Z,sell,1.973e-05,1119.0,0.02207787
PPT/BTC,1602276028518,2020-10-09T20:40:28.518Z,sell,1.972e-05,1175.0,0.023171
PPT/BTC,1602276028839,2020-10-09T20:40:28.839Z,sell,1.973e-05,465.0,0.0091744499999999
PPT/BTC,1602276029080,2020-10-09T20:40:29.080Z,buy,1.992e-05,825.0,0.016434
PPT/BTC,1602276029080,2020-10-09T20:40:29.080Z,buy,1.993e-05,76.0,0.00151468
PPT/BTC,1602276029080,2020-10-09T20:40:29.080Z,buy,2.007e-05,22.0,0.00044154
PPT/BTC,1602276029080,2020-10-09T20:40:29.080Z,buy,2.008e-05,258.0,0.00518064
PPT/BTC,1602276029080,2020-10-09T20:40:29.080Z,buy,2.009e-05,459.0,0.00922131
PPT/BTC,1602276029080,2020-10-09T20:40:29.080Z,buy,2.01e-05,217.0,0.0043617
PPT/BTC,1602276029080,2020-10-09T20:40:29.080Z,buy,2.011e-05,149.0,0.00299639
PPT/BTC,1602276029080,2020-10-09T20:40:29.080Z,buy,2.012e-05,542.0,0.01090504
PPT/BTC,1602276029080,2020-10-09T20:40:29.080Z,buy,2.013e-05,2045.0,0.04116585
PPT/BTC,1602276029349,2020-10-09T20:40:29.349Z,sell,1.979e-05,327.0,0.0064713299999999
PPT/BTC,1602276029349,2020-10-09T20:40:29.349Z,sell,1.978e-05,330.0,0.0065274
PPT/BTC,1602276029764,2020-10-09T20:40:29.764Z,sell,1.979e-05,513.0,0.01015227
PPT/BTC,1602276029929,2020-10-09T20:40:29.929Z,buy,2.011e-05,597.0,0.01200567
PPT/BTC,1602276030260,2020-10-09T20:40:30.260Z,sell,1.996e-05,8.0,0.00015968
PPT/BTC,1602276030260,2020-10-09T20:40:30.260Z,sell,1.985e-05,311.0,0.00617335
PPT/BTC,1602276030260,2020-10-09T20:40:30.260Z,sell,1.979e-05,316.0,0.0062536399999999
PPT/BTC,1602276030260,2020-10-09T20:40:30.260Z,sell,1.978e-05,607.0,0.01200646
PPT/BTC,1602276030475,2020-10-09T20:40:30.475Z,sell,1.992e-05,51.0,0.00101592
PPT/BTC,1602276030589,2020-10-09T20:40:30.589Z,sell,1.985e-05,8.0,0.0001588
PPT/BTC,1602276030679,2020-10-09T20:40:30.679Z,sell,1.982e-05,1777.0,0.03522014
PPT/BTC,1602276030881,2020-10-09T20:40:30.881Z,sell,1.978e-05,188.0,0.00371864
PPT/BTC,1602276032368,2020-10-09T20:40:32.368Z,buy,1.983e-05,21.0,0.00041643
PPT/BTC,1602276033480,2020-10-09T20:40:33.480Z,sell,1.977e-05,500.0,0.009885
PPT/BTC,1602276033807,2020-10-09T20:40:33.807Z,buy,1.983e-05,182.0,0.00360906
PPT/BTC,1602276033829,2020-10-09T20:40:33.829Z,buy,1.983e-05,79.0,0.00156657
PPT/BTC,1602276038550,2020-10-09T20:40:38.550Z,buy,1.996e-05,383.0,0.0076446799999999
PPT/BTC,1602276038550,2020-10-09T20:40:38.550Z,buy,1.997e-05,1125.0,0.02246625
PPT/BTC,1602276038550,2020-10-09T20:40:38.550Z,buy,1.998e-05,51.0,0.0010189799999999
PPT/BTC,1602276038550,2020-10-09T20:40:38.550Z,buy,2.003e-05,500.0,0.010015
PPT/BTC,1602276038550,2020-10-09T20:40:38.550Z,buy,2.004e-05,761.0,0.01525044
PPT/BTC,1602276038550,2020-10-09T20:40:38.550Z,buy,2.008e-05,8.0,0.00016064
PPT/BTC,1602276038550,2020-10-09T20:40:38.550Z,buy,2.009e-05,1903.0,0.03823127
PPT/BTC,1602276040096,2020-10-09T20:40:40.096Z,buy,2.009e-05,261.0,0.00524349
PPT/BTC,1602276040096,2020-10-09T20:40:40.096Z,buy,2.011e-05,744.0,0.0149618399999999
PPT/BTC,1602276040096,2020-10-09T20:40:40.096Z,buy,2.012e-05,1175.0,0.023641
PPT/BTC,1602276040096,2020-10-09T20:40:40.096Z,buy,2.013e-05,2413.0,0.0485736899999999
PPT/BTC,1602276040948,2020-10-09T20:40:40.948Z,buy,2.013e-05,597.0,0.01201761
PPT/BTC,1602276041206,2020-10-09T20:40:41.206Z,buy,2.013e-05,50.0,0.0010065
PPT/BTC,1602276041939,2020-10-09T20:40:41.939Z,buy,2.013e-05,20.0,0.0004026
PPT/BTC,1602276042336,2020-10-09T20:40:42.336Z,buy,2.013e-05,6.0,0.0001207799999999
PPT/BTC,1602276047979,2020-10-09T20:40:47.979Z,buy,2.013e-05,20.0,0.0004026
PPT/BTC,1602276048995,2020-10-09T20:40:48.995Z,buy,2.013e-05,2357.0,0.0474464099999999
PPT/BTC,1602276048995,2020-10-09T20:40:48.995Z,buy,2.018e-05,81.0,0.00163458
PPT/BTC,1602276048995,2020-10-09T20:40:48.995Z,buy,2.019e-05,184.0,0.00371496
PPT/BTC,1602276048995,2020-10-09T20:40:48.995Z,buy,2.02e-05,24.0,0.0004847999999999
PPT/BTC,1602276048995,2020-10-09T20:40:48.995Z,buy,2.024e-05,51.0,0.00103224
PPT/BTC,1602276048995,2020-10-09T20:40:48.995Z,buy,2.025e-05,1250.0,0.0253125
PPT/BTC,1602276048995,2020-10-09T20:40:48.995Z,buy,2.026e-05,616.0,0.0124801599999999
PPT/BTC,1602276049818,2020-10-09T20:40:49.818Z,buy,2.026e-05,594.0,0.0120344399999999
PPT/BTC,1602276051099,2020-10-09T20:40:51.099Z,buy,2.026e-05,5.0,0.0001013
PPT/BTC,1602276051457,2020-10-09T20:40:51.457Z,buy,2.026e-05,20.0,0.0004052
PPT/BTC,1602276051787,2020-10-09T20:40:51.787Z,buy,2.026e-05,50.0,0.001013
PPT/BTC,1602276053192,2020-10-09T20:40:53.192Z,sell,2.008e-05,796.0,0.01598368
PPT/BTC,1602276053297,2020-10-09T20:40:53.297Z,sell,2.007e-05,85.0,0.00170595
PPT/BTC,1602276053404,2020-10-09T20:40:53.404Z,buy,2.026e-05,5.0,0.0001013
PPT/BTC,1602276058256,2020-10-09T20:40:58.256Z,buy,2.019e-05,8.0,0.00016152
PPT/BTC,1602276058256,2020-10-09T20:40:58.256Z,buy,2.022e-05,44.0,0.00088968
PPT/BTC,1602276058256,2020-10-09T20:40:58.256Z,buy,2.025e-05,788.0,0.015957
PPT/BTC,1602276058256,2020-10-09T20:40:58.256Z,buy,2.026e-05,210.0,0.0042546
PPT/BTC,1602276058256,2020-10-09T20:40:58.256Z,buy,2.027e-05,3511.0,0.07116797
PPT/BTC,1602276059018,2020-10-09T20:40:59.018Z,buy,2.027e-05,593.0,0.01202011
PPT/BTC,1602276062700,2020-10-09T20:41:02.700Z,sell,2.008e-05,8.0,0.00016064
PPT/BTC,1602276062700,2020-10-09T20:41:02.700Z,sell,2.007e-05,6.0,0.0001204199999999
PPT/BTC,1602276062700,2020-10-09T20:41:02.700Z,sell,2.004e-05,1775.0,0.035571
PPT/BTC,1602276065384,2020-10-09T20:41:05.384Z,buy,2.027e-05,20.0,0.0004054
PPT/BTC,1602276068337,2020-10-09T20:41:08.337Z,buy,2.019e-05,2414.0,0.04873866
PPT/BTC,1602276068337,2020-10-09T20:41:08.337Z,buy,2.022e-05,120.0,0.0024264
PPT/BTC,1602276068337,2020-10-09T20:41:08.337Z,buy,2.027e-05,2027.0,0.04108729
PPT/BTC,1602276069160,2020-10-09T20:41:09.160Z,buy,2.027e-05,593.0,0.01202011
PPT/BTC,1602276070939,2020-10-09T20:41:10.939Z,buy,2.027e-05,5.0,0.00010135
PPT/BTC,1602276071821,2020-10-09T20:41:11.821Z,buy,2.027e-05,50.0,0.0010135
PPT/BTC,1602276078337,2020-10-09T20:41:18.337Z,buy,2.027e-05,4561.0,0.09245147
PPT/BTC,1602276081031,2020-10-09T20:41:21.031Z,sell,2.011e-05,1748.0,0.03515228
PPT/BTC,1602276081031,2020-10-09T20:41:21.031Z,sell,2.009e-05,736.0,0.0147862399999999
PPT/BTC,1602276088279,2020-10-09T20:41:28.279Z,buy,2.028e-05,3159.0,0.06406452
PPT/BTC,1602276088279,2020-10-09T20:41:28.279Z,buy,2.029e-05,136.0,0.00275944
PPT/BTC,1602276088279,2020-10-09T20:41:28.279Z,buy,2.03e-05,8.0,0.0001624
PPT/BTC,1602276088279,2020-10-09T20:41:28.279Z,buy,2.031e-05,27.0,0.00054837
PPT/BTC,1602276088279,2020-10-09T20:41:28.279Z,buy,2.033e-05,50.0,0.0010165
PPT/BTC,1602276088279,2020-10-09T20:41:28.279Z,buy,2.034e-05,19.0,0.00038646
PPT/BTC,1602276088279,2020-10-09T20:41:28.279Z,buy,2.037e-05,7.0,0.00014259
PPT/BTC,1602276088279,2020-10-09T20:41:28.279Z,buy,2.04e-05,14.0,0.0002856
PPT/BTC,1602276088279,2020-10-09T20:41:28.279Z,buy,2.041e-05,8.0,0.00016328
PPT/BTC,1602276088279,2020-10-09T20:41:28.279Z,buy,2.042e-05,364.0,0.00743288
PPT/BTC,1602276088279,2020-10-09T20:41:28.279Z,buy,2.043e-05,17.0,0.00034731
PPT/BTC,1602276088279,2020-10-09T20:41:28.279Z,buy,2.045e-05,335.0,0.00685075
PPT/BTC,1602276088279,2020-10-09T20:41:28.279Z,buy,2.052e-05,8.0,0.00016416
PPT/BTC,1602276088279,2020-10-09T20:41:28.279Z,buy,2.053e-05,34.0,0.00069802
PPT/BTC,1602276088279,2020-10-09T20:41:28.279Z,buy,2.06e-05,5.0,0.000103
PPT/BTC,1602276088279,2020-10-09T20:41:28.279Z,buy,2.061e-05,157.0,0.00323577
PPT/BTC,1602276088279,2020-10-09T20:41:28.279Z,buy,2.062e-05,49.0,0.00101038
PPT/BTC,1602276088279,2020-10-09T20:41:28.279Z,buy,2.063e-05,2913.0,0.06009519
PPT/BTC,1602276088279,2020-10-09T20:41:28.279Z,buy,2.068e-05,236.0,0.0048804799999999
PPT/BTC,1602276088279,2020-10-09T20:41:28.279Z,buy,2.074e-05,8.0,0.00016592
PPT/BTC,1602276088279,2020-10-09T20:41:28.279Z,buy,2.084e-05,5.0,0.0001042
PPT/BTC,1602276088279,2020-10-09T20:41:28.279Z,buy,2.086e-05,8.0,0.00016688
PPT/BTC,1602276088279,2020-10-09T20:41:28.279Z,buy,2.09e-05,42.0,0.0008778
PPT/BTC,1602276088542,2020-10-09T20:41:28.542Z,sell,2.036e-05,71.0,0.00144556
PPT/BTC,1602276088874,2020-10-09T20:41:28.874Z,sell,2.037e-05,6.0,0.00012222
PPT/BTC,1602276089168,2020-10-09T20:41:29.168Z,sell,2.044e-05,7.0,0.00014308
PPT/BTC,1602276089199,2020-10-09T20:41:29.199Z,buy,2.088e-05,6.0,0.00012528
PPT/BTC,1602276089199,2020-10-09T20:41:29.199Z,buy,2.09e-05,569.0,0.0118921
PPT/BTC,1602276090516,2020-10-09T20:41:30.516Z,sell,2.088e-05,68.0,0.00141984
PPT/BTC,1602276090717,2020-10-09T20:41:30.717Z,sell,2.062e-05,1092.0,0.02251704
PPT/BTC,1602276090821,2020-10-09T20:41:30.821Z,sell,2.052e-05,1653.0,0.03391956
PPT/BTC,1602276091017,2020-10-09T20:41:31.017Z,sell,2.053e-05,1102.0,0.02262406
PPT/BTC,1602276091017,2020-10-09T20:41:31.017Z,sell,2.052e-05,590.0,0.0121068
PPT/BTC,1602276091017,2020-10-09T20:41:31.017Z,sell,2.051e-05,1653.0,0.03390303
PPT/BTC,1602276091290,2020-10-09T20:41:31.290Z,sell,2.074e-05,8.0,0.00016592
PPT/BTC,1602276091290,2020-10-09T20:41:31.290Z,sell,2.046e-05,574.0,0.01174404
PPT/BTC,1602276091470,2020-10-09T20:41:31.470Z,buy,2.083e-05,5.0,0.00010415
PPT/BTC,1602276091614,2020-10-09T20:41:31.614Z,sell,2.063e-05,8.0,0.00016504
PPT/BTC,1602276091678,2020-10-09T20:41:31.678Z,sell,2.046e-05,111.0,0.00227106
PPT/BTC,1602276091816,2020-10-09T20:41:31.816Z,sell,2.047e-05,551.0,0.01127897
PPT/BTC,1602276092113,2020-10-09T20:41:32.113Z,sell,2.053e-05,1931.0,0.03964343
PPT/BTC,1602276092113,2020-10-09T20:41:32.113Z,sell,2.052e-05,8.0,0.00016416
PPT/BTC,1602276092220,2020-10-09T20:41:32.220Z,sell,2.046e-05,492.0,0.01006632
PPT/BTC,1602276092419,2020-10-09T20:41:32.419Z,sell,2.046e-05,1012.0,0.02070552
PPT/BTC,1602276092514,2020-10-09T20:41:32.514Z,sell,2.045e-05,751.0,0.0153579499999999
PPT/BTC,1602276092719,2020-10-09T20:41:32.719Z,sell,2.045e-05,1138.0,0.0232721
PPT/BTC,1602276092815,2020-10-09T20:41:32.815Z,sell,2.045e-05,507.0,0.01036815
PPT/BTC,1602276092815,2020-10-09T20:41:32.815Z,sell,2.044e-05,2201.0,0.04498844
PPT/BTC,1602276093519,2020-10-09T20:41:33.519Z,sell,2.068e-05,59.0,0.0012201199999999
PPT/BTC,1602276093814,2020-10-09T20:41:33.814Z,sell,2.041e-05,8.0,0.00016328
PPT/BTC,1602276094811,2020-10-09T20:41:34.811Z,sell,2.069e-05,25.0,0.00051725
PPT/BTC,1602276097519,2020-10-09T20:41:37.519Z,sell,2.047e-05,71.0,0.0014533699999999
PPT/BTC,1602276097519,2020-10-09T20:41:37.519Z,sell,2.033e-05,1123.0,0.02283059
PPT/BTC,1602276097519,2020-10-09T20:41:37.519Z,sell,2.032e-05,1366.0,0.02775712
PPT/BTC,1602276098478,2020-10-09T20:41:38.478Z,sell,2.048e-05,30.0,0.0006144
PPT/BTC,1602276098523,2020-10-09T20:41:38.523Z,sell,2.032e-05,1511.0,0.0307035199999999
PPT/BTC,1602276098523,2020-10-09T20:41:38.523Z,sell,2.031e-05,5553.0,0.11278143
PPT/BTC,1602276098523,2020-10-09T20:41:38.523Z,sell,2.03e-05,8.0,0.0001624
PPT/BTC,1602276098541,2020-10-09T20:41:38.541Z,buy,2.048e-05,87.0,0.00178176
PPT/BTC,1602276098541,2020-10-09T20:41:38.541Z,buy,2.061e-05,7.0,0.00014427
PPT/BTC,1602276098541,2020-10-09T20:41:38.541Z,buy,2.062e-05,69.0,0.00142278
PPT/BTC,1602276099308,2020-10-09T20:41:39.308Z,buy,2.058e-05,583.0,0.01199814
PPT/BTC,1602276099318,2020-10-09T20:41:39.318Z,sell,2.044e-05,245.0,0.0050078
PPT/BTC,1602276099419,2020-10-09T20:41:39.419Z,sell,2.044e-05,245.0,0.0050078
PPT/BTC,1602276099618,2020-10-09T20:41:39.618Z,sell,2.044e-05,245.0,0.0050078
PPT/BTC,1602276099618,2020-10-09T20:41:39.618Z,sell,2.044e-05,245.0,0.0050078
PPT/BTC,1602276099823,2020-10-09T20:41:39.823Z,sell,2.044e-05,192.0,0.00392448
PPT/BTC,1602276100053,2020-10-09T20:41:40.053Z,sell,2.044e-05,21.0,0.00042924
PPT/BTC,1602276100625,2020-10-09T20:41:40.625Z,sell,2.044e-05,32.0,0.00065408
PPT/BTC,1602276100747,2020-10-09T20:41:40.747Z,sell,2.044e-05,8.0,0.00016352
PPT/BTC,1602276101625,2020-10-09T20:41:41.625Z,sell,2.044e-05,39.0,0.00079716
PPT/BTC,1602276108355,2020-10-09T20:41:48.355Z,buy,2.042e-05,598.0,0.01221116
PPT/BTC,1602276110670,2020-10-09T20:41:50.670Z,buy,2.04e-05,100.0,0.00204
PPT/BTC,1602276112923,2020-10-09T20:41:52.923Z,sell,2.03e-05,8.0,0.0001624
PPT/BTC,1602276112923,2020-10-09T20:41:52.923Z,sell,2.027e-05,37.0,0.00074999
PPT/BTC,1602276112923,2020-10-09T20:41:52.923Z,sell,2.026e-05,7.0,0.00014182
PPT/BTC,1602276121121,2020-10-09T20:42:01.121Z,sell,2.026e-05,80.0,0.0016208
PPT/BTC,1602276125251,2020-10-09T20:42:05.251Z,buy,2.025e-05,2464.0,0.049896
PPT/BTC,1602276125251,2020-10-09T20:42:05.251Z,buy,2.032e-05,153.0,0.0031089599999999
PPT/BTC,1602276137397,2020-10-09T20:42:17.397Z,buy,2.04e-05,890.0,0.018156
PPT/BTC,1602276148706,2020-10-09T20:42:28.706Z,buy,2.04e-05,975.0,0.01989
PPT/BTC,1602276152786,2020-10-09T20:42:32.786Z,sell,2.029e-05,7.0,0.00014203
PPT/BTC,1602276185607,2020-10-09T20:43:05.607Z,buy,2.036e-05,33.0,0.00067188
PPT/BTC,1602276194049,2020-10-09T20:43:14.049Z,buy,2.035e-05,25.0,0.00050875
PPT/BTC,1602276208593,2020-10-09T20:43:28.593Z,buy,2.035e-05,24.0,0.0004883999999999
PPT/BTC,1602276244779,2020-10-09T20:44:04.779Z,buy,2.035e-05,9.0,0.00018315
PPT/BTC,1602276257286,2020-10-09T20:44:17.286Z,sell,2.029e-05,33.0,0.00066957
PPT/BTC,1602276302402,2020-10-09T20:45:02.402Z,buy,2.035e-05,379.0,0.00771265
PPT/BTC,1602276330722,2020-10-09T20:45:30.722Z,buy,2.035e-05,126.0,0.0025641
PPT/BTC,1602276355563,2020-10-09T20:45:55.563Z,buy,2.035e-05,31.0,0.00063085
PPT/BTC,1602276382931,2020-10-09T20:46:22.931Z,sell,2.029e-05,58.0,0.00117682
PPT/BTC,1602276382983,2020-10-09T20:46:22.983Z,buy,2.028e-05,128.0,0.00259584
PPT/BTC,1602276384058,2020-10-09T20:46:24.058Z,buy,2.028e-05,128.0,0.00259584
PPT/BTC,1602276385075,2020-10-09T20:46:25.075Z,buy,2.028e-05,128.0,0.00259584
PPT/BTC,1602276385347,2020-10-09T20:46:25.347Z,sell,2.022e-05,6.0,0.00012132
PPT/BTC,1602276386076,2020-10-09T20:46:26.076Z,buy,2.022e-05,5.0,0.0001010999999999
PPT/BTC,1602276387082,2020-10-09T20:46:27.082Z,buy,2.022e-05,5.0,0.0001010999999999
PPT/BTC,1602276388079,2020-10-09T20:46:28.079Z,buy,2.022e-05,5.0,0.0001010999999999
PPT/BTC,1602276390916,2020-10-09T20:46:30.916Z,sell,2.021e-05,130.0,0.0026273
PPT/BTC,1602276391589,2020-10-09T20:46:31.589Z,buy,2.022e-05,29.0,0.00058638
PPT/BTC,1602276409153,2020-10-09T20:46:49.153Z,sell,2.021e-05,361.0,0.00729581
PPT/BTC,1602276409153,2020-10-09T20:46:49.153Z,sell,2.02e-05,169.0,0.0034138
PPT/BTC,1602276410188,2020-10-09T20:46:50.188Z,sell,2.019e-05,8.0,0.00016152
PPT/BTC,1602276411191,2020-10-09T20:46:51.191Z,sell,2.016e-05,30.0,0.0006048
PPT/BTC,1602276412198,2020-10-09T20:46:52.198Z,sell,2.009e-05,19.0,0.00038171
PPT/BTC,1602276413222,2020-10-09T20:46:53.222Z,sell,2.009e-05,19.0,0.00038171
PPT/BTC,1602276414285,2020-10-09T20:46:54.285Z,sell,2.009e-05,19.0,0.00038171
PPT/BTC,1602276415295,2020-10-09T20:46:55.295Z,sell,2.009e-05,19.0,0.00038171
PPT/BTC,1602276416300,2020-10-09T20:46:56.300Z,sell,2.009e-05,19.0,0.00038171
PPT/BTC,1602276417298,2020-10-09T20:46:57.298Z,sell,2.009e-05,19.0,0.00038171
PPT/BTC,1602276417809,2020-10-09T20:46:57.809Z,sell,2.009e-05,66.0,0.0013259399999999
PPT/BTC,1602276417809,2020-10-09T20:46:57.809Z,sell,2.008e-05,14.0,0.00028112
PPT/BTC,1602276417809,2020-10-09T20:46:57.809Z,sell,2.006e-05,31.0,0.00062186
PPT/BTC,1602276418396,2020-10-09T20:46:58.396Z,sell,2.006e-05,14.0,0.00028084
PPT/BTC,1602276419401,2020-10-09T20:46:59.401Z,sell,2.005e-05,107.0,0.00214535
PPT/BTC,1602276420397,2020-10-09T20:47:00.397Z,sell,2.001e-05,155.0,0.00310155
PPT/BTC,1602276422066,2020-10-09T20:47:02.066Z,sell,2.001e-05,130.0,0.0026013
PPT/BTC,1602276422066,2020-10-09T20:47:02.066Z,sell,1.996e-05,45.0,0.0008981999999999
PPT/BTC,1602276422066,2020-10-09T20:47:02.066Z,sell,1.987e-05,158.0,0.00313946
PPT/BTC,1602276429704,2020-10-09T20:47:09.704Z,buy,1.995e-05,7203.0,0.14369985
PPT/BTC,1602276429704,2020-10-09T20:47:09.704Z,buy,1.998e-05,1115.0,0.0222776999999999
PPT/BTC,1602276429704,2020-10-09T20:47:09.704Z,buy,2.004e-05,24.0,0.00048096
PPT/BTC,1602276467085,2020-10-09T20:47:47.085Z,buy,1.997e-05,55.0,0.00109835
PPT/BTC,1602276488644,2020-10-09T20:48:08.644Z,sell,1.988e-05,107.0,0.00212716
PPT/BTC,1602276488644,2020-10-09T20:48:08.644Z,sell,1.986e-05,723.0,0.01435878
PPT/BTC,1602276500556,2020-10-09T20:48:20.556Z,sell,1.987e-05,100.0,0.001987
PPT/BTC,1602276500556,2020-10-09T20:48:20.556Z,sell,1.985e-05,2.0,3.97e-05
PPT/BTC,1602276523205,2020-10-09T20:48:43.205Z,buy,1.994e-05,57.0,0.0011365799999999
PPT/BTC,1602276659527,2020-10-09T20:50:59.527Z,sell,1.986e-05,201.0,0.00399186
PPT/BTC,1602276659527,2020-10-09T20:50:59.527Z,sell,1.985e-05,190.0,0.0037715
PPT/BTC,1602276659774,2020-10-09T20:50:59.774Z,buy,1.984e-05,6.0,0.00011904
PPT/BTC,1602276698411,2020-10-09T20:51:38.411Z,buy,1.982e-05,584.0,0.01157488
PPT/BTC,1602276698411,2020-10-09T20:51:38.411Z,buy,1.983e-05,436.0,0.00864588
PPT/BTC,1602276698411,2020-10-09T20:51:38.411Z,buy,1.984e-05,98.0,0.00194432
PPT/BTC,1602276706172,2020-10-09T20:51:46.172Z,sell,1.976e-05,100.0,0.001976
PPT/BTC,1602276706172,2020-10-09T20:51:46.172Z,sell,1.975e-05,45.0,0.00088875
PPT/BTC,1602276706172,2020-10-09T20:51:46.172Z,sell,1.974e-05,8.0,0.00015792
PPT/BTC,1602276706172,2020-10-09T20:51:46.172Z,sell,1.97e-05,15.0,0.0002955
PPT/BTC,1602276706172,2020-10-09T20:51:46.172Z,sell,1.969e-05,724.0,0.01425556
PPT/BTC,1602276706172,2020-10-09T20:51:46.172Z,sell,1.968e-05,233.0,0.00458544
PPT/BTC,1602276706172,2020-10-09T20:51:46.172Z,sell,1.966e-05,381.0,0.00749046
PPT/BTC,1602276706172,2020-10-09T20:51:46.172Z,sell,1.965e-05,2196.0,0.0431514
PPT/BTC,1602276747657,2020-10-09T20:52:27.657Z,buy,1.977e-05,202.0,0.0039935399999999
PPT/BTC,1602276757722,2020-10-09T20:52:37.722Z,buy,1.977e-05,202.0,0.0039935399999999
PPT/BTC,1602276767662,2020-10-09T20:52:47.662Z,buy,1.975e-05,202.0,0.0039895
PPT/BTC,1602276777636,2020-10-09T20:52:57.636Z,buy,1.974e-05,92.0,0.00181608
PPT/BTC,1602276777636,2020-10-09T20:52:57.636Z,buy,1.976e-05,108.0,0.00213408
PPT/BTC,1602276777636,2020-10-09T20:52:57.636Z,buy,1.977e-05,2.0,3.954e-05
PPT/BTC,1602276782632,2020-10-09T20:53:02.632Z,buy,1.975e-05,202.0,0.0039895
PPT/BTC,1602276787674,2020-10-09T20:53:07.674Z,buy,1.975e-05,202.0,0.0039895
PPT/BTC,1602276797644,2020-10-09T20:53:17.644Z,buy,1.977e-05,202.0,0.0039935399999999
PPT/BTC,1602276807653,2020-10-09T20:53:27.653Z,buy,1.977e-05,202.0,0.0039935399999999
PPT/BTC,1602276807653,2020-10-09T20:53:27.653Z,buy,1.977e-05,202.0,0.0039935399999999
PPT/BTC,1602276817672,2020-10-09T20:53:37.672Z,buy,1.977e-05,202.0,0.0039935399999999
PPT/BTC,1602276827647,2020-10-09T20:53:47.647Z,buy,1.977e-05,206.0,0.00407262
PPT/BTC,1602276881877,2020-10-09T20:54:41.877Z,sell,1.969e-05,101.0,0.00198869
PPT/BTC,1602276881877,2020-10-09T20:54:41.877Z,sell,1.968e-05,789.0,0.01552752
PPT/BTC,1602276891138,2020-10-09T20:54:51.138Z,sell,1.969e-05,101.0,0.00198869
PPT/BTC,1602276891138,2020-10-09T20:54:51.138Z,sell,1.968e-05,46.0,0.00090528
PPT/BTC,1602277053834,2020-10-09T20:57:33.834Z,sell,1.969e-05,445.0,0.00876205
PPT/BTC,1602277093574,2020-10-09T20:58:13.574Z,buy,1.974e-05,648.0,0.01279152
PPT/BTC,1602277093984,2020-10-09T20:58:13.984Z,buy,1.974e-05,192.0,0.00379008
PPT/BTC,1602277095080,2020-10-09T20:58:15.080Z,buy,1.975e-05,236.0,0.0046609999999999
PPT/BTC,1602277112833,2020-10-09T20:58:32.833Z,buy,1.975e-05,21.0,0.0004147499999999
PPT/BTC,1602277117595,2020-10-09T20:58:37.595Z,sell,1.969e-05,292.0,0.0057494799999999
PPT/BTC,1602277117595,2020-10-09T20:58:37.595Z,sell,1.968e-05,382.0,0.00751776
PPT/BTC,1602278105077,2020-10-09T21:15:05.077Z,buy,1.975e-05,500.0,0.009875
PPT/BTC,1602278467704,2020-10-09T21:21:07.704Z,sell,1.968e-05,20.0,0.0003936
PPT/BTC,1602278467704,2020-10-09T21:21:07.704Z,sell,1.964e-05,42.0,0.00082488
PPT/BTC,1602278650981,2020-10-09T21:24:10.981Z,buy,1.974e-05,101.0,0.00199374
PPT/BTC,1602278650981,2020-10-09T21:24:10.981Z,buy,1.975e-05,309.0,0.00610275
PPT/BTC,1602278757840,2020-10-09T21:25:57.840Z,buy,1.975e-05,933.0,0.01842675
PPT/BTC,1602278859449,2020-10-09T21:27:39.449Z,buy,1.975e-05,887.0,0.01751825
PPT/BTC,1602278881421,2020-10-09T21:28:01.421Z,sell,1.964e-05,184.0,0.0036137599999999
PPT/BTC,1602278903132,2020-10-09T21:28:23.132Z,sell,1.963e-05,8.0,0.00015704
PPT/BTC,1602278903132,2020-10-09T21:28:23.132Z,sell,1.959e-05,8.0,0.00015672
PPT/BTC,1602278903236,2020-10-09T21:28:23.236Z,buy,1.959e-05,245.0,0.00479955
PPT/BTC,1602279023831,2020-10-09T21:30:23.831Z,buy,1.971e-05,172.0,0.00339012
PPT/BTC,1602279142145,2020-10-09T21:32:22.145Z,buy,1.969e-05,585.0,0.01151865
PPT/BTC,1602279243823,2020-10-09T21:34:03.823Z,sell,1.96e-05,303.0,0.0059387999999999
PPT/BTC,1602279243823,2020-10-09T21:34:03.823Z,sell,1.955e-05,55.0,0.00107525
PPT/BTC,1602279243823,2020-10-09T21:34:03.823Z,sell,1.953e-05,77.0,0.00150381
PPT/BTC,1602279243823,2020-10-09T21:34:03.823Z,sell,1.952e-05,8.0,0.00015616
PPT/BTC,1602279243823,2020-10-09T21:34:03.823Z,sell,1.949e-05,478.0,0.00931622
PPT/BTC,1602279243823,2020-10-09T21:34:03.823Z,sell,1.948e-05,385.0,0.0074998
PPT/BTC,1602279243823,2020-10-09T21:34:03.823Z,sell,1.947e-05,11.0,0.00021417
PPT/BTC,1602279243823,2020-10-09T21:34:03.823Z,sell,1.946e-05,617.0,0.01200682
PPT/BTC,1602279244039,2020-10-09T21:34:04.039Z,buy,1.948e-05,1129.0,0.02199292
PPT/BTC,1602279244136,2020-10-09T21:34:04.136Z,buy,1.948e-05,564.0,0.01098672
PPT/BTC,1602279244282,2020-10-09T21:34:04.282Z,buy,1.948e-05,886.0,0.01725928
PPT/BTC,1602279244293,2020-10-09T21:34:04.293Z,buy,1.948e-05,400.0,0.007792
PPT/BTC,1602279327565,2020-10-09T21:35:27.565Z,sell,1.947e-05,96.0,0.00186912
PPT/BTC,1602279327625,2020-10-09T21:35:27.625Z,sell,1.947e-05,212.0,0.00412764
PPT/BTC,1602279327625,2020-10-09T21:35:27.625Z,sell,1.946e-05,355.0,0.0069083
PPT/BTC,1602279602002,2020-10-09T21:40:02.002Z,buy,1.954e-05,115.0,0.0022470999999999
PPT/BTC,1602279608820,2020-10-09T21:40:08.820Z,buy,1.954e-05,187.0,0.00365398
PPT/BTC,1602279681631,2020-10-09T21:41:21.631Z,buy,1.954e-05,579.0,0.01131366
PPT/BTC,1602279765456,2020-10-09T21:42:45.456Z,buy,1.962e-05,412.0,0.0080834399999999
PPT/BTC,1602279961697,2020-10-09T21:46:01.697Z,buy,1.962e-05,10.0,0.0001962
PPT/BTC,1602279961697,2020-10-09T21:46:01.697Z,buy,1.963e-05,8.0,0.00015704
PPT/BTC,1602279961697,2020-10-09T21:46:01.697Z,buy,1.965e-05,162.0,0.0031833
PPT/BTC,1602280004083,2020-10-09T21:46:44.083Z,buy,1.966e-05,658.0,0.01293628
PPT/BTC,1602280004083,2020-10-09T21:46:44.083Z,buy,1.971e-05,1047.0,0.0206363699999999
PPT/BTC,1602280004083,2020-10-09T21:46:44.083Z,buy,1.971e-05,50.0,0.0009855
PPT/BTC,1602280018798,2020-10-09T21:46:58.798Z,buy,1.969e-05,324.0,0.00637956
PPT/BTC,1602280203211,2020-10-09T21:50:03.211Z,sell,1.962e-05,454.0,0.0089074799999999
PPT/BTC,1602280203211,2020-10-09T21:50:03.211Z,sell,1.96e-05,2508.0,0.0491567999999999
PPT/BTC,1602280203211,2020-10-09T21:50:03.211Z,sell,1.959e-05,224.0,0.00438816
PPT/BTC,1602280203211,2020-10-09T21:50:03.211Z,sell,1.958e-05,318.0,0.00622644
PPT/BTC,1602280393016,2020-10-09T21:53:13.016Z,sell,1.958e-05,10.0,0.0001958
PPT/BTC,1602280398302,2020-10-09T21:53:18.302Z,buy,1.958e-05,345.0,0.0067551
PPT/BTC,1602280398302,2020-10-09T21:53:18.302Z,buy,1.965e-05,107.0,0.00210255
PPT/BTC,1602280398302,2020-10-09T21:53:18.302Z,buy,1.958e-05,345.0,0.0067551
PPT/BTC,1602280398302,2020-10-09T21:53:18.302Z,buy,1.965e-05,107.0,0.00210255
PPT/BTC,1602280944423,2020-10-09T22:02:24.423Z,buy,1.962e-05,6.0,0.0001177199999999
PPT/BTC,1602280964841,2020-10-09T22:02:44.841Z,buy,1.964e-05,10.0,0.0001963999999999
PPT/BTC,1602280964899,2020-10-09T22:02:44.899Z,buy,1.964e-05,7.0,0.00013748
PPT/BTC,1602280965357,2020-10-09T22:02:45.357Z,buy,1.964e-05,252.0,0.0049492799999999
PPT/BTC,1602280965531,2020-10-09T22:02:45.531Z,buy,1.964e-05,49.0,0.0009623599999999
PPT/BTC,1602280965531,2020-10-09T22:02:45.531Z,buy,1.966e-05,153.0,0.00300798
PPT/BTC,1602280965707,2020-10-09T22:02:45.707Z,buy,1.966e-05,171.0,0.00336186
PPT/BTC,1602280965723,2020-10-09T22:02:45.723Z,buy,1.966e-05,106.0,0.00208396
PPT/BTC,1602280966382,2020-10-09T22:02:46.382Z,buy,1.966e-05,66.0,0.00129756
PPT/BTC,1602280966382,2020-10-09T22:02:46.382Z,buy,1.968e-05,75.0,0.001476
PPT/BTC,1602280966711,2020-10-09T22:02:46.711Z,buy,1.968e-05,60.0,0.0011808
PPT/BTC,1602280967615,2020-10-09T22:02:47.615Z,buy,1.968e-05,101.0,0.00198768
PPT/BTC,1602280967710,2020-10-09T22:02:47.710Z,buy,1.968e-05,75.0,0.001476
PPT/BTC,1602280968165,2020-10-09T22:02:48.165Z,buy,1.968e-05,40.0,0.0007872
PPT/BTC,1602280969305,2020-10-09T22:02:49.305Z,buy,1.968e-05,321.0,0.00631728
PPT/BTC,1602280969305,2020-10-09T22:02:49.305Z,buy,1.974e-05,8.0,0.00015792
PPT/BTC,1602280969305,2020-10-09T22:02:49.305Z,buy,1.975e-05,73.0,0.0014417499999999
PPT/BTC,1602280969305,2020-10-09T22:02:49.305Z,buy,1.979e-05,617.0,0.01221043
PPT/BTC,1602280969305,2020-10-09T22:02:49.305Z,buy,1.981e-05,38.0,0.00075278
PPT/BTC,1602280969317,2020-10-09T22:02:49.317Z,sell,1.983e-05,1103.0,0.02187249
PPT/BTC,1602280969425,2020-10-09T22:02:49.425Z,sell,1.983e-05,551.0,0.01092633
PPT/BTC,1602280969521,2020-10-09T22:02:49.521Z,sell,1.983e-05,275.0,0.00545325
PPT/BTC,1602280969824,2020-10-09T22:02:49.824Z,sell,1.983e-05,137.0,0.00271671
PPT/BTC,1602280969924,2020-10-09T22:02:49.924Z,sell,1.983e-05,69.0,0.00136827
PPT/BTC,1602280972258,2020-10-09T22:02:52.258Z,buy,1.985e-05,8.0,0.0001588
PPT/BTC,1602280972258,2020-10-09T22:02:52.258Z,buy,1.986e-05,4.0,7.944e-05
PPT/BTC,1602280972382,2020-10-09T22:02:52.382Z,buy,1.986e-05,34.0,0.00067524
PPT/BTC,1602280972382,2020-10-09T22:02:52.382Z,buy,1.994e-05,191.0,0.0038085399999999
PPT/BTC,1602280972382,2020-10-09T22:02:52.382Z,buy,1.996e-05,8.0,0.00015968
PPT/BTC,1602280972390,2020-10-09T22:02:52.390Z,sell,1.998e-05,57.0,0.00113886
PPT/BTC,1602280972526,2020-10-09T22:02:52.526Z,sell,1.998e-05,128.0,0.00255744
PPT/BTC,1602280972530,2020-10-09T22:02:52.530Z,sell,1.998e-05,428.0,0.0085514399999999
PPT/BTC,1602280973408,2020-10-09T22:02:53.408Z,sell,1.998e-05,308.0,0.00615384
PPT/BTC,1602280984737,2020-10-09T22:03:04.737Z,sell,1.998e-05,6.0,0.00011988
PPT/BTC,1602280985019,2020-10-09T22:03:05.019Z,sell,1.998e-05,10.0,0.0001997999999999
PPT/BTC,1602280991495,2020-10-09T22:03:11.495Z,sell,1.998e-05,458.0,0.0091508399999999
PPT/BTC,1602281008851,2020-10-09T22:03:28.851Z,sell,1.998e-05,153.0,0.0030569399999999
PPT/BTC,1602281148903,2020-10-09T22:05:48.903Z,sell,1.985e-05,8.0,0.0001588
PPT/BTC,1602281148929,2020-10-09T22:05:48.929Z,buy,1.985e-05,377.0,0.00748345
PPT/BTC,1602281291714,2020-10-09T22:08:11.714Z,buy,1.996e-05,8.0,0.00015968
PPT/BTC,1602281291714,2020-10-09T22:08:11.714Z,buy,1.998e-05,827.0,0.01652346
PPT/BTC,1602281291714,2020-10-09T22:08:11.714Z,buy,2.004e-05,478.0,0.00957912
PPT/BTC,1602281291714,2020-10-09T22:08:11.714Z,buy,2.005e-05,412.0,0.0082606
PPT/BTC,1602281353373,2020-10-09T22:09:13.373Z,buy,1.997e-05,37.0,0.00073889
PPT/BTC,1602281617639,2020-10-09T22:13:37.639Z,buy,1.996e-05,6.0,0.0001197599999999
PPT/BTC,1602282081770,2020-10-09T22:21:21.770Z,sell,1.997e-05,21.0,0.00041937
PPT/BTC,1602282280465,2020-10-09T22:24:40.465Z,buy,1.997e-05,50.0,0.0009985
PPT/BTC,1602282280482,2020-10-09T22:24:40.482Z,sell,1.997e-05,246.0,0.00491262
PPT/BTC,1602282344403,2020-10-09T22:25:44.403Z,buy,1.997e-05,158.0,0.00315526
PPT/BTC,1602282344403,2020-10-09T22:25:44.403Z,buy,1.998e-05,563.0,0.0112487399999999
PPT/BTC,1602283514237,2020-10-09T22:45:14.237Z,buy,2.002e-05,15.0,0.0003003
PPT/BTC,1602283514237,2020-10-09T22:45:14.237Z,buy,2.005e-05,5.0,0.00010025
PPT/BTC,1602283514237,2020-10-09T22:45:14.237Z,buy,2.007e-05,515.0,0.01033605
PPT/BTC,1602283521278,2020-10-09T22:45:21.278Z,buy,2.006e-05,132.0,0.00264792
PPT/BTC,1602283523024,2020-10-09T22:45:23.024Z,buy,2.006e-05,43.0,0.00086258
PPT/BTC,1602283540338,2020-10-09T22:45:40.338Z,sell,1.989e-05,184.0,0.00365976
PPT/BTC,1602283589362,2020-10-09T22:46:29.362Z,buy,2e-05,184.0,0.00368
PPT/BTC,1602283589362,2020-10-09T22:46:29.362Z,buy,2.006e-05,285.0,0.0057171
PPT/BTC,1602283589362,2020-10-09T22:46:29.362Z,buy,2.007e-05,210.0,0.0042147
PPT/BTC,1602283592624,2020-10-09T22:46:32.624Z,sell,2.007e-05,110.0,0.0022077
PPT/BTC,1602283615611,2020-10-09T22:46:55.611Z,sell,2.007e-05,50.0,0.0010035
PPT/BTC,1602283777977,2020-10-09T22:49:37.977Z,buy,2.008e-05,149.0,0.00299192
PPT/BTC,1602283777977,2020-10-09T22:49:37.977Z,buy,2.009e-05,275.0,0.00552475
PPT/BTC,1602283777977,2020-10-09T22:49:37.977Z,buy,2.01e-05,158.0,0.0031758
PPT/BTC,1602283792490,2020-10-09T22:49:52.490Z,sell,2.007e-05,21.0,0.0004214699999999
PPT/BTC,1602283811408,2020-10-09T22:50:11.408Z,buy,2.016e-05,661.0,0.01332576
PPT/BTC,1602283811408,2020-10-09T22:50:11.408Z,buy,2.017e-05,277.0,0.0055870899999999
PPT/BTC,1602283811408,2020-10-09T22:50:11.408Z,buy,2.019e-05,8.0,0.00016152
PPT/BTC,1602283811408,2020-10-09T22:50:11.408Z,buy,2.02e-05,790.0,0.015958
PPT/BTC,1602283811408,2020-10-09T22:50:11.408Z,buy,2.022e-05,2713.0,0.05485686
PPT/BTC,1602283814174,2020-10-09T22:50:14.174Z,buy,2.022e-05,428.0,0.00865416
PPT/BTC,1602283869308,2020-10-09T22:51:09.308Z,buy,2.022e-05,20.0,0.0004043999999999
PPT/BTC,1602283881956,2020-10-09T22:51:21.956Z,buy,2.022e-05,5.0,0.0001010999999999
PPT/BTC,1602283888749,2020-10-09T22:51:28.749Z,buy,2.022e-05,22.0,0.00044484
PPT/BTC,1602283928102,2020-10-09T22:52:08.102Z,sell,2.022e-05,10.0,0.0002021999999999
PPT/BTC,1602283934227,2020-10-09T22:52:14.227Z,buy,2.025e-05,18.0,0.0003645
PPT/BTC,1602283934227,2020-10-09T22:52:14.227Z,buy,2.025e-05,18.0,0.0003645
PPT/BTC,1602284074581,2020-10-09T22:54:34.581Z,buy,2.023e-05,2370.0,0.0479451
PPT/BTC,1602284305123,2020-10-09T22:58:25.123Z,sell,2.013e-05,751.0,0.0151176299999999
PPT/BTC,1602284672634,2020-10-09T23:04:32.634Z,sell,2.013e-05,16.0,0.00032208
PPT/BTC,1602284748331,2020-10-09T23:05:48.331Z,sell,2.014e-05,79.0,0.00159106
PPT/BTC,1602284779867,2020-10-09T23:06:19.867Z,sell,2.015e-05,299.0,0.0060248499999999
PPT/BTC,1602284779867,2020-10-09T23:06:19.867Z,sell,2.014e-05,312.0,0.00628368
PPT/BTC,1602285191543,2020-10-09T23:13:11.543Z,sell,2.014e-05,196.0,0.00394744
PPT/BTC,1602285191543,2020-10-09T23:13:11.543Z,sell,2.013e-05,920.0,0.0185195999999999
PPT/BTC,1602285390810,2020-10-09T23:16:30.810Z,buy,2.016e-05,136.0,0.00274176
PPT/BTC,1602286037139,2020-10-09T23:27:17.139Z,sell,2.008e-05,8.0,0.00016064
PPT/BTC,1602286037139,2020-10-09T23:27:17.139Z,sell,2.007e-05,1400.0,0.0280979999999999
PPT/BTC,1602286037139,2020-10-09T23:27:17.139Z,sell,2.006e-05,934.0,0.01873604
PPT/BTC,1602286037139,2020-10-09T23:27:17.139Z,sell,2.004e-05,60.0,0.0012024
PPT/BTC,1602286037139,2020-10-09T23:27:17.139Z,sell,2.003e-05,31.0,0.00062093
PPT/BTC,1602286037139,2020-10-09T23:27:17.139Z,sell,2.002e-05,48.0,0.00096096
PPT/BTC,1602286037139,2020-10-09T23:27:17.139Z,sell,2.001e-05,412.0,0.00824412
PPT/BTC,1602286037139,2020-10-09T23:27:17.139Z,sell,2e-05,1250.0,0.025
PPT/BTC,1602286056502,2020-10-09T23:27:36.502Z,sell,1.996e-05,8.0,0.00015968
PPT/BTC,1602286056502,2020-10-09T23:27:36.502Z,sell,1.994e-05,89.0,0.00177466
PPT/BTC,1602286056502,2020-10-09T23:27:36.502Z,sell,1.993e-05,2114.0,0.04213202
PPT/BTC,1602286056502,2020-10-09T23:27:36.502Z,sell,1.992e-05,64.0,0.00127488
PPT/BTC,1602286056622,2020-10-09T23:27:36.622Z,sell,1.992e-05,428.0,0.00852576
PPT/BTC,1602286182568,2020-10-09T23:29:42.568Z,sell,1.995e-05,567.0,0.01131165
PPT/BTC,1602286291698,2020-10-09T23:31:31.698Z,sell,1.992e-05,10.0,0.0001992
PPT/BTC,1602286291698,2020-10-09T23:31:31.698Z,sell,1.987e-05,10.0,0.0001987
PPT/BTC,1602286501088,2020-10-09T23:35:01.088Z,sell,1.985e-05,17.0,0.00033745
PPT/BTC,1602286501088,2020-10-09T23:35:01.088Z,sell,1.984e-05,74.0,0.00146816
PPT/BTC,1602286501088,2020-10-09T23:35:01.088Z,sell,1.983e-05,39.0,0.00077337
PPT/BTC,1602286501088,2020-10-09T23:35:01.088Z,sell,1.981e-05,90.0,0.0017828999999999
PPT/BTC,1602286501088,2020-10-09T23:35:01.088Z,sell,1.979e-05,287.0,0.0056797299999999
PPT/BTC,1602286783856,2020-10-09T23:39:43.856Z,sell,1.98e-05,380.0,0.007524
PPT/BTC,1602286785052,2020-10-09T23:39:45.052Z,sell,1.98e-05,881.0,0.0174438
PPT/BTC,1602286786133,2020-10-09T23:39:46.133Z,buy,1.98e-05,336.0,0.0066528
PPT/BTC,1602287368782,2020-10-09T23:49:28.782Z,sell,1.979e-05,807.0,0.01597053
PPT/BTC,1602287378266,2020-10-09T23:49:38.266Z,sell,1.979e-05,69.0,0.00136551
PPT/BTC,1602287378373,2020-10-09T23:49:38.373Z,sell,1.979e-05,236.0,0.00467044
PPT/BTC,1602287378373,2020-10-09T23:49:38.373Z,sell,1.978e-05,1516.0,0.02998648
PPT/BTC,1602287378373,2020-10-09T23:49:38.373Z,sell,1.977e-05,178.0,0.0035190599999999
PPT/BTC,1602287455899,2020-10-09T23:50:55.899Z,sell,1.976e-05,699.0,0.01381224
PPT/BTC,1602287455899,2020-10-09T23:50:55.899Z,sell,1.976e-05,699.0,0.01381224
PPT/BTC,1602287596422,2020-10-09T23:53:16.422Z,buy,1.992e-05,8.0,0.00015936
PPT/BTC,1602288733342,2020-10-10T00:12:13.342Z,sell,1.98e-05,76.0,0.0015048
PPT/BTC,1602288733342,2020-10-10T00:12:13.342Z,sell,1.974e-05,8.0,0.00015792
PPT/BTC,1602288733342,2020-10-10T00:12:13.342Z,sell,1.968e-05,25.0,0.000492
PPT/BTC,1602288733342,2020-10-10T00:12:13.342Z,sell,1.964e-05,782.0,0.0153584799999999
PPT/BTC,1602288733342,2020-10-10T00:12:13.342Z,sell,1.963e-05,2336.0,0.04585568
PPT/BTC,1602288733342,2020-10-10T00:12:13.342Z,sell,1.962e-05,9480.0,0.1859975999999999
PPT/BTC,1602288733342,2020-10-10T00:12:13.342Z,sell,1.961e-05,543.0,0.01064823
PPT/BTC,1602288768068,2020-10-10T00:12:48.068Z,sell,1.96e-05,13.0,0.0002547999999999
PPT/BTC,1602288768068,2020-10-10T00:12:48.068Z,sell,1.953e-05,629.0,0.01228437
PPT/BTC,1602288768068,2020-10-10T00:12:48.068Z,sell,1.952e-05,227.0,0.00443104
PPT/BTC,1602288768311,2020-10-10T00:12:48.311Z,buy,1.96e-05,92.0,0.0018031999999999
PPT/BTC,1602288942131,2020-10-10T00:15:42.131Z,buy,1.958e-05,190.0,0.0037202
PPT/BTC,1602288964868,2020-10-10T00:16:04.868Z,buy,1.959e-05,508.0,0.00995172
PPT/BTC,1602289294380,2020-10-10T00:21:34.380Z,buy,1.959e-05,79.0,0.00154761
PPT/BTC,1602289294380,2020-10-10T00:21:34.380Z,buy,1.96e-05,2894.0,0.0567224
PPT/BTC,1602289294602,2020-10-10T00:21:34.602Z,buy,1.96e-05,920.0,0.018032
PPT/BTC,1602289513969,2020-10-10T00:25:13.969Z,sell,1.958e-05,999.0,0.01956042
PPT/BTC,1602289658291,2020-10-10T00:27:38.291Z,sell,1.958e-05,741.0,0.0145087799999999
PPT/BTC,1602289670857,2020-10-10T00:27:50.857Z,sell,1.958e-05,258.0,0.00505164
PPT/BTC,1602289875466,2020-10-10T00:31:15.466Z,buy,1.963e-05,279.0,0.00547677
PPT/BTC,1602289875476,2020-10-10T00:31:15.476Z,buy,1.963e-05,256.0,0.00502528
PPT/BTC,1602289967402,2020-10-10T00:32:47.402Z,buy,1.966e-05,508.0,0.00998728
PPT/BTC,1602290038608,2020-10-10T00:33:58.608Z,buy,1.964e-05,152.0,0.00298528
PPT/BTC,1602290043003,2020-10-10T00:34:03.003Z,sell,1.966e-05,240.0,0.0047184
PPT/BTC,1602290043104,2020-10-10T00:34:03.104Z,sell,1.966e-05,120.0,0.0023592
PPT/BTC,1602290157369,2020-10-10T00:35:57.369Z,sell,1.966e-05,19.0,0.00037354
PPT/BTC,1602290309119,2020-10-10T00:38:29.119Z,sell,1.959e-05,136.0,0.00266424
PPT/BTC,1602290335738,2020-10-10T00:38:55.738Z,sell,1.959e-05,229.0,0.00448611
PPT/BTC,1602290348868,2020-10-10T00:39:08.868Z,sell,1.959e-05,10.0,0.0001959
PPT/BTC,1602290348868,2020-10-10T00:39:08.868Z,sell,1.958e-05,40.0,0.0007832
PPT/BTC,1602290392950,2020-10-10T00:39:52.950Z,sell,1.959e-05,536.0,0.01050024
PPT/BTC,1602290796106,2020-10-10T00:46:36.106Z,buy,1.964e-05,19.0,0.00037316
PPT/BTC,1602290796106,2020-10-10T00:46:36.106Z,buy,1.964e-05,19.0,0.00037316
PPT/BTC,1602291557546,2020-10-10T00:59:17.546Z,buy,1.962e-05,137.0,0.0026879399999999
PPT/BTC,1602291557546,2020-10-10T00:59:17.546Z,buy,1.963e-05,27.0,0.00053001
PPT/BTC,1602291557546,2020-10-10T00:59:17.546Z,buy,1.964e-05,900.0,0.0176759999999999
PPT/BTC,1602291557564,2020-10-10T00:59:17.564Z,buy,1.964e-05,25.0,0.000491
PPT/BTC,1602291557740,2020-10-10T00:59:17.740Z,buy,1.965e-05,283.0,0.00556095
PPT/BTC,1602291557740,2020-10-10T00:59:17.740Z,buy,1.968e-05,23.0,0.00045264
PPT/BTC,1602291688742,2020-10-10T01:01:28.742Z,buy,1.968e-05,192.0,0.00377856
PPT/BTC,1602291743731,2020-10-10T01:02:23.731Z,buy,1.973e-05,28.0,0.00055244
PPT/BTC,1602291743731,2020-10-10T01:02:23.731Z,buy,1.974e-05,8.0,0.00015792
PPT/BTC,1602291743731,2020-10-10T01:02:23.731Z,buy,1.976e-05,77.0,0.00152152
PPT/BTC,1602291834707,2020-10-10T01:03:54.707Z,buy,1.976e-05,62.0,0.00122512
PPT/BTC,1602291845118,2020-10-10T01:04:05.118Z,sell,1.976e-05,240.0,0.0047424
PPT/BTC,1602291845133,2020-10-10T01:04:05.133Z,sell,1.976e-05,232.0,0.00458432
PPT/BTC,1602291845391,2020-10-10T01:04:05.391Z,sell,1.976e-05,115.0,0.0022724
PPT/BTC,1602291846193,2020-10-10T01:04:06.193Z,sell,1.976e-05,58.0,0.00114608
PPT/BTC,1602292110101,2020-10-10T01:08:30.101Z,buy,1.978e-05,28.0,0.00055384
PPT/BTC,1602292129731,2020-10-10T01:08:49.731Z,buy,1.978e-05,6.0,0.00011868
PPT/BTC,1602292141100,2020-10-10T01:09:01.100Z,buy,1.978e-05,13.0,0.00025714
PPT/BTC,1602292141100,2020-10-10T01:09:01.100Z,buy,1.985e-05,8.0,0.0001588
PPT/BTC,1602292141100,2020-10-10T01:09:01.100Z,buy,1.987e-05,815.0,0.01619405
PPT/BTC,1602292181901,2020-10-10T01:09:41.901Z,buy,1.987e-05,7.0,0.00013909
PPT/BTC,1602292181901,2020-10-10T01:09:41.901Z,buy,1.988e-05,1674.0,0.03327912
PPT/BTC,1602292215162,2020-10-10T01:10:15.162Z,buy,1.988e-05,1706.0,0.03391528
PPT/BTC,1602292215162,2020-10-10T01:10:15.162Z,buy,1.989e-05,9174.0,0.18247086
PPT/BTC,1602292215194,2020-10-10T01:10:15.194Z,buy,1.99e-05,609.0,0.0121190999999999
PPT/BTC,1602292218336,2020-10-10T01:10:18.336Z,sell,1.991e-05,891.0,0.01773981
PPT/BTC,1602292280547,2020-10-10T01:11:20.547Z,sell,1.99e-05,424.0,0.0084376
PPT/BTC,1602292388196,2020-10-10T01:13:08.196Z,sell,1.99e-05,10.0,0.0001989999999999
PPT/BTC,1602292431780,2020-10-10T01:13:51.780Z,buy,1.994e-05,65.0,0.0012961
PPT/BTC,1602292653140,2020-10-10T01:17:33.140Z,sell,1.989e-05,183.0,0.00363987
PPT/BTC,1602292653152,2020-10-10T01:17:33.152Z,sell,1.989e-05,508.0,0.01010412
PPT/BTC,1602292653161,2020-10-10T01:17:33.161Z,sell,1.989e-05,428.0,0.00851292
PPT/BTC,1602292653441,2020-10-10T01:17:33.441Z,sell,1.989e-05,558.0,0.01109862
PPT/BTC,1602292653735,2020-10-10T01:17:33.735Z,sell,1.989e-05,278.0,0.00552942
PPT/BTC,1602292654033,2020-10-10T01:17:34.033Z,sell,1.989e-05,139.0,0.00276471
PPT/BTC,1602292654134,2020-10-10T01:17:34.134Z,sell,1.989e-05,69.0,0.00137241
PPT/BTC,1602293339333,2020-10-10T01:28:59.333Z,sell,1.989e-05,226.0,0.00449514
PPT/BTC,1602293339343,2020-10-10T01:28:59.343Z,sell,1.989e-05,113.0,0.00224757
PPT/BTC,1602293729102,2020-10-10T01:35:29.102Z,buy,1.994e-05,73.0,0.00145562
PPT/BTC,1602293735475,2020-10-10T01:35:35.475Z,buy,1.994e-05,2.0,3.988e-05
PPT/BTC,1602293735541,2020-10-10T01:35:35.541Z,buy,1.995e-05,428.0,0.0085386
PPT/BTC,1602293773721,2020-10-10T01:36:13.721Z,buy,1.995e-05,19.0,0.00037905
PPT/BTC,1602293818386,2020-10-10T01:36:58.386Z,buy,1.995e-05,24.0,0.0004788
PPT/BTC,1602293818386,2020-10-10T01:36:58.386Z,buy,1.995e-05,24.0,0.0004788
PPT/BTC,1602294577485,2020-10-10T01:49:37.485Z,buy,1.995e-05,102.0,0.0020349
PPT/BTC,1602294600772,2020-10-10T01:50:00.772Z,sell,1.995e-05,541.0,0.01079295
PPT/BTC,1602294691017,2020-10-10T01:51:31.017Z,sell,1.99e-05,157.0,0.0031243
PPT/BTC,1602295521174,2020-10-10T02:05:21.174Z,sell,1.993e-05,170.0,0.0033881
PPT/BTC,1602295521565,2020-10-10T02:05:21.565Z,sell,1.993e-05,115.0,0.00229195
PPT/BTC,1602295594211,2020-10-10T02:06:34.211Z,sell,1.993e-05,123.0,0.00245139
PPT/BTC,1602295594591,2020-10-10T02:06:34.591Z,sell,1.993e-05,765.0,0.01524645
PPT/BTC,1602295600488,2020-10-10T02:06:40.488Z,sell,1.993e-05,121.0,0.00241153
PPT/BTC,1602295620470,2020-10-10T02:07:00.470Z,sell,1.993e-05,428.0,0.00853004
PPT/BTC,1602295706703,2020-10-10T02:08:26.703Z,sell,1.993e-05,178.0,0.00354754
PPT/BTC,1602295706703,2020-10-10T02:08:26.703Z,sell,1.992e-05,288.0,0.0057369599999999
PPT/BTC,1602295796033,2020-10-10T02:09:56.033Z,sell,1.992e-05,1139.0,0.0226888799999999
PPT/BTC,1602295796033,2020-10-10T02:09:56.033Z,sell,1.99e-05,1356.0,0.0269844
PPT/BTC,1602295796033,2020-10-10T02:09:56.033Z,sell,1.989e-05,10.0,0.0001989
PPT/BTC,1602295817930,2020-10-10T02:10:17.930Z,sell,1.989e-05,359.0,0.00714051
PPT/BTC,1602295837315,2020-10-10T02:10:37.315Z,sell,1.989e-05,125.0,0.00248625
PPT/BTC,1602296142417,2020-10-10T02:15:42.417Z,buy,1.996e-05,8.0,0.00015968
PPT/BTC,1602296142417,2020-10-10T02:15:42.417Z,buy,2.001e-05,20.0,0.0004001999999999
PPT/BTC,1602296142417,2020-10-10T02:15:42.417Z,buy,2.002e-05,285.0,0.0057057
PPT/BTC,1602296142417,2020-10-10T02:15:42.417Z,buy,2.003e-05,189.0,0.00378567
PPT/BTC,1602296149508,2020-10-10T02:15:49.508Z,sell,1.989e-05,320.0,0.0063648
PPT/BTC,1602296228364,2020-10-10T02:17:08.364Z,sell,1.989e-05,11.0,0.00021879
PPT/BTC,1602296505372,2020-10-10T02:21:45.372Z,sell,1.989e-05,999.0,0.01987011
PPT/BTC,1602296536766,2020-10-10T02:22:16.766Z,sell,1.989e-05,313.0,0.00622557
PPT/BTC,1602296546569,2020-10-10T02:22:26.569Z,sell,1.989e-05,630.0,0.0125307
PPT/BTC,1602296681341,2020-10-10T02:24:41.341Z,sell,1.985e-05,8.0,0.0001588
PPT/BTC,1602296681341,2020-10-10T02:24:41.341Z,sell,1.976e-05,10.0,0.0001976
PPT/BTC,1602296681341,2020-10-10T02:24:41.341Z,sell,1.975e-05,284.0,0.0056089999999999
PPT/BTC,1602297192579,2020-10-10T02:33:12.579Z,sell,1.979e-05,19.0,0.0003760099999999
PPT/BTC,1602297192579,2020-10-10T02:33:12.579Z,sell,1.978e-05,10.0,0.0001978
PPT/BTC,1602297192579,2020-10-10T02:33:12.579Z,sell,1.975e-05,170.0,0.0033575
PPT/BTC,1602297362708,2020-10-10T02:36:02.708Z,sell,1.976e-05,1006.0,0.01987856
PPT/BTC,1602297362708,2020-10-10T02:36:02.708Z,sell,1.975e-05,471.0,0.00930225
PPT/BTC,1602297362708,2020-10-10T02:36:02.708Z,sell,1.974e-05,8.0,0.00015792
PPT/BTC,1602297362708,2020-10-10T02:36:02.708Z,sell,1.97e-05,726.0,0.0143022
PPT/BTC,1602297362708,2020-10-10T02:36:02.708Z,sell,1.969e-05,3750.0,0.0738375
PPT/BTC,1602297362708,2020-10-10T02:36:02.708Z,sell,1.968e-05,20052.0,0.39462336
PPT/BTC,1602297362708,2020-10-10T02:36:02.708Z,sell,1.963e-05,8.0,0.00015704
PPT/BTC,1602297362708,2020-10-10T02:36:02.708Z,sell,1.961e-05,752.0,0.01474672
PPT/BTC,1602297362708,2020-10-10T02:36:02.708Z,sell,1.96e-05,16727.0,0.3278491999999999
PPT/BTC,1602297362708,2020-10-10T02:36:02.708Z,sell,1.976e-05,1006.0,0.01987856
PPT/BTC,1602297362708,2020-10-10T02:36:02.708Z,sell,1.975e-05,471.0,0.00930225
PPT/BTC,1602297362708,2020-10-10T02:36:02.708Z,sell,1.974e-05,8.0,0.00015792
PPT/BTC,1602297362708,2020-10-10T02:36:02.708Z,sell,1.97e-05,726.0,0.0143022
PPT/BTC,1602297362708,2020-10-10T02:36:02.708Z,sell,1.969e-05,3750.0,0.0738375
PPT/BTC,1602297362708,2020-10-10T02:36:02.708Z,sell,1.968e-05,20052.0,0.39462336
PPT/BTC,1602297362708,2020-10-10T02:36:02.708Z,sell,1.963e-05,8.0,0.00015704
PPT/BTC,1602297362708,2020-10-10T02:36:02.708Z,sell,1.961e-05,752.0,0.01474672
PPT/BTC,1602297362708,2020-10-10T02:36:02.708Z,sell,1.96e-05,16727.0,0.3278491999999999
PPT/BTC,1602297457902,2020-10-10T02:37:37.902Z,buy,1.974e-05,6.0,0.00011844
PPT/BTC,1602298021248,2020-10-10T02:47:01.248Z,sell,1.966e-05,805.0,0.0158263
PPT/BTC,1602298021248,2020-10-10T02:47:01.248Z,sell,1.962e-05,30.0,0.0005886
PPT/BTC,1602298142131,2020-10-10T02:49:02.131Z,sell,1.963e-05,10.0,0.0001963
PPT/BTC,1602298142250,2020-10-10T02:49:02.250Z,buy,1.963e-05,79.0,0.00155077
PPT/BTC,1602298193231,2020-10-10T02:49:53.231Z,sell,1.96e-05,57.0,0.0011171999999999
PPT/BTC,1602298248815,2020-10-10T02:50:48.815Z,buy,1.969e-05,975.0,0.01919775
PPT/BTC,1602298263184,2020-10-10T02:51:03.184Z,buy,1.972e-05,111.0,0.00218892
PPT/BTC,1602298324375,2020-10-10T02:52:04.375Z,buy,1.974e-05,2.0,3.948e-05
PPT/BTC,1602298324375,2020-10-10T02:52:04.375Z,buy,1.98e-05,208.0,0.0041184
PPT/BTC,1602298343890,2020-10-10T02:52:23.890Z,buy,1.983e-05,724.0,0.01435692
PPT/BTC,1602298359610,2020-10-10T02:52:39.610Z,sell,1.972e-05,104.0,0.00205088
PPT/BTC,1602298370746,2020-10-10T02:52:50.746Z,buy,1.985e-05,8.0,0.0001588
PPT/BTC,1602298388675,2020-10-10T02:53:08.675Z,sell,1.985e-05,52.0,0.0010322
PPT/BTC,1602298583224,2020-10-10T02:56:23.224Z,sell,1.974e-05,361.0,0.00712614
PPT/BTC,1602298620239,2020-10-10T02:57:00.239Z,sell,1.977e-05,720.0,0.0142344
PPT/BTC,1602298911552,2020-10-10T03:01:51.552Z,buy,1.985e-05,48.0,0.0009528
PPT/BTC,1602299460029,2020-10-10T03:11:00.029Z,sell,1.974e-05,8.0,0.00015792
PPT/BTC,1602299460029,2020-10-10T03:11:00.029Z,sell,1.966e-05,32.0,0.00062912
PPT/BTC,1602299460029,2020-10-10T03:11:00.029Z,sell,1.964e-05,183.0,0.0035941199999999
PPT/BTC,1602299520985,2020-10-10T03:12:00.985Z,buy,1.981e-05,170.0,0.0033676999999999
PPT/BTC,1602300876231,2020-10-10T03:34:36.231Z,buy,1.976e-05,7.0,0.00013832
PPT/BTC,1602300876231,2020-10-10T03:34:36.231Z,buy,1.976e-05,7.0,0.00013832
PPT/BTC,1602301221286,2020-10-10T03:40:21.286Z,sell,1.963e-05,95.0,0.00186485
PPT/BTC,1602301592076,2020-10-10T03:46:32.076Z,buy,1.97e-05,401.0,0.0078997
PPT/BTC,1602301592872,2020-10-10T03:46:32.872Z,sell,1.963e-05,514.0,0.01008982
PPT/BTC,1602301592872,2020-10-10T03:46:32.872Z,sell,1.962e-05,485.0,0.0095156999999999
PPT/BTC,1602301926376,2020-10-10T03:52:06.376Z,sell,1.964e-05,481.0,0.00944684
PPT/BTC,1602301926376,2020-10-10T03:52:06.376Z,sell,1.963e-05,518.0,0.01016834
PPT/BTC,1602302037308,2020-10-10T03:53:57.308Z,sell,1.964e-05,273.0,0.0053617199999999
PPT/BTC,1602302037308,2020-10-10T03:53:57.308Z,sell,1.963e-05,2756.0,0.05410028
PPT/BTC,1602302118444,2020-10-10T03:55:18.444Z,sell,1.964e-05,242.0,0.0047528799999999
PPT/BTC,1602302118444,2020-10-10T03:55:18.444Z,sell,1.962e-05,100.0,0.0019619999999999
PPT/BTC,1602302448445,2020-10-10T04:00:48.445Z,sell,1.962e-05,50.0,0.0009809999999999
PPT/BTC,1602302448445,2020-10-10T04:00:48.445Z,sell,1.961e-05,949.0,0.01860989
PPT/BTC,1602302474021,2020-10-10T04:01:14.021Z,sell,1.961e-05,1519.0,0.02978759
PPT/BTC,1602302474021,2020-10-10T04:01:14.021Z,sell,1.96e-05,480.0,0.009408
PPT/BTC,1602302636239,2020-10-10T04:03:56.239Z,sell,1.96e-05,299.0,0.0058604
PPT/BTC,1602303039965,2020-10-10T04:10:39.965Z,buy,1.963e-05,102.0,0.00200226
PPT/BTC,1602303039965,2020-10-10T04:10:39.965Z,buy,1.964e-05,1803.0,0.03541092
PPT/BTC,1602303484452,2020-10-10T04:18:04.452Z,buy,1.965e-05,342.0,0.0067203
PPT/BTC,1602303484452,2020-10-10T04:18:04.452Z,buy,1.974e-05,58.0,0.00114492
PPT/BTC,1602303484452,2020-10-10T04:18:04.452Z,buy,1.978e-05,480.0,0.0094944
PPT/BTC,1602303484452,2020-10-10T04:18:04.452Z,buy,1.979e-05,404.0,0.00799516
PPT/BTC,1602303484452,2020-10-10T04:18:04.452Z,buy,1.98e-05,1056.0,0.0209088
PPT/BTC,1602303484452,2020-10-10T04:18:04.452Z,buy,1.981e-05,1040.0,0.0206024
PPT/BTC,1602303484452,2020-10-10T04:18:04.452Z,buy,1.984e-05,751.0,0.01489984
PPT/BTC,1602303484452,2020-10-10T04:18:04.452Z,buy,1.985e-05,2575.0,0.05111375
PPT/BTC,1602303484452,2020-10-10T04:18:04.452Z,buy,1.996e-05,8.0,0.00015968
PPT/BTC,1602303484452,2020-10-10T04:18:04.452Z,buy,1.998e-05,6.0,0.00011988
PPT/BTC,1602303484452,2020-10-10T04:18:04.452Z,buy,1.999e-05,3773.0,0.07542227
PPT/BTC,1602303484452,2020-10-10T04:18:04.452Z,buy,2e-05,1250.0,0.025
PPT/BTC,1602303484452,2020-10-10T04:18:04.452Z,buy,2.005e-05,1250.0,0.0250624999999999
PPT/BTC,1602303484452,2020-10-10T04:18:04.452Z,buy,2.008e-05,8.0,0.00016064
PPT/BTC,1602303484452,2020-10-10T04:18:04.452Z,buy,2.009e-05,1311.0,0.02633799
PPT/BTC,1602303484452,2020-10-10T04:18:04.452Z,buy,2.01e-05,1250.0,0.025125
PPT/BTC,1602303484452,2020-10-10T04:18:04.452Z,buy,2.012e-05,567.0,0.01140804
PPT/BTC,1602303484452,2020-10-10T04:18:04.452Z,buy,2.013e-05,1095.0,0.02204235
PPT/BTC,1602303484452,2020-10-10T04:18:04.452Z,buy,2.014e-05,1239.0,0.02495346
PPT/BTC,1602303484452,2020-10-10T04:18:04.452Z,buy,2.015e-05,4250.0,0.0856374999999999
PPT/BTC,1602303484452,2020-10-10T04:18:04.452Z,buy,2.016e-05,10565.0,0.2129904
PPT/BTC,1602303484452,2020-10-10T04:18:04.452Z,buy,2.019e-05,8.0,0.00016152
PPT/BTC,1602303484452,2020-10-10T04:18:04.452Z,buy,2.02e-05,808.0,0.0163216
PPT/BTC,1602303484452,2020-10-10T04:18:04.452Z,buy,2.025e-05,162.0,0.0032805
PPT/BTC,1602303484452,2020-10-10T04:18:04.452Z,buy,2.027e-05,12.0,0.00024324
PPT/BTC,1602303484452,2020-10-10T04:18:04.452Z,buy,2.03e-05,8.0,0.0001624
PPT/BTC,1602303484452,2020-10-10T04:18:04.452Z,buy,2.033e-05,1532.0,0.03114556
PPT/BTC,1602303484452,2020-10-10T04:18:04.452Z,buy,2.039e-05,1056.0,0.02153184
PPT/BTC,1602303484452,2020-10-10T04:18:04.452Z,buy,2.04e-05,1359.0,0.0277236
PPT/BTC,1602303484452,2020-10-10T04:18:04.452Z,buy,2.041e-05,8.0,0.00016328
PPT/BTC,1602303484452,2020-10-10T04:18:04.452Z,buy,2.046e-05,19.0,0.00038874
PPT/BTC,1602303484452,2020-10-10T04:18:04.452Z,buy,2.047e-05,2973.0,0.06085731
PPT/BTC,1602303484452,2020-10-10T04:18:04.452Z,buy,2.05e-05,37.0,0.0007585
PPT/BTC,1602303484452,2020-10-10T04:18:04.452Z,buy,2.052e-05,8.0,0.00016416
PPT/BTC,1602303484452,2020-10-10T04:18:04.452Z,buy,2.063e-05,8.0,0.00016504
PPT/BTC,1602303484452,2020-10-10T04:18:04.452Z,buy,2.074e-05,8.0,0.00016592
PPT/BTC,1602303484452,2020-10-10T04:18:04.452Z,buy,2.077e-05,2172.0,0.04511244
PPT/BTC,1602303484452,2020-10-10T04:18:04.452Z,buy,2.079e-05,20.0,0.0004157999999999
PPT/BTC,1602303484452,2020-10-10T04:18:04.452Z,buy,2.086e-05,60.0,0.0012516
PPT/BTC,1602303484452,2020-10-10T04:18:04.452Z,buy,2.09e-05,2942.0,0.0614878
PPT/BTC,1602303484452,2020-10-10T04:18:04.452Z,buy,2.097e-05,15.0,0.00031455
PPT/BTC,1602303484452,2020-10-10T04:18:04.452Z,buy,2.098e-05,1066.0,0.0223646799999999
PPT/BTC,1602303484452,2020-10-10T04:18:04.452Z,buy,2.099e-05,25.0,0.00052475
PPT/BTC,1602303484452,2020-10-10T04:18:04.452Z,buy,2.1e-05,103.0,0.002163
PPT/BTC,1602303484452,2020-10-10T04:18:04.452Z,buy,2.104e-05,180.0,0.0037871999999999
PPT/BTC,1602303484452,2020-10-10T04:18:04.452Z,buy,2.108e-05,8.0,0.00016864
PPT/BTC,1602303484452,2020-10-10T04:18:04.452Z,buy,2.119e-05,8.0,0.00016952
PPT/BTC,1602303484452,2020-10-10T04:18:04.452Z,buy,2.127e-05,168.0,0.00357336
PPT/BTC,1602303484452,2020-10-10T04:18:04.452Z,buy,2.13e-05,8.0,0.0001704
PPT/BTC,1602303484452,2020-10-10T04:18:04.452Z,buy,2.133e-05,57.0,0.00121581
PPT/BTC,1602303484452,2020-10-10T04:18:04.452Z,buy,2.138e-05,22.0,0.0004703599999999
PPT/BTC,1602303484452,2020-10-10T04:18:04.452Z,buy,2.139e-05,606.0,0.01296234
PPT/BTC,1602303484452,2020-10-10T04:18:04.452Z,buy,2.141e-05,8.0,0.00017128
PPT/BTC,1602303484452,2020-10-10T04:18:04.452Z,buy,2.146e-05,5.0,0.0001073
PPT/BTC,1602303484452,2020-10-10T04:18:04.452Z,buy,2.15e-05,1253.0,0.0269395
PPT/BTC,1602303484452,2020-10-10T04:18:04.452Z,buy,2.153e-05,8.0,0.00017224
PPT/BTC,1602303484452,2020-10-10T04:18:04.452Z,buy,2.159e-05,22.0,0.00047498
PPT/BTC,1602303484452,2020-10-10T04:18:04.452Z,buy,2.16e-05,1645.0,0.035532
PPT/BTC,1602303484452,2020-10-10T04:18:04.452Z,buy,2.164e-05,15.0,0.0003246
PPT/BTC,1602303484452,2020-10-10T04:18:04.452Z,buy,2.175e-05,8.0,0.000174
PPT/BTC,1602303484452,2020-10-10T04:18:04.452Z,buy,2.186e-05,8.0,0.00017488
PPT/BTC,1602303484452,2020-10-10T04:18:04.452Z,buy,2.187e-05,106.0,0.0023182199999999
PPT/BTC,1602303484452,2020-10-10T04:18:04.452Z,buy,2.188e-05,393.0,0.00859884
PPT/BTC,1602303484452,2020-10-10T04:18:04.452Z,buy,2.189e-05,1059.0,0.02318151
PPT/BTC,1602303484452,2020-10-10T04:18:04.452Z,buy,2.19e-05,321.0,0.0070299
PPT/BTC,1602303484452,2020-10-10T04:18:04.452Z,buy,2.195e-05,953.0,0.02091835
PPT/BTC,1602303484452,2020-10-10T04:18:04.452Z,buy,2.196e-05,954.0,0.02094984
PPT/BTC,1602303484452,2020-10-10T04:18:04.452Z,buy,2.197e-05,579.0,0.01272063
PPT/BTC,1602303484452,2020-10-10T04:18:04.452Z,buy,2.198e-05,14841.0,0.32620518
PPT/BTC,1602303484452,2020-10-10T04:18:04.452Z,buy,2.199e-05,10220.0,0.2247378
PPT/BTC,1602303484502,2020-10-10T04:18:04.502Z,buy,1.979e-05,177.0,0.0035028299999999
PPT/BTC,1602303484507,2020-10-10T04:18:04.507Z,buy,1.979e-05,176.0,0.0034830399999999
PPT/BTC,1602303484778,2020-10-10T04:18:04.778Z,buy,2.012e-05,176.0,0.00354112
PPT/BTC,1602303484778,2020-10-10T04:18:04.778Z,buy,2.015e-05,71.0,0.0014306499999999
PPT/BTC,1602303484825,2020-10-10T04:18:04.825Z,buy,2.015e-05,3679.0,0.07413185
PPT/BTC,1602303487822,2020-10-10T04:18:07.822Z,sell,2.114e-05,52.0,0.00109928
PPT/BTC,1602303488643,2020-10-10T04:18:08.643Z,sell,2.114e-05,15.0,0.0003171
PPT/BTC,1602303489052,2020-10-10T04:18:09.052Z,sell,2.114e-05,50.0,0.001057
PPT/BTC,1602303489363,2020-10-10T04:18:09.363Z,sell,2.115e-05,7.0,0.00014805
PPT/BTC,1602303489724,2020-10-10T04:18:09.724Z,sell,2.117e-05,30.0,0.0006351
PPT/BTC,1602303489724,2020-10-10T04:18:09.724Z,sell,2.116e-05,219.0,0.00463404
PPT/BTC,1602303489869,2020-10-10T04:18:09.869Z,sell,2.117e-05,68.0,0.0014395599999999
PPT/BTC,1602303489869,2020-10-10T04:18:09.869Z,sell,2.116e-05,2.0,4.232e-05
PPT/BTC,1602303489933,2020-10-10T04:18:09.933Z,sell,2.117e-05,110.0,0.0023287
PPT/BTC,1602303489933,2020-10-10T04:18:09.933Z,sell,2.116e-05,318.0,0.00672888
PPT/BTC,1602303490331,2020-10-10T04:18:10.331Z,sell,2.117e-05,177.0,0.00374709
PPT/BTC,1602303490331,2020-10-10T04:18:10.331Z,sell,2.116e-05,1461.0,0.03091476
PPT/BTC,1602303490622,2020-10-10T04:18:10.622Z,buy,2.116e-05,11.0,0.00023276
PPT/BTC,1602303490892,2020-10-10T04:18:10.892Z,sell,2.011e-05,455.0,0.00915005
PPT/BTC,1602303490892,2020-10-10T04:18:10.892Z,sell,2.01e-05,1094.0,0.0219894
PPT/BTC,1602303491324,2020-10-10T04:18:11.324Z,sell,2.012e-05,21.0,0.00042252
PPT/BTC,1602303491594,2020-10-10T04:18:11.594Z,buy,2.115e-05,8.0,0.0001692
PPT/BTC,1602303492097,2020-10-10T04:18:12.097Z,buy,2.115e-05,8.0,0.0001692
PPT/BTC,1602303492190,2020-10-10T04:18:12.190Z,buy,2.115e-05,19.0,0.00040185
PPT/BTC,1602303492473,2020-10-10T04:18:12.473Z,buy,2.115e-05,8.0,0.0001692
PPT/BTC,1602303492633,2020-10-10T04:18:12.633Z,buy,2.115e-05,8.0,0.0001692
PPT/BTC,1602303493127,2020-10-10T04:18:13.127Z,buy,2.115e-05,8.0,0.0001692
PPT/BTC,1602303493483,2020-10-10T04:18:13.483Z,buy,2.114e-05,8.0,0.00016912
PPT/BTC,1602303493640,2020-10-10T04:18:13.640Z,buy,2.104e-05,8.0,0.00016832
PPT/BTC,1602303493804,2020-10-10T04:18:13.804Z,buy,2.104e-05,8.0,0.00016832
PPT/BTC,1602303494619,2020-10-10T04:18:14.619Z,sell,2.097e-05,8.0,0.00016776
PPT/BTC,1602303494619,2020-10-10T04:18:14.619Z,sell,2.086e-05,1.0,2.086e-05
PPT/BTC,1602303496272,2020-10-10T04:18:16.272Z,buy,2.102e-05,3886.0,0.08168372
PPT/BTC,1602303496272,2020-10-10T04:18:16.272Z,buy,2.103e-05,1554.0,0.03268062
PPT/BTC,1602303501651,2020-10-10T04:18:21.651Z,sell,2.086e-05,7.0,0.00014602
PPT/BTC,1602303502047,2020-10-10T04:18:22.047Z,buy,2.081e-05,154.0,0.0032047399999999
PPT/BTC,1602303502047,2020-10-10T04:18:22.047Z,buy,2.091e-05,1857.0,0.03882987
PPT/BTC,1602303502047,2020-10-10T04:18:22.047Z,buy,2.101e-05,482.0,0.01012682
PPT/BTC,1602303502047,2020-10-10T04:18:22.047Z,buy,2.102e-05,1834.0,0.03855068
PPT/BTC,1602303502047,2020-10-10T04:18:22.047Z,buy,2.103e-05,162.0,0.00340686
PPT/BTC,1602303502047,2020-10-10T04:18:22.047Z,buy,2.115e-05,897.0,0.01897155
PPT/BTC,1602303502047,2020-10-10T04:18:22.047Z,buy,2.118e-05,24.0,0.00050832
PPT/BTC,1602303502047,2020-10-10T04:18:22.047Z,buy,2.119e-05,30.0,0.0006357
PPT/BTC,1602303502124,2020-10-10T04:18:22.124Z,sell,2.075e-05,38.0,0.0007885
PPT/BTC,1602303509351,2020-10-10T04:18:29.351Z,buy,2.119e-05,59.0,0.0012502099999999
PPT/BTC,1602303509351,2020-10-10T04:18:29.351Z,buy,2.144e-05,92.0,0.00197248
PPT/BTC,1602303509351,2020-10-10T04:18:29.351Z,buy,2.145e-05,117.0,0.00250965
PPT/BTC,1602303509351,2020-10-10T04:18:29.351Z,buy,2.15e-05,56.0,0.001204
PPT/BTC,1602303509351,2020-10-10T04:18:29.351Z,buy,2.157e-05,186.0,0.00401202
PPT/BTC,1602303509351,2020-10-10T04:18:29.351Z,buy,2.161e-05,28.0,0.00060508
PPT/BTC,1602303509351,2020-10-10T04:18:29.351Z,buy,2.168e-05,7.0,0.00015176
PPT/BTC,1602303509351,2020-10-10T04:18:29.351Z,buy,2.181e-05,4895.0,0.1067599499999999
PPT/BTC,1602303513358,2020-10-10T04:18:33.358Z,sell,2.108e-05,8.0,0.00016864
PPT/BTC,1602303513874,2020-10-10T04:18:33.874Z,sell,2.108e-05,8.0,0.00016864
PPT/BTC,1602303514542,2020-10-10T04:18:34.542Z,sell,2.109e-05,743.0,0.01566987
PPT/BTC,1602303514700,2020-10-10T04:18:34.700Z,buy,2.118e-05,16.0,0.00033888
PPT/BTC,1602303514700,2020-10-10T04:18:34.700Z,buy,2.119e-05,8.0,0.00016952
PPT/BTC,1602303514700,2020-10-10T04:18:34.700Z,buy,2.13e-05,8.0,0.0001704
PPT/BTC,1602303514700,2020-10-10T04:18:34.700Z,buy,2.141e-05,8.0,0.00017128
PPT/BTC,1602303514700,2020-10-10T04:18:34.700Z,buy,2.153e-05,8.0,0.00017224
PPT/BTC,1602303514700,2020-10-10T04:18:34.700Z,buy,2.164e-05,8.0,0.00017312
PPT/BTC,1602303514700,2020-10-10T04:18:34.700Z,buy,2.175e-05,8.0,0.000174
PPT/BTC,1602303514700,2020-10-10T04:18:34.700Z,buy,2.18e-05,713.0,0.0155434
PPT/BTC,1602303514700,2020-10-10T04:18:34.700Z,buy,2.181e-05,276.0,0.00601956
PPT/BTC,1602303514700,2020-10-10T04:18:34.700Z,buy,2.186e-05,8.0,0.00017488
PPT/BTC,1602303514700,2020-10-10T04:18:34.700Z,buy,2.195e-05,1250.0,0.0274375
PPT/BTC,1602303514700,2020-10-10T04:18:34.700Z,buy,2.197e-05,8.0,0.00017576
PPT/BTC,1602303514700,2020-10-10T04:18:34.700Z,buy,2.199e-05,749.0,0.01647051
PPT/BTC,1602303515230,2020-10-10T04:18:35.230Z,sell,2.141e-05,235.0,0.00503135
PPT/BTC,1602303515230,2020-10-10T04:18:35.230Z,sell,2.14e-05,16.0,0.0003424
PPT/BTC,1602303516062,2020-10-10T04:18:36.062Z,sell,2.143e-05,201.0,0.00430743
PPT/BTC,1602303516629,2020-10-10T04:18:36.629Z,sell,2.154e-05,6.0,0.00012924
PPT/BTC,1602303519013,2020-10-10T04:18:39.013Z,sell,2.158e-05,157.0,0.00338806
PPT/BTC,1602303519345,2020-10-10T04:18:39.345Z,sell,2.161e-05,1327.0,0.02867647
PPT/BTC,1602303523083,2020-10-10T04:18:43.083Z,buy,2.179e-05,8.0,0.00017432
PPT/BTC,1602303530033,2020-10-10T04:18:50.033Z,sell,2.175e-05,8.0,0.000174
PPT/BTC,1602303531432,2020-10-10T04:18:51.432Z,sell,2.166e-05,572.0,0.01238952
PPT/BTC,1602303531796,2020-10-10T04:18:51.796Z,sell,2.166e-05,255.0,0.0055233
PPT/BTC,1602303537490,2020-10-10T04:18:57.490Z,buy,2.175e-05,503.0,0.01094025
PPT/BTC,1602303543641,2020-10-10T04:19:03.641Z,sell,2.175e-05,24.0,0.000522
PPT/BTC,1602303543936,2020-10-10T04:19:03.936Z,sell,2.164e-05,8.0,0.00017312
PPT/BTC,1602303543936,2020-10-10T04:19:03.936Z,sell,2.153e-05,2.0,4.306e-05
PPT/BTC,1602303544707,2020-10-10T04:19:04.707Z,buy,2.175e-05,5.0,0.00010875
PPT/BTC,1602303558076,2020-10-10T04:19:18.076Z,buy,2.173e-05,100.0,0.002173
PPT/BTC,1602303570437,2020-10-10T04:19:30.437Z,sell,2.155e-05,30.0,0.0006464999999999
PPT/BTC,1602303570437,2020-10-10T04:19:30.437Z,sell,2.153e-05,6.0,0.00012918
PPT/BTC,1602303571504,2020-10-10T04:19:31.504Z,sell,2.141e-05,8.0,0.00017128
PPT/BTC,1602303571504,2020-10-10T04:19:31.504Z,sell,2.13e-05,8.0,0.0001704
PPT/BTC,1602303575536,2020-10-10T04:19:35.536Z,sell,2.126e-05,195.0,0.0041456999999999
PPT/BTC,1602303577005,2020-10-10T04:19:37.005Z,sell,2.133e-05,36.0,0.00076788
PPT/BTC,1602303577005,2020-10-10T04:19:37.005Z,sell,2.127e-05,154.0,0.00327558
PPT/BTC,1602303577005,2020-10-10T04:19:37.005Z,sell,2.126e-05,1848.0,0.03928848
PPT/BTC,1602303581904,2020-10-10T04:19:41.904Z,buy,2.126e-05,449.0,0.00954574
PPT/BTC,1602303585084,2020-10-10T04:19:45.084Z,sell,2.122e-05,408.0,0.00865776
PPT/BTC,1602303591835,2020-10-10T04:19:51.835Z,buy,2.125e-05,1032.0,0.02193
PPT/BTC,1602303591835,2020-10-10T04:19:51.835Z,buy,2.126e-05,803.0,0.0170717799999999
PPT/BTC,1602303654234,2020-10-10T04:20:54.234Z,sell,2.134e-05,719.0,0.01534346
PPT/BTC,1602303654234,2020-10-10T04:20:54.234Z,sell,2.133e-05,281.0,0.00599373
PPT/BTC,1602303654234,2020-10-10T04:20:54.234Z,sell,2.128e-05,303.0,0.00644784
PPT/BTC,1602303654234,2020-10-10T04:20:54.234Z,sell,2.127e-05,2754.0,0.05857758
PPT/BTC,1602303654234,2020-10-10T04:20:54.234Z,sell,2.126e-05,2437.0,0.05181062
PPT/BTC,1602303688344,2020-10-10T04:21:28.344Z,buy,2.126e-05,139.0,0.0029551399999999
PPT/BTC,1602303695736,2020-10-10T04:21:35.736Z,buy,2.126e-05,1757.0,0.03735382
PPT/BTC,1602303901870,2020-10-10T04:25:01.870Z,sell,2.126e-05,430.0,0.0091418
PPT/BTC,1602303907592,2020-10-10T04:25:07.592Z,sell,2.119e-05,8.0,0.00016952
PPT/BTC,1602303907592,2020-10-10T04:25:07.592Z,sell,2.117e-05,84.0,0.00177828
PPT/BTC,1602303952476,2020-10-10T04:25:52.476Z,sell,2.111e-05,50.0,0.0010555
PPT/BTC,1602303985400,2020-10-10T04:26:25.400Z,sell,2.108e-05,8.0,0.00016864
PPT/BTC,1602303985400,2020-10-10T04:26:25.400Z,sell,2.097e-05,8.0,0.00016776
PPT/BTC,1602303985661,2020-10-10T04:26:25.661Z,buy,2.097e-05,6.0,0.00012582
PPT/BTC,1602303996276,2020-10-10T04:26:36.276Z,sell,2.09e-05,54.0,0.0011286
PPT/BTC,1602304031473,2020-10-10T04:27:11.473Z,sell,2.096e-05,5.0,0.0001048
PPT/BTC,1602304031473,2020-10-10T04:27:11.473Z,sell,2.095e-05,1084.0,0.0227098
PPT/BTC,1602304050435,2020-10-10T04:27:30.435Z,sell,2.095e-05,58.0,0.0012151
PPT/BTC,1602304055045,2020-10-10T04:27:35.045Z,sell,2.091e-05,838.0,0.01752258
PPT/BTC,1602304133199,2020-10-10T04:28:53.199Z,sell,2.091e-05,171.0,0.00357561
PPT/BTC,1602304133199,2020-10-10T04:28:53.199Z,sell,2.09e-05,1250.0,0.026125
PPT/BTC,1602304133199,2020-10-10T04:28:53.199Z,sell,2.087e-05,652.0,0.01360724
PPT/BTC,1602304133199,2020-10-10T04:28:53.199Z,sell,2.086e-05,3444.0,0.07184184
PPT/BTC,1602304141771,2020-10-10T04:29:01.771Z,buy,2.078e-05,703.0,0.01460834
PPT/BTC,1602304221624,2020-10-10T04:30:21.624Z,sell,2.074e-05,8.0,0.00016592
PPT/BTC,1602304221624,2020-10-10T04:30:21.624Z,sell,2.068e-05,65.0,0.0013441999999999
PPT/BTC,1602304221624,2020-10-10T04:30:21.624Z,sell,2.065e-05,114.0,0.0023541
PPT/BTC,1602304221624,2020-10-10T04:30:21.624Z,sell,2.064e-05,2141.0,0.04419024
PPT/BTC,1602304223008,2020-10-10T04:30:23.008Z,sell,2.065e-05,8.0,0.0001652
PPT/BTC,1602304223008,2020-10-10T04:30:23.008Z,sell,2.064e-05,131.0,0.00270384
PPT/BTC,1602304268980,2020-10-10T04:31:08.980Z,sell,2.064e-05,336.0,0.00693504
PPT/BTC,1602304280021,2020-10-10T04:31:20.021Z,buy,2.076e-05,10.0,0.0002076
PPT/BTC,1602304283002,2020-10-10T04:31:23.002Z,buy,2.074e-05,1589.0,0.03295586
PPT/BTC,1602304295826,2020-10-10T04:31:35.826Z,sell,2.063e-05,8.0,0.00016504
PPT/BTC,1602304295826,2020-10-10T04:31:35.826Z,sell,2.052e-05,8.0,0.00016416
PPT/BTC,1602304295826,2020-10-10T04:31:35.826Z,sell,2.05e-05,96.0,0.001968
PPT/BTC,1602304377174,2020-10-10T04:32:57.174Z,buy,2.062e-05,9.0,0.00018558
PPT/BTC,1602304377174,2020-10-10T04:32:57.174Z,buy,2.063e-05,8.0,0.00016504
PPT/BTC,1602304377174,2020-10-10T04:32:57.174Z,buy,2.074e-05,8.0,0.00016592
PPT/BTC,1602304377174,2020-10-10T04:32:57.174Z,buy,2.079e-05,161.0,0.00334719
PPT/BTC,1602304377570,2020-10-10T04:32:57.570Z,buy,2.079e-05,183.0,0.0038045699999999
PPT/BTC,1602304378622,2020-10-10T04:32:58.622Z,buy,2.079e-05,83.0,0.0017255699999999
PPT/BTC,1602304378760,2020-10-10T04:32:58.760Z,sell,2.051e-05,44.0,0.0009024399999999
PPT/BTC,1602304378826,2020-10-10T04:32:58.826Z,buy,2.051e-05,263.0,0.00539413
PPT/BTC,1602304379919,2020-10-10T04:32:59.919Z,sell,2.063e-05,8.0,0.00016504
PPT/BTC,1602304379919,2020-10-10T04:32:59.919Z,sell,2.063e-05,8.0,0.00016504
PPT/BTC,1602304712446,2020-10-10T04:38:32.446Z,sell,2.066e-05,478.0,0.0098754799999999
PPT/BTC,1602304712446,2020-10-10T04:38:32.446Z,sell,2.065e-05,1250.0,0.0258125
PPT/BTC,1602304712446,2020-10-10T04:38:32.446Z,sell,2.063e-05,5.0,0.00010315
PPT/BTC,1602304712511,2020-10-10T04:38:32.511Z,buy,2.063e-05,173.0,0.00356899
PPT/BTC,1602304906802,2020-10-10T04:41:46.802Z,sell,2.07e-05,859.0,0.0177813
PPT/BTC,1602304987656,2020-10-10T04:43:07.656Z,buy,2.074e-05,8.0,0.00016592
PPT/BTC,1602305042744,2020-10-10T04:44:02.744Z,sell,2.074e-05,5.0,0.0001037
PPT/BTC,1602305042744,2020-10-10T04:44:02.744Z,sell,2.07e-05,1250.0,0.025875
PPT/BTC,1602305042744,2020-10-10T04:44:02.744Z,sell,2.065e-05,689.0,0.01422785
PPT/BTC,1602305046825,2020-10-10T04:44:06.825Z,buy,2.071e-05,136.0,0.00281656
PPT/BTC,1602305085427,2020-10-10T04:44:45.427Z,buy,2.074e-05,10.0,0.0002074
PPT/BTC,1602305108309,2020-10-10T04:45:08.309Z,sell,2.072e-05,10.0,0.0002072
PPT/BTC,1602305226132,2020-10-10T04:47:06.132Z,buy,2.085e-05,12.0,0.0002502
PPT/BTC,1602305869224,2020-10-10T04:57:49.224Z,sell,2.08e-05,9.0,0.0001872
PPT/BTC,1602305873582,2020-10-10T04:57:53.582Z,sell,2.08e-05,1241.0,0.0258128
PPT/BTC,1602305888001,2020-10-10T04:58:08.001Z,sell,2.079e-05,564.0,0.01172556
PPT/BTC,1602305888001,2020-10-10T04:58:08.001Z,sell,2.078e-05,1879.0,0.03904562
PPT/BTC,1602305888001,2020-10-10T04:58:08.001Z,sell,2.077e-05,835.0,0.01734295
PPT/BTC,1602305897165,2020-10-10T04:58:17.165Z,sell,2.078e-05,1726.0,0.03586628
PPT/BTC,1602305897165,2020-10-10T04:58:17.165Z,sell,2.077e-05,2546.0,0.05288042
PPT/BTC,1602305918655,2020-10-10T04:58:38.655Z,sell,2.077e-05,1186.0,0.02463322
PPT/BTC,1602305918655,2020-10-10T04:58:38.655Z,sell,2.076e-05,2092.0,0.04342992
PPT/BTC,1602306014169,2020-10-10T05:00:14.169Z,sell,2.066e-05,86.0,0.0017767599999999
PPT/BTC,1602306014169,2020-10-10T05:00:14.169Z,sell,2.063e-05,8.0,0.00016504
PPT/BTC,1602306014169,2020-10-10T05:00:14.169Z,sell,2.056e-05,312.0,0.00641472
PPT/BTC,1602306014169,2020-10-10T05:00:14.169Z,sell,2.055e-05,1350.0,0.0277425
PPT/BTC,1602306016090,2020-10-10T05:00:16.090Z,buy,2.073e-05,32.0,0.00066336
PPT/BTC,1602306016090,2020-10-10T05:00:16.090Z,buy,2.074e-05,895.0,0.0185623
PPT/BTC,1602306017153,2020-10-10T05:00:17.153Z,sell,2.065e-05,5.0,0.00010325
PPT/BTC,1602306018388,2020-10-10T05:00:18.388Z,sell,2.065e-05,5.0,0.00010325
PPT/BTC,1602306019389,2020-10-10T05:00:19.389Z,sell,2.065e-05,5.0,0.00010325
PPT/BTC,1602306079174,2020-10-10T05:01:19.174Z,sell,2.054e-05,838.0,0.01721252
PPT/BTC,1602306079351,2020-10-10T05:01:19.351Z,buy,2.054e-05,15.0,0.0003081
PPT/BTC,1602306100749,2020-10-10T05:01:40.749Z,sell,2.052e-05,8.0,0.00016416
PPT/BTC,1602306100749,2020-10-10T05:01:40.749Z,sell,2.05e-05,83.0,0.0017015
PPT/BTC,1602306116565,2020-10-10T05:01:56.565Z,sell,2.047e-05,1625.0,0.0332637499999999
PPT/BTC,1602306116565,2020-10-10T05:01:56.565Z,sell,2.046e-05,87.0,0.00178002
PPT/BTC,1602306116565,2020-10-10T05:01:56.565Z,sell,2.044e-05,1002.0,0.02048088
PPT/BTC,1602306116565,2020-10-10T05:01:56.565Z,sell,2.043e-05,719.0,0.01468917
PPT/BTC,1602306140569,2020-10-10T05:02:20.569Z,sell,2.043e-05,5198.0,0.10619514
PPT/BTC,1602306140569,2020-10-10T05:02:20.569Z,sell,2.042e-05,11587.0,0.23660654
PPT/BTC,1602306145125,2020-10-10T05:02:25.125Z,buy,2.06e-05,48.0,0.0009888
PPT/BTC,1602306146395,2020-10-10T05:02:26.395Z,buy,2.058e-05,268.0,0.00551544
PPT/BTC,1602306223075,2020-10-10T05:03:43.075Z,sell,2.041e-05,97.0,0.00197977
PPT/BTC,1602306908207,2020-10-10T05:15:08.207Z,sell,2.042e-05,1372.0,0.02801624
PPT/BTC,1602306908237,2020-10-10T05:15:08.237Z,sell,2.041e-05,428.0,0.00873548
PPT/BTC,1602306909419,2020-10-10T05:15:09.419Z,buy,2.042e-05,1144.0,0.02336048
PPT/BTC,1602307158251,2020-10-10T05:19:18.251Z,sell,2.041e-05,1782.0,0.03637062
PPT/BTC,1602307158251,2020-10-10T05:19:18.251Z,sell,2.03e-05,609.0,0.0123626999999999
PPT/BTC,1602307158531,2020-10-10T05:19:18.531Z,buy,2.03e-05,6.0,0.0001217999999999
PPT/BTC,1602307163439,2020-10-10T05:19:23.439Z,buy,2.028e-05,611.0,0.0123910799999999
PPT/BTC,1602307164475,2020-10-10T05:19:24.475Z,buy,2.028e-05,428.0,0.00867984
PPT/BTC,1602307166282,2020-10-10T05:19:26.282Z,buy,2.027e-05,419.0,0.00849313
PPT/BTC,1602307166680,2020-10-10T05:19:26.680Z,buy,2.028e-05,683.0,0.0138512399999999
PPT/BTC,1602307222426,2020-10-10T05:20:22.426Z,buy,2.028e-05,564.0,0.0114379199999999
PPT/BTC,1602307243581,2020-10-10T05:20:43.581Z,buy,2.028e-05,362.0,0.00734136
PPT/BTC,1602307257337,2020-10-10T05:20:57.337Z,buy,2.028e-05,361.0,0.00732108
PPT/BTC,1602307262039,2020-10-10T05:21:02.039Z,sell,2.024e-05,97.0,0.00196328
PPT/BTC,1602307262301,2020-10-10T05:21:02.301Z,buy,2.028e-05,2065.0,0.0418782
PPT/BTC,1602307528582,2020-10-10T05:25:28.582Z,buy,2.028e-05,1095.0,0.0222066
PPT/BTC,1602307804548,2020-10-10T05:30:04.548Z,buy,2.027e-05,731.0,0.01481737
PPT/BTC,1602307822350,2020-10-10T05:30:22.350Z,buy,2.027e-05,485.0,0.00983095
PPT/BTC,1602307822350,2020-10-10T05:30:22.350Z,buy,2.027e-05,485.0,0.00983095
PPT/BTC,1602308280270,2020-10-10T05:38:00.270Z,sell,2.019e-05,8.0,0.00016152
PPT/BTC,1602308308045,2020-10-10T05:38:28.045Z,buy,2.026e-05,504.0,0.01021104
PPT/BTC,1602308308128,2020-10-10T05:38:28.128Z,sell,2.026e-05,331.0,0.00670606
PPT/BTC,1602308350400,2020-10-10T05:39:10.400Z,buy,2.027e-05,175.0,0.00354725
PPT/BTC,1602308433493,2020-10-10T05:40:33.493Z,buy,2.026e-05,668.0,0.01353368
PPT/BTC,1602308900564,2020-10-10T05:48:20.564Z,sell,2.01e-05,348.0,0.0069948
PPT/BTC,1602308900564,2020-10-10T05:48:20.564Z,sell,2.008e-05,8.0,0.00016064
PPT/BTC,1602308900564,2020-10-10T05:48:20.564Z,sell,2.003e-05,118.0,0.00236354
PPT/BTC,1602308900564,2020-10-10T05:48:20.564Z,sell,2.002e-05,482.0,0.00964964
PPT/BTC,1602308900564,2020-10-10T05:48:20.564Z,sell,2.001e-05,2646.0,0.05294646
PPT/BTC,1602308900564,2020-10-10T05:48:20.564Z,sell,2e-05,1020.0,0.0204
PPT/BTC,1602308900564,2020-10-10T05:48:20.564Z,sell,1.997e-05,397.0,0.00792809
PPT/BTC,1602308900564,2020-10-10T05:48:20.564Z,sell,1.996e-05,481.0,0.00960076
PPT/BTC,1602308900564,2020-10-10T05:48:20.564Z,sell,1.995e-05,180.0,0.003591
PPT/BTC,1602308900564,2020-10-10T05:48:20.564Z,sell,1.993e-05,9031.0,0.17998783
PPT/BTC,1602308900564,2020-10-10T05:48:20.564Z,sell,1.992e-05,591.0,0.0117727199999999
PPT/BTC,1602308900564,2020-10-10T05:48:20.564Z,sell,1.988e-05,805.0,0.0160034
PPT/BTC,1602308900564,2020-10-10T05:48:20.564Z,sell,1.987e-05,742.0,0.01474354
PPT/BTC,1602308900564,2020-10-10T05:48:20.564Z,sell,1.986e-05,1107.0,0.02198502
PPT/BTC,1602308900564,2020-10-10T05:48:20.564Z,sell,1.985e-05,28.0,0.0005558
PPT/BTC,1602308900564,2020-10-10T05:48:20.564Z,sell,1.981e-05,53.0,0.00104993
PPT/BTC,1602308900564,2020-10-10T05:48:20.564Z,sell,1.98e-05,1120.0,0.022176
PPT/BTC,1602308900564,2020-10-10T05:48:20.564Z,sell,1.976e-05,177.0,0.00349752
PPT/BTC,1602308900564,2020-10-10T05:48:20.564Z,sell,1.975e-05,166.0,0.0032784999999999
PPT/BTC,1602308900564,2020-10-10T05:48:20.564Z,sell,1.974e-05,2029.0,0.04005246
PPT/BTC,1602308900564,2020-10-10T05:48:20.564Z,sell,1.972e-05,176.0,0.00347072
PPT/BTC,1602308900564,2020-10-10T05:48:20.564Z,sell,1.971e-05,236.0,0.00465156
PPT/BTC,1602308900564,2020-10-10T05:48:20.564Z,sell,1.97e-05,566.0,0.0111502
PPT/BTC,1602308900564,2020-10-10T05:48:20.564Z,sell,1.969e-05,132.0,0.00259908
PPT/BTC,1602308900564,2020-10-10T05:48:20.564Z,sell,1.966e-05,38.0,0.00074708
PPT/BTC,1602308900564,2020-10-10T05:48:20.564Z,sell,1.965e-05,132.0,0.0025938
PPT/BTC,1602308900564,2020-10-10T05:48:20.564Z,sell,1.964e-05,1209.0,0.0237447599999999
PPT/BTC,1602308900564,2020-10-10T05:48:20.564Z,sell,1.963e-05,8.0,0.00015704
PPT/BTC,1602308900564,2020-10-10T05:48:20.564Z,sell,1.96e-05,137.0,0.0026852
PPT/BTC,1602308900564,2020-10-10T05:48:20.564Z,sell,1.958e-05,61.0,0.0011943799999999
PPT/BTC,1602308900564,2020-10-10T05:48:20.564Z,sell,1.957e-05,347.0,0.00679079
PPT/BTC,1602308900564,2020-10-10T05:48:20.564Z,sell,1.955e-05,686.0,0.0134113
PPT/BTC,1602308900713,2020-10-10T05:48:20.713Z,sell,1.978e-05,205.0,0.0040549
PPT/BTC,1602308901455,2020-10-10T05:48:21.455Z,buy,1.982e-05,35.0,0.0006937
PPT/BTC,1602308902290,2020-10-10T05:48:22.290Z,buy,1.98e-05,501.0,0.0099198
PPT/BTC,1602308902290,2020-10-10T05:48:22.290Z,buy,1.982e-05,312.0,0.00618384
PPT/BTC,1602308902461,2020-10-10T05:48:22.461Z,buy,1.984e-05,18.0,0.00035712
PPT/BTC,1602308902695,2020-10-10T05:48:22.695Z,buy,1.984e-05,161.0,0.00319424
PPT/BTC,1602308904466,2020-10-10T05:48:24.466Z,buy,1.991e-05,137.0,0.00272767
PPT/BTC,1602308904466,2020-10-10T05:48:24.466Z,buy,1.994e-05,32.0,0.00063808
PPT/BTC,1602308905867,2020-10-10T05:48:25.867Z,buy,1.985e-05,8.0,0.0001588
PPT/BTC,1602308906254,2020-10-10T05:48:26.254Z,sell,1.981e-05,8.0,0.00015848
PPT/BTC,1602308912167,2020-10-10T05:48:32.167Z,buy,1.985e-05,38.0,0.0007543
PPT/BTC,1602308917015,2020-10-10T05:48:37.015Z,sell,1.981e-05,136.0,0.0026941599999999
PPT/BTC,1602308917015,2020-10-10T05:48:37.015Z,sell,1.978e-05,14.0,0.00027692
PPT/BTC,1602308925721,2020-10-10T05:48:45.721Z,sell,1.978e-05,285.0,0.0056373
PPT/BTC,1602308925721,2020-10-10T05:48:45.721Z,sell,1.976e-05,2648.0,0.05232448
PPT/BTC,1602308925721,2020-10-10T05:48:45.721Z,sell,1.974e-05,8.0,0.00015792
PPT/BTC,1602308925721,2020-10-10T05:48:45.721Z,sell,1.964e-05,144.0,0.0028281599999999
PPT/BTC,1602308925721,2020-10-10T05:48:45.721Z,sell,1.963e-05,8.0,0.00015704
PPT/BTC,1602308925721,2020-10-10T05:48:45.721Z,sell,1.959e-05,177.0,0.00346743
PPT/BTC,1602308925721,2020-10-10T05:48:45.721Z,sell,1.957e-05,895.0,0.01751515
PPT/BTC,1602308925721,2020-10-10T05:48:45.721Z,sell,1.954e-05,530.0,0.0103562
PPT/BTC,1602308925721,2020-10-10T05:48:45.721Z,sell,1.952e-05,8.0,0.00015616
PPT/BTC,1602308925721,2020-10-10T05:48:45.721Z,sell,1.949e-05,180.0,0.0035082
PPT/BTC,1602308925721,2020-10-10T05:48:45.721Z,sell,1.947e-05,152.0,0.00295944
PPT/BTC,1602308925721,2020-10-10T05:48:45.721Z,sell,1.946e-05,2717.0,0.05287282
PPT/BTC,1602308925721,2020-10-10T05:48:45.721Z,sell,1.944e-05,180.0,0.0034992
PPT/BTC,1602308925721,2020-10-10T05:48:45.721Z,sell,1.942e-05,540.0,0.0104868
PPT/BTC,1602308925721,2020-10-10T05:48:45.721Z,sell,1.941e-05,113.0,0.00219333
PPT/BTC,1602308925721,2020-10-10T05:48:45.721Z,sell,1.938e-05,927.0,0.01796526
PPT/BTC,1602308925721,2020-10-10T05:48:45.721Z,sell,1.937e-05,501.0,0.00970437
PPT/BTC,1602308925721,2020-10-10T05:48:45.721Z,sell,1.935e-05,511.0,0.00988785
PPT/BTC,1602308925721,2020-10-10T05:48:45.721Z,sell,1.931e-05,822.0,0.01587282
PPT/BTC,1602308925721,2020-10-10T05:48:45.721Z,sell,1.93e-05,3406.0,0.0657358
PPT/BTC,1602308925721,2020-10-10T05:48:45.721Z,sell,1.929e-05,8.0,0.00015432
PPT/BTC,1602308925721,2020-10-10T05:48:45.721Z,sell,1.928e-05,2744.0,0.05290432
PPT/BTC,1602308925721,2020-10-10T05:48:45.721Z,sell,1.925e-05,2748.0,0.052899
PPT/BTC,1602308925721,2020-10-10T05:48:45.721Z,sell,1.923e-05,410.0,0.0078843
PPT/BTC,1602308925721,2020-10-10T05:48:45.721Z,sell,1.922e-05,515.0,0.0098982999999999
PPT/BTC,1602308925721,2020-10-10T05:48:45.721Z,sell,1.921e-05,171.0,0.00328491
PPT/BTC,1602308925721,2020-10-10T05:48:45.721Z,sell,1.92e-05,524.0,0.0100608
PPT/BTC,1602308925721,2020-10-10T05:48:45.721Z,sell,1.919e-05,206.0,0.00395314
PPT/BTC,1602308925721,2020-10-10T05:48:45.721Z,sell,1.918e-05,8.0,0.00015344
PPT/BTC,1602308925721,2020-10-10T05:48:45.721Z,sell,1.916e-05,3137.0,0.06010492
PPT/BTC,1602308925721,2020-10-10T05:48:45.721Z,sell,1.915e-05,102.0,0.0019533
PPT/BTC,1602308925721,2020-10-10T05:48:45.721Z,sell,1.914e-05,526.0,0.01006764
PPT/BTC,1602308925721,2020-10-10T05:48:45.721Z,sell,1.912e-05,67.0,0.00128104
PPT/BTC,1602308925721,2020-10-10T05:48:45.721Z,sell,1.911e-05,259.0,0.00494949
PPT/BTC,1602308925721,2020-10-10T05:48:45.721Z,sell,1.91e-05,277.0,0.0052907
PPT/BTC,1602308925721,2020-10-10T05:48:45.721Z,sell,1.907e-05,8.0,0.00015256
PPT/BTC,1602308925721,2020-10-10T05:48:45.721Z,sell,1.906e-05,2042.0,0.03892052
PPT/BTC,1602308925721,2020-10-10T05:48:45.721Z,sell,1.905e-05,1507.0,0.0287083499999999
PPT/BTC,1602308925721,2020-10-10T05:48:45.721Z,sell,1.904e-05,155.0,0.0029512
PPT/BTC,1602308925721,2020-10-10T05:48:45.721Z,sell,1.902e-05,535.0,0.0101757
PPT/BTC,1602308925721,2020-10-10T05:48:45.721Z,sell,1.9e-05,3465.0,0.065835
PPT/BTC,1602308925721,2020-10-10T05:48:45.721Z,sell,1.898e-05,333.0,0.00632034
PPT/BTC,1602308925721,2020-10-10T05:48:45.721Z,sell,1.896e-05,8.0,0.00015168
PPT/BTC,1602308925721,2020-10-10T05:48:45.721Z,sell,1.893e-05,1568.0,0.02968224
PPT/BTC,1602308925721,2020-10-10T05:48:45.721Z,sell,1.889e-05,209.0,0.00394801
PPT/BTC,1602308925721,2020-10-10T05:48:45.721Z,sell,1.887e-05,7.0,0.00013209
PPT/BTC,1602308925721,2020-10-10T05:48:45.721Z,sell,1.885e-05,1258.0,0.0237133
PPT/BTC,1602308925721,2020-10-10T05:48:45.721Z,sell,1.88e-05,1250.0,0.0235
PPT/BTC,1602308925721,2020-10-10T05:48:45.721Z,sell,1.879e-05,11219.0,0.21080501
PPT/BTC,1602308925721,2020-10-10T05:48:45.721Z,sell,1.876e-05,47.0,0.00088172
PPT/BTC,1602308925721,2020-10-10T05:48:45.721Z,sell,1.875e-05,6.0,0.0001125
PPT/BTC,1602308925721,2020-10-10T05:48:45.721Z,sell,1.874e-05,1508.0,0.02825992
PPT/BTC,1602308925721,2020-10-10T05:48:45.721Z,sell,1.871e-05,6.0,0.0001122599999999
PPT/BTC,1602308925721,2020-10-10T05:48:45.721Z,sell,1.866e-05,85.0,0.0015861
PPT/BTC,1602308925721,2020-10-10T05:48:45.721Z,sell,1.864e-05,743.0,0.01384952
PPT/BTC,1602308925721,2020-10-10T05:48:45.721Z,sell,1.863e-05,62.0,0.00115506
PPT/BTC,1602308925721,2020-10-10T05:48:45.721Z,sell,1.862e-05,8.0,0.00014896
PPT/BTC,1602308925721,2020-10-10T05:48:45.721Z,sell,1.86e-05,12.0,0.0002232
PPT/BTC,1602308925721,2020-10-10T05:48:45.721Z,sell,1.859e-05,266.0,0.00494494
PPT/BTC,1602308925721,2020-10-10T05:48:45.721Z,sell,1.851e-05,8.0,0.00014808
PPT/BTC,1602308925721,2020-10-10T05:48:45.721Z,sell,1.848e-05,6.0,0.00011088
PPT/BTC,1602308925721,2020-10-10T05:48:45.721Z,sell,1.846e-05,27.0,0.00049842
PPT/BTC,1602308925721,2020-10-10T05:48:45.721Z,sell,1.845e-05,5410.0,0.0998145
PPT/BTC,1602308925721,2020-10-10T05:48:45.721Z,sell,1.844e-05,120.0,0.0022128
PPT/BTC,1602308925721,2020-10-10T05:48:45.721Z,sell,1.842e-05,272.0,0.00501024
PPT/BTC,1602308925721,2020-10-10T05:48:45.721Z,sell,1.84e-05,138.0,0.0025392
PPT/BTC,1602308925721,2020-10-10T05:48:45.721Z,sell,1.839e-05,29.0,0.00053331
PPT/BTC,1602308925721,2020-10-10T05:48:45.721Z,sell,1.838e-05,48.0,0.00088224
PPT/BTC,1602308925721,2020-10-10T05:48:45.721Z,sell,1.835e-05,219.0,0.0040186499999999
PPT/BTC,1602308925721,2020-10-10T05:48:45.721Z,sell,1.83e-05,276.0,0.0050508
PPT/BTC,1602308925721,2020-10-10T05:48:45.721Z,sell,1.829e-05,8.0,0.00014632
PPT/BTC,1602308925721,2020-10-10T05:48:45.721Z,sell,1.826e-05,28.0,0.00051128
PPT/BTC,1602308925721,2020-10-10T05:48:45.721Z,sell,1.822e-05,88.0,0.0016033599999999
PPT/BTC,1602308925721,2020-10-10T05:48:45.721Z,sell,1.818e-05,16336.0,0.29698848
PPT/BTC,1602308925795,2020-10-10T05:48:45.795Z,buy,1.925e-05,25.0,0.00048125
PPT/BTC,1602308925799,2020-10-10T05:48:45.799Z,buy,1.925e-05,25.0,0.00048125
PPT/BTC,1602308925801,2020-10-10T05:48:45.801Z,buy,1.925e-05,255.0,0.00490875
PPT/BTC,1602308925803,2020-10-10T05:48:45.803Z,buy,1.925e-05,25.0,0.00048125
PPT/BTC,1602308925811,2020-10-10T05:48:45.811Z,buy,1.925e-05,25.0,0.00048125
PPT/BTC,1602308925867,2020-10-10T05:48:45.867Z,buy,1.947e-05,25.0,0.00048675
PPT/BTC,1602308925955,2020-10-10T05:48:45.955Z,sell,1.923e-05,743.0,0.01428789
PPT/BTC,1602308926003,2020-10-10T05:48:46.003Z,sell,1.942e-05,25.0,0.0004855
PPT/BTC,1602308926003,2020-10-10T05:48:46.003Z,sell,1.923e-05,5385.0,0.10355355
PPT/BTC,1602308926013,2020-10-10T05:48:46.013Z,sell,1.923e-05,184.0,0.00353832
PPT/BTC,1602308926015,2020-10-10T05:48:46.015Z,sell,1.923e-05,806.0,0.01549938
PPT/BTC,1602308926176,2020-10-10T05:48:46.176Z,sell,1.924e-05,105.0,0.0020201999999999
PPT/BTC,1602308926176,2020-10-10T05:48:46.176Z,sell,1.923e-05,161.0,0.00309603
PPT/BTC,1602308926189,2020-10-10T05:48:46.189Z,sell,1.923e-05,155.0,0.00298065
PPT/BTC,1602308926190,2020-10-10T05:48:46.190Z,sell,1.923e-05,270.0,0.0051921
PPT/BTC,1602308926201,2020-10-10T05:48:46.201Z,sell,1.923e-05,209.0,0.00401907
PPT/BTC,1602308926214,2020-10-10T05:48:46.214Z,buy,1.942e-05,105.0,0.0020391
PPT/BTC,1602308926214,2020-10-10T05:48:46.214Z,buy,1.943e-05,515.0,0.01000645
PPT/BTC,1602308926214,2020-10-10T05:48:46.214Z,buy,1.947e-05,330.0,0.0064251
PPT/BTC,1602308926214,2020-10-10T05:48:46.214Z,buy,1.948e-05,4919.0,0.09582212
PPT/BTC,1602308926486,2020-10-10T05:48:46.486Z,buy,1.942e-05,12.0,0.00023304
PPT/BTC,1602308926505,2020-10-10T05:48:46.505Z,buy,1.942e-05,314.0,0.00609788
PPT/BTC,1602308926505,2020-10-10T05:48:46.505Z,buy,1.948e-05,1335.0,0.0260058
PPT/BTC,1602308926505,2020-10-10T05:48:46.505Z,buy,1.949e-05,2068.0,0.04030532
PPT/BTC,1602308926505,2020-10-10T05:48:46.505Z,buy,1.952e-05,352.0,0.00687104
PPT/BTC,1602308926572,2020-10-10T05:48:46.572Z,sell,1.924e-05,77.0,0.0014814799999999
PPT/BTC,1602308926873,2020-10-10T05:48:46.873Z,buy,1.938e-05,17.0,0.00032946
PPT/BTC,1602308927024,2020-10-10T05:48:47.024Z,buy,1.938e-05,148.0,0.00286824
PPT/BTC,1602308927024,2020-10-10T05:48:47.024Z,buy,1.943e-05,183.0,0.00355569
PPT/BTC,1602308927024,2020-10-10T05:48:47.024Z,buy,1.948e-05,171.0,0.00333108
PPT/BTC,1602308927039,2020-10-10T05:48:47.039Z,buy,1.952e-05,422.0,0.00823744
PPT/BTC,1602308927048,2020-10-10T05:48:47.048Z,buy,1.952e-05,12.0,0.0002342399999999
PPT/BTC,1602308927269,2020-10-10T05:48:47.269Z,buy,1.952e-05,7.0,0.00013664
PPT/BTC,1602308927298,2020-10-10T05:48:47.298Z,sell,1.951e-05,881.0,0.01718831
PPT/BTC,1602308927317,2020-10-10T05:48:47.317Z,buy,1.928e-05,162.0,0.00312336
PPT/BTC,1602308927318,2020-10-10T05:48:47.318Z,buy,1.928e-05,6870.0,0.1324535999999999
PPT/BTC,1602308927318,2020-10-10T05:48:47.318Z,buy,1.952e-05,304.0,0.0059340799999999
PPT/BTC,1602308927488,2020-10-10T05:48:47.488Z,buy,1.953e-05,91.0,0.00177723
PPT/BTC,1602308927488,2020-10-10T05:48:47.488Z,buy,1.954e-05,852.0,0.01664808
PPT/BTC,1602308928030,2020-10-10T05:48:48.030Z,buy,1.946e-05,20.0,0.0003892
PPT/BTC,1602308928030,2020-10-10T05:48:48.030Z,buy,1.952e-05,7976.0,0.15569152
PPT/BTC,1602308928672,2020-10-10T05:48:48.672Z,buy,1.944e-05,121.0,0.00235224
PPT/BTC,1602308929255,2020-10-10T05:48:49.255Z,buy,1.941e-05,7.0,0.0001358699999999
PPT/BTC,1602308929269,2020-10-10T05:48:49.269Z,buy,1.941e-05,341.0,0.0066188099999999
PPT/BTC,1602308929420,2020-10-10T05:48:49.420Z,buy,1.942e-05,153.0,0.00297126
PPT/BTC,1602308929450,2020-10-10T05:48:49.450Z,sell,1.935e-05,165.0,0.00319275
PPT/BTC,1602308929570,2020-10-10T05:48:49.570Z,buy,1.942e-05,56.0,0.00108752
PPT/BTC,1602308929670,2020-10-10T05:48:49.670Z,buy,1.942e-05,51.0,0.00099042
PPT/BTC,1602308929791,2020-10-10T05:48:49.791Z,sell,1.935e-05,15.0,0.00029025
PPT/BTC,1602308930744,2020-10-10T05:48:50.744Z,buy,1.939e-05,52.0,0.0010082799999999
PPT/BTC,1602308931304,2020-10-10T05:48:51.304Z,buy,1.939e-05,199.0,0.0038586099999999
PPT/BTC,1602308931871,2020-10-10T05:48:51.871Z,sell,1.935e-05,519.0,0.01004265
PPT/BTC,1602308932197,2020-10-10T05:48:52.197Z,sell,1.935e-05,742.0,0.0143577
PPT/BTC,1602308932363,2020-10-10T05:48:52.363Z,sell,1.935e-05,8.0,0.0001548
PPT/BTC,1602308932519,2020-10-10T05:48:52.519Z,sell,1.935e-05,8.0,0.0001548
PPT/BTC,1602308932584,2020-10-10T05:48:52.584Z,sell,1.935e-05,606.0,0.0117261
PPT/BTC,1602308932589,2020-10-10T05:48:52.589Z,buy,1.935e-05,153.0,0.0029605499999999
PPT/BTC,1602308932673,2020-10-10T05:48:52.673Z,buy,1.935e-05,65.0,0.00125775
PPT/BTC,1602308932674,2020-10-10T05:48:52.674Z,buy,1.935e-05,65.0,0.00125775
PPT/BTC,1602308932679,2020-10-10T05:48:52.679Z,sell,1.927e-05,8.0,0.00015416
PPT/BTC,1602308932972,2020-10-10T05:48:52.972Z,buy,1.926e-05,182.0,0.0035053199999999
PPT/BTC,1602308933073,2020-10-10T05:48:53.073Z,buy,1.935e-05,199.0,0.0038506499999999
PPT/BTC,1602308933073,2020-10-10T05:48:53.073Z,buy,1.953e-05,8.0,0.00015624
PPT/BTC,1602308933073,2020-10-10T05:48:53.073Z,buy,1.954e-05,793.0,0.0154952199999999
PPT/BTC,1602308933073,2020-10-10T05:48:53.073Z,buy,1.956e-05,76.0,0.0014865599999999
PPT/BTC,1602308933380,2020-10-10T05:48:53.380Z,sell,1.92e-05,8.0,0.0001536
PPT/BTC,1602308933561,2020-10-10T05:48:53.561Z,sell,1.921e-05,8.0,0.00015368
PPT/BTC,1602308933712,2020-10-10T05:48:53.712Z,sell,1.921e-05,7.0,0.00013447
PPT/BTC,1602308933712,2020-10-10T05:48:53.712Z,sell,1.92e-05,1.0,1.92e-05
PPT/BTC,1602308934086,2020-10-10T05:48:54.086Z,sell,1.921e-05,8.0,0.00015368
PPT/BTC,1602308934368,2020-10-10T05:48:54.368Z,buy,1.954e-05,8.0,0.00015632
PPT/BTC,1602308934368,2020-10-10T05:48:54.368Z,buy,1.955e-05,8.0,0.0001564
PPT/BTC,1602308934447,2020-10-10T05:48:54.447Z,sell,1.955e-05,7.0,0.00013685
PPT/BTC,1602308934472,2020-10-10T05:48:54.472Z,sell,1.955e-05,130.0,0.0025415
PPT/BTC,1602308934599,2020-10-10T05:48:54.599Z,sell,1.924e-05,8.0,0.00015392
PPT/BTC,1602308935246,2020-10-10T05:48:55.246Z,sell,1.924e-05,8.0,0.00015392
PPT/BTC,1602308935571,2020-10-10T05:48:55.571Z,buy,1.929e-05,8.0,0.00015432
PPT/BTC,1602308937364,2020-10-10T05:48:57.364Z,sell,1.935e-05,29.0,0.00056115
PPT/BTC,1602308937534,2020-10-10T05:48:57.534Z,buy,1.941e-05,8.0,0.00015528
PPT/BTC,1602308937534,2020-10-10T05:48:57.534Z,buy,1.944e-05,38.0,0.00073872
PPT/BTC,1602308937572,2020-10-10T05:48:57.572Z,sell,1.945e-05,107.0,0.00208115
PPT/BTC,1602308941455,2020-10-10T05:49:01.455Z,buy,1.949e-05,153.0,0.00298197
