symbol,timestamp,datetime,side,price,amount,btc_volume
QLC/BTC,1598371210736,2020-08-25T16:00:10.736Z,buy,2.47e-06,587.0,0.00144989
QLC/BTC,1598371213363,2020-08-25T16:00:13.363Z,buy,2.47e-06,139.0,0.00034333
QLC/BTC,1598371214119,2020-08-25T16:00:14.119Z,buy,2.47e-06,100.0,0.000247
QLC/BTC,1598371214697,2020-08-25T16:00:14.697Z,buy,2.47e-06,527.0,0.00130169
QLC/BTC,1598371220322,2020-08-25T16:00:20.322Z,buy,2.47e-06,74.0,0.00018278
QLC/BTC,1598371221206,2020-08-25T16:00:21.206Z,buy,2.47e-06,49.0,0.00012103
QLC/BTC,1598371221322,2020-08-25T16:00:21.322Z,buy,2.47e-06,24.0,5.928e-05
QLC/BTC,1598371221322,2020-08-25T16:00:21.322Z,buy,2.48e-06,50.0,0.000124
QLC/BTC,1598371221383,2020-08-25T16:00:21.383Z,buy,2.48e-06,247.0,0.00061256
QLC/BTC,1598371252287,2020-08-25T16:00:52.287Z,buy,2.47e-06,12.0,2.964e-05
QLC/BTC,1598371273173,2020-08-25T16:01:13.173Z,buy,2.47e-06,369.0,0.00091143
QLC/BTC,1598371333482,2020-08-25T16:02:13.482Z,buy,2.47e-06,316.0,0.00078052
QLC/BTC,1598371346346,2020-08-25T16:02:26.346Z,sell,2.46e-06,1069.0,0.00262974
QLC/BTC,1598371361303,2020-08-25T16:02:41.303Z,buy,2.48e-06,44.0,0.00010912
QLC/BTC,1598371363421,2020-08-25T16:02:43.421Z,buy,2.48e-06,44.0,0.00010912
QLC/BTC,1598371365807,2020-08-25T16:02:45.807Z,buy,2.48e-06,44.0,0.00010912
QLC/BTC,1598371370747,2020-08-25T16:02:50.747Z,buy,2.48e-06,44.0,0.00010912
QLC/BTC,1598371478223,2020-08-25T16:04:38.223Z,buy,2.48e-06,36208.0,0.08979584
QLC/BTC,1598371499816,2020-08-25T16:04:59.816Z,buy,2.48e-06,17633.0,0.04372984
QLC/BTC,1598371499823,2020-08-25T16:04:59.823Z,sell,2.48e-06,803.0,0.00199144
QLC/BTC,1598371500423,2020-08-25T16:05:00.423Z,sell,2.48e-06,2718.0,0.00674064
QLC/BTC,1598371500545,2020-08-25T16:05:00.545Z,sell,2.48e-06,2568.0,0.00636864
QLC/BTC,1598371500649,2020-08-25T16:05:00.649Z,sell,2.48e-06,1361.0,0.00337528
QLC/BTC,1598371501004,2020-08-25T16:05:01.004Z,sell,2.48e-06,41.0,0.00010168
QLC/BTC,1598371524549,2020-08-25T16:05:24.549Z,sell,2.48e-06,577.0,0.00143096
QLC/BTC,1598371525369,2020-08-25T16:05:25.369Z,sell,2.48e-06,102.0,0.00025296
QLC/BTC,1598371527829,2020-08-25T16:05:27.829Z,buy,2.49e-06,12.0,2.988e-05
QLC/BTC,1598371541545,2020-08-25T16:05:41.545Z,sell,2.48e-06,5598.0,0.01388304
QLC/BTC,1598371541567,2020-08-25T16:05:41.567Z,sell,2.48e-06,3047.0,0.0075565599999999
QLC/BTC,1598371541724,2020-08-25T16:05:41.724Z,sell,2.48e-06,2050.0,0.005084
QLC/BTC,1598371543003,2020-08-25T16:05:43.003Z,sell,2.48e-06,3080.0,0.0076384
QLC/BTC,1598371543037,2020-08-25T16:05:43.037Z,sell,2.48e-06,1703.0,0.00422344
QLC/BTC,1598371565000,2020-08-25T16:06:05.000Z,buy,2.48e-06,345.0,0.0008556
QLC/BTC,1598371650908,2020-08-25T16:07:30.908Z,buy,2.48e-06,44.0,0.00010912
QLC/BTC,1598371652805,2020-08-25T16:07:32.805Z,buy,2.48e-06,44.0,0.00010912
QLC/BTC,1598371654556,2020-08-25T16:07:34.556Z,buy,2.48e-06,44.0,0.00010912
QLC/BTC,1598371658693,2020-08-25T16:07:38.693Z,buy,2.48e-06,44.0,0.00010912
QLC/BTC,1598371660398,2020-08-25T16:07:40.398Z,buy,2.48e-06,44.0,0.00010912
QLC/BTC,1598371665895,2020-08-25T16:07:45.895Z,buy,2.48e-06,44.0,0.00010912
QLC/BTC,1598371757492,2020-08-25T16:09:17.492Z,sell,2.47e-06,3090.0,0.0076323
QLC/BTC,1598371757492,2020-08-25T16:09:17.492Z,sell,2.46e-06,7197.0,0.01770462
QLC/BTC,1598371757530,2020-08-25T16:09:17.530Z,buy,2.46e-06,573.0,0.00140958
QLC/BTC,1598371808404,2020-08-25T16:10:08.404Z,buy,2.46e-06,81.0,0.00019926
QLC/BTC,1598371937703,2020-08-25T16:12:17.703Z,buy,2.46e-06,270.0,0.0006642
QLC/BTC,1598372379718,2020-08-25T16:19:39.718Z,buy,2.46e-06,2789.0,0.00686094
QLC/BTC,1598372382270,2020-08-25T16:19:42.270Z,sell,2.47e-06,88.0,0.00021736
QLC/BTC,1598372399950,2020-08-25T16:19:59.950Z,sell,2.47e-06,409.0,0.00101023
QLC/BTC,1598372418720,2020-08-25T16:20:18.720Z,sell,2.47e-06,696.0,0.00171912
QLC/BTC,1598372441183,2020-08-25T16:20:41.183Z,sell,2.47e-06,228.0,0.00056316
QLC/BTC,1598372465863,2020-08-25T16:21:05.863Z,sell,2.47e-06,245.0,0.00060515
QLC/BTC,1598372492164,2020-08-25T16:21:32.164Z,sell,2.47e-06,61.0,0.00015067
QLC/BTC,1598372517158,2020-08-25T16:21:57.158Z,buy,2.48e-06,44.0,0.00010912
QLC/BTC,1598372523301,2020-08-25T16:22:03.301Z,sell,2.47e-06,1000.0,0.00247
QLC/BTC,1598372589742,2020-08-25T16:23:09.742Z,buy,2.48e-06,55.0,0.0001364
QLC/BTC,1598372599220,2020-08-25T16:23:19.220Z,buy,2.48e-06,44.0,0.00010912
QLC/BTC,1598372603166,2020-08-25T16:23:23.166Z,buy,2.48e-06,44.0,0.00010912
QLC/BTC,1598372604462,2020-08-25T16:23:24.462Z,buy,2.48e-06,44.0,0.00010912
QLC/BTC,1598372606625,2020-08-25T16:23:26.625Z,buy,2.48e-06,444.0,0.00110112
QLC/BTC,1598372637148,2020-08-25T16:23:57.148Z,buy,2.48e-06,9653.0,0.02393944
QLC/BTC,1598372963345,2020-08-25T16:29:23.345Z,sell,2.47e-06,332.0,0.00082004
QLC/BTC,1598373000944,2020-08-25T16:30:00.944Z,sell,2.47e-06,937.0,0.00231439
QLC/BTC,1598373159943,2020-08-25T16:32:39.943Z,buy,2.48e-06,219.0,0.00054312
QLC/BTC,1598373479032,2020-08-25T16:37:59.032Z,sell,2.46e-06,3000.0,0.00738
QLC/BTC,1598373547336,2020-08-25T16:39:07.336Z,sell,2.46e-06,856.0,0.00210576
QLC/BTC,1598373586445,2020-08-25T16:39:46.445Z,buy,2.47e-06,236.0,0.00058292
QLC/BTC,1598373639895,2020-08-25T16:40:39.895Z,sell,2.46e-06,299.0,0.00073554
QLC/BTC,1598373644033,2020-08-25T16:40:44.033Z,sell,2.46e-06,358.0,0.00088068
QLC/BTC,1598373693219,2020-08-25T16:41:33.219Z,sell,2.46e-06,858.0,0.00211068
QLC/BTC,1598373702401,2020-08-25T16:41:42.401Z,sell,2.46e-06,387.0,0.00095202
QLC/BTC,1598374175482,2020-08-25T16:49:35.482Z,sell,2.46e-06,188.0,0.00046248
QLC/BTC,1598374254928,2020-08-25T16:50:54.928Z,buy,2.47e-06,1013.0,0.00250211
QLC/BTC,1598374312973,2020-08-25T16:51:52.973Z,sell,2.46e-06,505.0,0.0012423
QLC/BTC,1598374349123,2020-08-25T16:52:29.123Z,sell,2.46e-06,205.0,0.0005043
QLC/BTC,1598374484664,2020-08-25T16:54:44.664Z,sell,2.46e-06,467.0,0.00114882
QLC/BTC,1598374518129,2020-08-25T16:55:18.129Z,sell,2.46e-06,312.0,0.00076752
QLC/BTC,1598374518166,2020-08-25T16:55:18.166Z,sell,2.46e-06,247.0,0.00060762
QLC/BTC,1598374575037,2020-08-25T16:56:15.037Z,sell,2.46e-06,8026.0,0.01974396
QLC/BTC,1598374615460,2020-08-25T16:56:55.460Z,sell,2.45e-06,4270.0,0.0104614999999999
QLC/BTC,1598374626249,2020-08-25T16:57:06.249Z,sell,2.45e-06,486.0,0.0011906999999999
QLC/BTC,1598374626264,2020-08-25T16:57:06.264Z,sell,2.45e-06,484.0,0.0011857999999999
QLC/BTC,1598374626494,2020-08-25T16:57:06.494Z,sell,2.45e-06,1944.0,0.0047627999999999
QLC/BTC,1598374637125,2020-08-25T16:57:17.125Z,sell,2.44e-06,216.0,0.00052704
QLC/BTC,1598374637131,2020-08-25T16:57:17.131Z,sell,2.44e-06,472.0,0.00115168
QLC/BTC,1598374638405,2020-08-25T16:57:18.405Z,buy,2.45e-06,6742.0,0.0165179
QLC/BTC,1598374638420,2020-08-25T16:57:18.420Z,sell,2.45e-06,487.0,0.00119315
QLC/BTC,1598374638435,2020-08-25T16:57:18.435Z,sell,2.45e-06,486.0,0.0011906999999999
QLC/BTC,1598374638444,2020-08-25T16:57:18.444Z,sell,2.45e-06,419.0,0.00102655
QLC/BTC,1598374638460,2020-08-25T16:57:18.460Z,sell,2.45e-06,417.0,0.00102165
QLC/BTC,1598374638470,2020-08-25T16:57:18.470Z,sell,2.45e-06,340.0,0.000833
QLC/BTC,1598374638634,2020-08-25T16:57:18.634Z,sell,2.45e-06,3361.0,0.0082344499999999
QLC/BTC,1598374662869,2020-08-25T16:57:42.869Z,sell,2.44e-06,26459.0,0.06455996
QLC/BTC,1598374663756,2020-08-25T16:57:43.756Z,sell,2.43e-06,2429.0,0.00590247
QLC/BTC,1598374663756,2020-08-25T16:57:43.756Z,sell,2.43e-06,2090.0,0.0050787
QLC/BTC,1598374663756,2020-08-25T16:57:43.756Z,sell,2.43e-06,3155.0,0.00766665
QLC/BTC,1598374663756,2020-08-25T16:57:43.756Z,sell,2.43e-06,345.0,0.00083835
QLC/BTC,1598374663996,2020-08-25T16:57:43.996Z,sell,2.43e-06,15729.0,0.03822147
QLC/BTC,1598374668881,2020-08-25T16:57:48.881Z,buy,2.44e-06,102.0,0.00024888
QLC/BTC,1598374715615,2020-08-25T16:58:35.615Z,sell,2.43e-06,12329.0,0.02995947
QLC/BTC,1598374785987,2020-08-25T16:59:45.987Z,sell,2.43e-06,2123.0,0.00515889
QLC/BTC,1598374786223,2020-08-25T16:59:46.223Z,sell,2.43e-06,3033.0,0.00737019
QLC/BTC,1598374787413,2020-08-25T16:59:47.413Z,buy,2.43e-06,2007.0,0.00487701
QLC/BTC,1598374787413,2020-08-25T16:59:47.413Z,buy,2.43e-06,2007.0,0.00487701
QLC/BTC,1598374803078,2020-08-25T17:00:03.078Z,sell,2.42e-06,30394.0,0.07355348
QLC/BTC,1598374805009,2020-08-25T17:00:05.009Z,buy,2.42e-06,426.0,0.00103092
QLC/BTC,1598374806022,2020-08-25T17:00:06.022Z,sell,2.41e-06,7525.0,0.01813525
QLC/BTC,1598374806022,2020-08-25T17:00:06.022Z,sell,2.41e-06,14825.0,0.0357282499999999
QLC/BTC,1598374813355,2020-08-25T17:00:13.355Z,sell,2.41e-06,49.0,0.0001180899999999
QLC/BTC,1598374816812,2020-08-25T17:00:16.812Z,sell,2.41e-06,46.0,0.0001108599999999
QLC/BTC,1598374820904,2020-08-25T17:00:20.904Z,sell,2.41e-06,64.0,0.00015424
QLC/BTC,1598374923408,2020-08-25T17:02:03.408Z,buy,2.42e-06,285.0,0.0006897
QLC/BTC,1598375019459,2020-08-25T17:03:39.459Z,sell,2.41e-06,1444.0,0.0034800399999999
QLC/BTC,1598375020560,2020-08-25T17:03:40.560Z,sell,2.41e-06,246.0,0.00059286
QLC/BTC,1598375076702,2020-08-25T17:04:36.702Z,buy,2.42e-06,58876.0,0.14247992
QLC/BTC,1598375160657,2020-08-25T17:06:00.657Z,sell,2.41e-06,37030.0,0.0892423
QLC/BTC,1598375166188,2020-08-25T17:06:06.188Z,buy,2.42e-06,2007.0,0.00485694
QLC/BTC,1598375186562,2020-08-25T17:06:26.562Z,sell,2.41e-06,516.0,0.0012435599999999
QLC/BTC,1598375194970,2020-08-25T17:06:34.970Z,sell,2.41e-06,43296.0,0.10434336
QLC/BTC,1598375256518,2020-08-25T17:07:36.518Z,sell,2.41e-06,4531.0,0.01091971
QLC/BTC,1598375283729,2020-08-25T17:08:03.729Z,sell,2.41e-06,226.0,0.00054466
QLC/BTC,1598375366229,2020-08-25T17:09:26.229Z,sell,2.41e-06,7904.0,0.01904864
QLC/BTC,1598375376151,2020-08-25T17:09:36.151Z,buy,2.41e-06,233.0,0.00056153
QLC/BTC,1598375383555,2020-08-25T17:09:43.555Z,sell,2.4e-06,191598.0,0.4598352
QLC/BTC,1598375406914,2020-08-25T17:10:06.914Z,buy,2.4e-06,127.0,0.0003048
QLC/BTC,1598375411262,2020-08-25T17:10:11.262Z,buy,2.4e-06,413.0,0.0009912
QLC/BTC,1598375419173,2020-08-25T17:10:19.173Z,sell,2.39e-06,10000.0,0.0239
QLC/BTC,1598375419173,2020-08-25T17:10:19.173Z,sell,2.39e-06,2071.0,0.00494969
QLC/BTC,1598375419173,2020-08-25T17:10:19.173Z,sell,2.39e-06,331.0,0.00079109
QLC/BTC,1598375419173,2020-08-25T17:10:19.173Z,sell,2.38e-06,14380.0,0.0342244
QLC/BTC,1598375419173,2020-08-25T17:10:19.173Z,sell,2.38e-06,4904.0,0.01167152
QLC/BTC,1598375419173,2020-08-25T17:10:19.173Z,sell,2.38e-06,1000.0,0.00238
QLC/BTC,1598375419173,2020-08-25T17:10:19.173Z,sell,2.38e-06,234.0,0.00055692
QLC/BTC,1598375419173,2020-08-25T17:10:19.173Z,sell,2.38e-06,38536.0,0.09171568
QLC/BTC,1598375419173,2020-08-25T17:10:19.173Z,sell,2.38e-06,750.0,0.001785
QLC/BTC,1598375444677,2020-08-25T17:10:44.677Z,buy,2.39e-06,199.0,0.00047561
QLC/BTC,1598375444677,2020-08-25T17:10:44.677Z,buy,2.4e-06,2132.0,0.0051167999999999
QLC/BTC,1598375446752,2020-08-25T17:10:46.752Z,buy,2.4e-06,187.0,0.0004487999999999
QLC/BTC,1598375448606,2020-08-25T17:10:48.606Z,sell,2.39e-06,78.0,0.00018642
QLC/BTC,1598375457934,2020-08-25T17:10:57.934Z,buy,2.4e-06,319.0,0.0007656
QLC/BTC,1598375477046,2020-08-25T17:11:17.046Z,sell,2.39e-06,100.0,0.000239
QLC/BTC,1598375486650,2020-08-25T17:11:26.650Z,sell,2.39e-06,1071.0,0.00255969
QLC/BTC,1598375492185,2020-08-25T17:11:32.185Z,buy,2.39e-06,449.0,0.00107311
QLC/BTC,1598375492776,2020-08-25T17:11:32.776Z,buy,2.39e-06,223.0,0.00053297
QLC/BTC,1598375496755,2020-08-25T17:11:36.755Z,buy,2.39e-06,27708.0,0.06622212
QLC/BTC,1598375512934,2020-08-25T17:11:52.934Z,sell,2.39e-06,10000.0,0.0239
QLC/BTC,1598375516705,2020-08-25T17:11:56.705Z,sell,2.39e-06,10000.0,0.0239
QLC/BTC,1598375534077,2020-08-25T17:12:14.077Z,sell,2.39e-06,4894.0,0.01169666
QLC/BTC,1598375534077,2020-08-25T17:12:14.077Z,sell,2.38e-06,1106.0,0.00263228
QLC/BTC,1598375541146,2020-08-25T17:12:21.146Z,buy,2.39e-06,320.0,0.0007647999999999
QLC/BTC,1598375553864,2020-08-25T17:12:33.864Z,sell,2.38e-06,51732.0,0.12312216
QLC/BTC,1598375555385,2020-08-25T17:12:35.385Z,buy,2.4e-06,473.0,0.0011352
QLC/BTC,1598375561147,2020-08-25T17:12:41.147Z,buy,2.4e-06,2407.0,0.0057767999999999
QLC/BTC,1598375568358,2020-08-25T17:12:48.358Z,sell,2.38e-06,153822.0,0.36609636
QLC/BTC,1598375568418,2020-08-25T17:12:48.418Z,buy,2.38e-06,92.0,0.00021896
QLC/BTC,1598375569230,2020-08-25T17:12:49.230Z,buy,2.38e-06,1830.0,0.0043554
QLC/BTC,1598375570620,2020-08-25T17:12:50.620Z,sell,2.37e-06,608.0,0.00144096
QLC/BTC,1598375570620,2020-08-25T17:12:50.620Z,sell,2.37e-06,2121.0,0.00502677
QLC/BTC,1598375570620,2020-08-25T17:12:50.620Z,sell,2.37e-06,21956.0,0.05203572
QLC/BTC,1598375570620,2020-08-25T17:12:50.620Z,sell,2.36e-06,10266.0,0.0242277599999999
QLC/BTC,1598375570620,2020-08-25T17:12:50.620Z,sell,2.35e-06,51296.0,0.1205456
QLC/BTC,1598375570620,2020-08-25T17:12:50.620Z,sell,2.34e-06,74631.0,0.17463654
QLC/BTC,1598375570620,2020-08-25T17:12:50.620Z,sell,2.33e-06,41691.0,0.09714003
QLC/BTC,1598375570620,2020-08-25T17:12:50.620Z,sell,2.33e-06,6731.0,0.01568323
QLC/BTC,1598375570620,2020-08-25T17:12:50.620Z,sell,2.33e-06,2000.0,0.00466
QLC/BTC,1598375570620,2020-08-25T17:12:50.620Z,sell,2.33e-06,1998.0,0.00465534
QLC/BTC,1598375570620,2020-08-25T17:12:50.620Z,sell,2.33e-06,785.0,0.00182905
QLC/BTC,1598375570634,2020-08-25T17:12:50.634Z,buy,2.33e-06,688.0,0.00160304
QLC/BTC,1598375570637,2020-08-25T17:12:50.637Z,buy,2.33e-06,3114.0,0.00725562
QLC/BTC,1598375570638,2020-08-25T17:12:50.638Z,buy,2.33e-06,9878.0,0.02301574
QLC/BTC,1598375570638,2020-08-25T17:12:50.638Z,buy,2.34e-06,211.0,0.00049374
QLC/BTC,1598375570639,2020-08-25T17:12:50.639Z,buy,2.34e-06,10089.0,0.02360826
QLC/BTC,1598375570639,2020-08-25T17:12:50.639Z,buy,2.34e-06,695.0,0.0016263
QLC/BTC,1598375570640,2020-08-25T17:12:50.640Z,buy,2.34e-06,1048.0,0.00245232
QLC/BTC,1598375570640,2020-08-25T17:12:50.640Z,buy,2.34e-06,8519.0,0.01993446
QLC/BTC,1598375570640,2020-08-25T17:12:50.640Z,buy,2.34e-06,231.0,0.00054054
QLC/BTC,1598375570640,2020-08-25T17:12:50.640Z,buy,2.34e-06,2525.0,0.0059085
QLC/BTC,1598375570641,2020-08-25T17:12:50.641Z,buy,2.34e-06,787.0,0.00184158
QLC/BTC,1598375570642,2020-08-25T17:12:50.642Z,buy,2.34e-06,565.0,0.0013221
QLC/BTC,1598375570642,2020-08-25T17:12:50.642Z,buy,2.35e-06,17382.0,0.0408477
QLC/BTC,1598375570673,2020-08-25T17:12:50.673Z,buy,2.34e-06,1249.0,0.00292266
QLC/BTC,1598375570673,2020-08-25T17:12:50.673Z,buy,2.35e-06,1932.0,0.0045402
QLC/BTC,1598375570787,2020-08-25T17:12:50.787Z,buy,2.35e-06,3255.0,0.00764925
QLC/BTC,1598375570806,2020-08-25T17:12:50.806Z,sell,2.34e-06,8470.0,0.0198198
QLC/BTC,1598375570980,2020-08-25T17:12:50.980Z,buy,2.35e-06,2347.0,0.00551545
QLC/BTC,1598375571180,2020-08-25T17:12:51.180Z,buy,2.35e-06,6549.0,0.01539015
QLC/BTC,1598375571225,2020-08-25T17:12:51.225Z,sell,2.34e-06,18014.0,0.04215276
QLC/BTC,1598375571260,2020-08-25T17:12:51.260Z,buy,2.36e-06,10953.0,0.02584908
QLC/BTC,1598375571746,2020-08-25T17:12:51.746Z,buy,2.36e-06,79.0,0.0001864399999999
QLC/BTC,1598375572102,2020-08-25T17:12:52.102Z,buy,2.36e-06,7192.0,0.0169731199999999
QLC/BTC,1598375573097,2020-08-25T17:12:53.097Z,sell,2.34e-06,7596.0,0.01777464
QLC/BTC,1598375573097,2020-08-25T17:12:53.097Z,sell,2.33e-06,6451.0,0.01503083
QLC/BTC,1598375573097,2020-08-25T17:12:53.097Z,sell,2.32e-06,1300.0,0.0030159999999999
QLC/BTC,1598375574079,2020-08-25T17:12:54.079Z,buy,2.34e-06,455.0,0.0010647
QLC/BTC,1598375574079,2020-08-25T17:12:54.079Z,buy,2.35e-06,451.0,0.00105985
QLC/BTC,1598375574079,2020-08-25T17:12:54.079Z,buy,2.36e-06,9254.0,0.0218394399999999
QLC/BTC,1598375575223,2020-08-25T17:12:55.223Z,buy,2.36e-06,82.0,0.0001935199999999
QLC/BTC,1598375575848,2020-08-25T17:12:55.848Z,sell,2.35e-06,46.0,0.0001081
QLC/BTC,1598375580775,2020-08-25T17:13:00.775Z,buy,2.35e-06,420.0,0.000987
QLC/BTC,1598375581212,2020-08-25T17:13:01.212Z,buy,2.35e-06,199.0,0.00046765
QLC/BTC,1598375582376,2020-08-25T17:13:02.376Z,buy,2.35e-06,200.0,0.00047
QLC/BTC,1598375588360,2020-08-25T17:13:08.360Z,buy,2.35e-06,691.0,0.00162385
QLC/BTC,1598375588360,2020-08-25T17:13:08.360Z,buy,2.36e-06,602.0,0.0014207199999999
QLC/BTC,1598375588659,2020-08-25T17:13:08.659Z,sell,2.34e-06,46.0,0.00010764
QLC/BTC,1598375596949,2020-08-25T17:13:16.949Z,sell,2.34e-06,13123.0,0.03070782
QLC/BTC,1598375596949,2020-08-25T17:13:16.949Z,sell,2.33e-06,7975.0,0.01858175
QLC/BTC,1598375598637,2020-08-25T17:13:18.637Z,sell,2.33e-06,2110.0,0.0049163
QLC/BTC,1598375600390,2020-08-25T17:13:20.390Z,buy,2.35e-06,3558.0,0.0083613
QLC/BTC,1598375616448,2020-08-25T17:13:36.448Z,buy,2.35e-06,321.0,0.00075435
QLC/BTC,1598375617984,2020-08-25T17:13:37.984Z,buy,2.35e-06,403.0,0.00094705
QLC/BTC,1598375642841,2020-08-25T17:14:02.841Z,sell,2.34e-06,57169.0,0.13377546
QLC/BTC,1598375644603,2020-08-25T17:14:04.603Z,buy,2.34e-06,3743.0,0.00875862
QLC/BTC,1598375645234,2020-08-25T17:14:05.234Z,buy,2.34e-06,1292.0,0.00302328
QLC/BTC,1598375646016,2020-08-25T17:14:06.016Z,buy,2.34e-06,800.0,0.001872
QLC/BTC,1598375657861,2020-08-25T17:14:17.861Z,buy,2.34e-06,177.0,0.00041418
QLC/BTC,1598375662534,2020-08-25T17:14:22.534Z,buy,2.34e-06,38983.0,0.09122022
QLC/BTC,1598375665991,2020-08-25T17:14:25.991Z,buy,2.34e-06,490.0,0.0011466
QLC/BTC,1598375682215,2020-08-25T17:14:42.215Z,buy,2.34e-06,307.0,0.00071838
QLC/BTC,1598375686262,2020-08-25T17:14:46.262Z,sell,2.34e-06,7127.0,0.01667718
QLC/BTC,1598375688523,2020-08-25T17:14:48.523Z,buy,2.34e-06,206.0,0.00048204
QLC/BTC,1598375690753,2020-08-25T17:14:50.753Z,buy,2.34e-06,477.0,0.00111618
QLC/BTC,1598375693417,2020-08-25T17:14:53.417Z,sell,2.33e-06,10708.0,0.02494964
QLC/BTC,1598375694918,2020-08-25T17:14:54.918Z,buy,2.34e-06,2310.0,0.0054054
QLC/BTC,1598375714637,2020-08-25T17:15:14.637Z,buy,2.34e-06,1105.0,0.0025857
QLC/BTC,1598375764382,2020-08-25T17:16:04.382Z,buy,2.35e-06,1045.0,0.00245575
QLC/BTC,1598375766551,2020-08-25T17:16:06.551Z,buy,2.35e-06,1045.0,0.00245575
QLC/BTC,1598375769885,2020-08-25T17:16:09.885Z,buy,2.35e-06,1045.0,0.00245575
QLC/BTC,1598375771781,2020-08-25T17:16:11.781Z,buy,2.35e-06,5102.0,0.0119896999999999
QLC/BTC,1598375780429,2020-08-25T17:16:20.429Z,buy,2.35e-06,9743.0,0.02289605
QLC/BTC,1598375780436,2020-08-25T17:16:20.436Z,sell,2.35e-06,5928.0,0.0139308
QLC/BTC,1598375780436,2020-08-25T17:16:20.436Z,sell,2.35e-06,5928.0,0.0139308
QLC/BTC,1598375780438,2020-08-25T17:16:20.438Z,sell,2.35e-06,5928.0,0.0139308
QLC/BTC,1598375780439,2020-08-25T17:16:20.439Z,sell,2.35e-06,5928.0,0.0139308
QLC/BTC,1598375780476,2020-08-25T17:16:20.476Z,sell,2.35e-06,3923.0,0.00921905
QLC/BTC,1598375825247,2020-08-25T17:17:05.247Z,buy,2.36e-06,230.0,0.0005428
QLC/BTC,1598375828206,2020-08-25T17:17:08.206Z,buy,2.36e-06,2371.0,0.0055955599999999
QLC/BTC,1598375839003,2020-08-25T17:17:19.003Z,buy,2.36e-06,4343.0,0.01024948
QLC/BTC,1598375860850,2020-08-25T17:17:40.850Z,buy,2.36e-06,417.0,0.00098412
QLC/BTC,1598375872167,2020-08-25T17:17:52.167Z,buy,2.36e-06,104.0,0.00024544
QLC/BTC,1598375897818,2020-08-25T17:18:17.818Z,buy,2.36e-06,8586.0,0.02026296
QLC/BTC,1598375905218,2020-08-25T17:18:25.218Z,buy,2.36e-06,105.0,0.0002478
QLC/BTC,1598375946336,2020-08-25T17:19:06.336Z,buy,2.36e-06,1138.0,0.0026856799999999
QLC/BTC,1598375946481,2020-08-25T17:19:06.481Z,sell,2.36e-06,1000.0,0.0023599999999999
QLC/BTC,1598375961874,2020-08-25T17:19:21.874Z,sell,2.36e-06,2124.0,0.00501264
QLC/BTC,1598375961874,2020-08-25T17:19:21.874Z,sell,2.35e-06,70077.0,0.16468095
QLC/BTC,1598375962342,2020-08-25T17:19:22.342Z,buy,2.35e-06,18766.0,0.0441000999999999
QLC/BTC,1598375962366,2020-08-25T17:19:22.366Z,buy,2.35e-06,550.0,0.0012925
QLC/BTC,1598375964272,2020-08-25T17:19:24.272Z,sell,2.34e-06,682.0,0.00159588
QLC/BTC,1598375964498,2020-08-25T17:19:24.498Z,buy,2.35e-06,403.0,0.00094705
QLC/BTC,1598375986545,2020-08-25T17:19:46.545Z,buy,2.35e-06,86.0,0.0002021
QLC/BTC,1598376005565,2020-08-25T17:20:05.565Z,buy,2.35e-06,2340.0,0.0054989999999999
QLC/BTC,1598376038112,2020-08-25T17:20:38.112Z,buy,2.35e-06,1141.0,0.00268135
QLC/BTC,1598376038225,2020-08-25T17:20:38.225Z,buy,2.35e-06,3281.0,0.0077103499999999
QLC/BTC,1598376053516,2020-08-25T17:20:53.516Z,buy,2.35e-06,1341.0,0.00315135
QLC/BTC,1598376053763,2020-08-25T17:20:53.763Z,sell,2.35e-06,81.0,0.00019035
QLC/BTC,1598376073021,2020-08-25T17:21:13.021Z,buy,2.36e-06,480.0,0.0011328
QLC/BTC,1598376132750,2020-08-25T17:22:12.750Z,sell,2.35e-06,14096.0,0.0331256
QLC/BTC,1598376132846,2020-08-25T17:22:12.846Z,sell,2.35e-06,23341.0,0.05485135
QLC/BTC,1598376133019,2020-08-25T17:22:13.019Z,sell,2.35e-06,955.0,0.00224425
QLC/BTC,1598376191658,2020-08-25T17:23:11.658Z,buy,2.36e-06,1770.0,0.0041772
QLC/BTC,1598376198633,2020-08-25T17:23:18.633Z,buy,2.36e-06,618.0,0.0014584799999999
QLC/BTC,1598376229748,2020-08-25T17:23:49.748Z,buy,2.36e-06,25943.0,0.06122548
QLC/BTC,1598376254699,2020-08-25T17:24:14.699Z,sell,2.36e-06,16952.0,0.0400067199999999
QLC/BTC,1598376334198,2020-08-25T17:25:34.198Z,sell,2.36e-06,251.0,0.00059236
QLC/BTC,1598376340548,2020-08-25T17:25:40.548Z,sell,2.36e-06,199.0,0.0004696399999999
QLC/BTC,1598376400527,2020-08-25T17:26:40.527Z,sell,2.36e-06,4168.0,0.00983648
QLC/BTC,1598376512592,2020-08-25T17:28:32.592Z,buy,2.37e-06,844.0,0.00200028
QLC/BTC,1598376542233,2020-08-25T17:29:02.233Z,buy,2.37e-06,12.0,2.844e-05
QLC/BTC,1598376600978,2020-08-25T17:30:00.978Z,sell,2.36e-06,838.0,0.00197768
QLC/BTC,1598376603856,2020-08-25T17:30:03.856Z,buy,2.37e-06,46.0,0.00010902
QLC/BTC,1598376611151,2020-08-25T17:30:11.151Z,sell,2.36e-06,258.0,0.00060888
QLC/BTC,1598376628561,2020-08-25T17:30:28.561Z,buy,2.37e-06,15.0,3.5550000000000004e-05
QLC/BTC,1598376637876,2020-08-25T17:30:37.876Z,buy,2.37e-06,7547.0,0.01788639
QLC/BTC,1598376685493,2020-08-25T17:31:25.493Z,buy,2.38e-06,3719.0,0.00885122
QLC/BTC,1598376688325,2020-08-25T17:31:28.325Z,buy,2.38e-06,7345.0,0.0174811
QLC/BTC,1598376688325,2020-08-25T17:31:28.325Z,buy,2.39e-06,27628.0,0.0660309199999999
QLC/BTC,1598376688341,2020-08-25T17:31:28.341Z,sell,2.39e-06,8519.0,0.02036041
QLC/BTC,1598376688345,2020-08-25T17:31:28.345Z,sell,2.39e-06,123.0,0.00029397
QLC/BTC,1598376690481,2020-08-25T17:31:30.481Z,sell,2.38e-06,3919.0,0.00932722
QLC/BTC,1598376849060,2020-08-25T17:34:09.060Z,sell,2.38e-06,156.0,0.00037128
QLC/BTC,1598376857569,2020-08-25T17:34:17.569Z,buy,2.38e-06,564.0,0.00134232
QLC/BTC,1598376857592,2020-08-25T17:34:17.592Z,buy,2.38e-06,565.0,0.0013447
QLC/BTC,1598376874236,2020-08-25T17:34:34.236Z,buy,2.38e-06,460.0,0.0010948
QLC/BTC,1598376956671,2020-08-25T17:35:56.671Z,buy,2.38e-06,1225.0,0.0029155
QLC/BTC,1598376985291,2020-08-25T17:36:25.291Z,buy,2.38e-06,2694.0,0.00641172
QLC/BTC,1598376994665,2020-08-25T17:36:34.665Z,buy,2.39e-06,3236.0,0.00773404
QLC/BTC,1598377108587,2020-08-25T17:38:28.587Z,sell,2.37e-06,24621.0,0.05835177
QLC/BTC,1598377189038,2020-08-25T17:39:49.038Z,sell,2.37e-06,54.0,0.00012798
QLC/BTC,1598377344663,2020-08-25T17:42:24.663Z,sell,2.37e-06,1500.0,0.003555
QLC/BTC,1598377346348,2020-08-25T17:42:26.348Z,sell,2.37e-06,11074.0,0.02624538
QLC/BTC,1598377370318,2020-08-25T17:42:50.318Z,buy,2.37e-06,3799.0,0.00900363
QLC/BTC,1598377436974,2020-08-25T17:43:56.974Z,buy,2.37e-06,692.0,0.00164004
QLC/BTC,1598377475774,2020-08-25T17:44:35.774Z,buy,2.37e-06,3919.0,0.00928803
QLC/BTC,1598377478436,2020-08-25T17:44:38.436Z,buy,2.38e-06,49255.0,0.1172269
QLC/BTC,1598377482223,2020-08-25T17:44:42.223Z,buy,2.38e-06,8392.0,0.01997296
QLC/BTC,1598377482223,2020-08-25T17:44:42.223Z,buy,2.39e-06,3766.0,0.00900074
QLC/BTC,1598377484223,2020-08-25T17:44:44.223Z,buy,2.39e-06,2976.0,0.00711264
QLC/BTC,1598377486099,2020-08-25T17:44:46.099Z,buy,2.39e-06,732.0,0.00174948
QLC/BTC,1598377487861,2020-08-25T17:44:47.861Z,buy,2.39e-06,183.0,0.00043737
QLC/BTC,1598377489654,2020-08-25T17:44:49.654Z,buy,2.39e-06,46.0,0.00010994
QLC/BTC,1598377537508,2020-08-25T17:45:37.508Z,buy,2.38e-06,8068.0,0.01920184
QLC/BTC,1598377550647,2020-08-25T17:45:50.647Z,buy,2.38e-06,588.0,0.00139944
QLC/BTC,1598377714838,2020-08-25T17:48:34.838Z,sell,2.37e-06,5733.0,0.01358721
QLC/BTC,1598377714845,2020-08-25T17:48:34.845Z,sell,2.37e-06,656.0,0.00155472
QLC/BTC,1598377717830,2020-08-25T17:48:37.830Z,sell,2.36e-06,73461.0,0.17336796
QLC/BTC,1598377717844,2020-08-25T17:48:37.844Z,buy,2.36e-06,582.0,0.0013735199999999
QLC/BTC,1598377718046,2020-08-25T17:48:38.046Z,sell,2.36e-06,2499.0,0.00589764
QLC/BTC,1598377737670,2020-08-25T17:48:57.670Z,sell,2.36e-06,2107.0,0.0049725199999999
QLC/BTC,1598377737670,2020-08-25T17:48:57.670Z,sell,2.35e-06,10022.0,0.0235517
QLC/BTC,1598377737712,2020-08-25T17:48:57.712Z,buy,2.37e-06,419.0,0.00099303
QLC/BTC,1598377746485,2020-08-25T17:49:06.485Z,sell,2.36e-06,1225.0,0.002891
QLC/BTC,1598377777046,2020-08-25T17:49:37.046Z,sell,2.36e-06,576.0,0.00135936
QLC/BTC,1598377783300,2020-08-25T17:49:43.300Z,sell,2.36e-06,576.0,0.00135936
QLC/BTC,1598377886424,2020-08-25T17:51:26.424Z,buy,2.37e-06,2531.0,0.00599847
QLC/BTC,1598377924567,2020-08-25T17:52:04.567Z,sell,2.37e-06,4604.0,0.01091148
QLC/BTC,1598378027931,2020-08-25T17:53:47.931Z,buy,2.37e-06,1785.0,0.00423045
QLC/BTC,1598378137895,2020-08-25T17:55:37.895Z,sell,2.36e-06,2499.0,0.00589764
QLC/BTC,1598378137941,2020-08-25T17:55:37.941Z,buy,2.36e-06,1407.0,0.00332052
QLC/BTC,1598378300080,2020-08-25T17:58:20.080Z,buy,2.36e-06,105.0,0.0002478
QLC/BTC,1598378328934,2020-08-25T17:58:48.934Z,buy,2.36e-06,10000.0,0.0236
QLC/BTC,1598378328934,2020-08-25T17:58:48.934Z,buy,2.36e-06,10000.0,0.0236
QLC/BTC,1598378402635,2020-08-25T18:00:02.635Z,buy,2.37e-06,136802.0,0.32422074
QLC/BTC,1598378438894,2020-08-25T18:00:38.894Z,buy,2.38e-06,221.0,0.00052598
QLC/BTC,1598378454765,2020-08-25T18:00:54.765Z,buy,2.38e-06,5309.0,0.01263542
QLC/BTC,1598378529713,2020-08-25T18:02:09.713Z,sell,2.38e-06,29352.0,0.06985776
QLC/BTC,1598378533420,2020-08-25T18:02:13.420Z,buy,2.38e-06,1948.0,0.00463624
QLC/BTC,1598378589640,2020-08-25T18:03:09.640Z,buy,2.38e-06,339.0,0.00080682
QLC/BTC,1598378643291,2020-08-25T18:04:03.291Z,buy,2.38e-06,2500.0,0.00595
QLC/BTC,1598378644556,2020-08-25T18:04:04.556Z,buy,2.38e-06,2500.0,0.00595
QLC/BTC,1598378645203,2020-08-25T18:04:05.203Z,buy,2.38e-06,2500.0,0.00595
QLC/BTC,1598378646025,2020-08-25T18:04:06.025Z,buy,2.38e-06,2500.0,0.00595
QLC/BTC,1598378650574,2020-08-25T18:04:10.574Z,buy,2.38e-06,2500.0,0.00595
QLC/BTC,1598378788000,2020-08-25T18:06:28.000Z,sell,2.37e-06,6419.0,0.01521303
QLC/BTC,1598378793768,2020-08-25T18:06:33.768Z,sell,2.36e-06,48484.0,0.11442224
QLC/BTC,1598378793783,2020-08-25T18:06:33.783Z,buy,2.36e-06,8519.0,0.02010484
QLC/BTC,1598378793800,2020-08-25T18:06:33.800Z,buy,2.36e-06,3810.0,0.0089915999999999
QLC/BTC,1598378797907,2020-08-25T18:06:37.907Z,buy,2.36e-06,82.0,0.0001935199999999
QLC/BTC,1598378799619,2020-08-25T18:06:39.619Z,buy,2.36e-06,89.0,0.00021004
QLC/BTC,1598378804217,2020-08-25T18:06:44.217Z,sell,2.35e-06,4315.0,0.01014025
QLC/BTC,1598378851497,2020-08-25T18:07:31.497Z,buy,2.36e-06,187.0,0.00044132
QLC/BTC,1598378878031,2020-08-25T18:07:58.031Z,sell,2.35e-06,11154.0,0.0262119
QLC/BTC,1598378976399,2020-08-25T18:09:36.399Z,sell,2.35e-06,2618.0,0.0061522999999999
QLC/BTC,1598378976449,2020-08-25T18:09:36.449Z,buy,2.35e-06,3736.0,0.0087796
QLC/BTC,1598378976464,2020-08-25T18:09:36.464Z,buy,2.35e-06,530.0,0.0012455
QLC/BTC,1598378976751,2020-08-25T18:09:36.751Z,buy,2.35e-06,4435.0,0.01042225
QLC/BTC,1598378977752,2020-08-25T18:09:37.752Z,buy,2.35e-06,2073.0,0.00487155
QLC/BTC,1598379022132,2020-08-25T18:10:22.132Z,sell,2.35e-06,4845.0,0.01138575
QLC/BTC,1598379022171,2020-08-25T18:10:22.171Z,buy,2.35e-06,2270.0,0.0053345
QLC/BTC,1598379024174,2020-08-25T18:10:24.174Z,buy,2.35e-06,205.0,0.00048175
QLC/BTC,1598379026372,2020-08-25T18:10:26.372Z,buy,2.35e-06,1483.0,0.00348505
QLC/BTC,1598379068396,2020-08-25T18:11:08.396Z,buy,2.35e-06,85.0,0.00019975
QLC/BTC,1598379114568,2020-08-25T18:11:54.568Z,buy,2.35e-06,244.0,0.0005734
QLC/BTC,1598379115751,2020-08-25T18:11:55.751Z,buy,2.35e-06,244.0,0.0005734
QLC/BTC,1598379145719,2020-08-25T18:12:25.719Z,buy,2.35e-06,2978.0,0.0069983
QLC/BTC,1598379239955,2020-08-25T18:13:59.955Z,buy,2.35e-06,4354.0,0.0102319
QLC/BTC,1598379255398,2020-08-25T18:14:15.398Z,sell,2.35e-06,5089.0,0.01195915
QLC/BTC,1598379316024,2020-08-25T18:15:16.024Z,sell,2.35e-06,5260.0,0.012361
QLC/BTC,1598379316024,2020-08-25T18:15:16.024Z,sell,2.34e-06,155.0,0.0003627
QLC/BTC,1598379334078,2020-08-25T18:15:34.078Z,buy,2.36e-06,119.0,0.00028084
QLC/BTC,1598379359665,2020-08-25T18:15:59.665Z,buy,2.36e-06,121.0,0.0002855599999999
QLC/BTC,1598379389106,2020-08-25T18:16:29.106Z,sell,2.35e-06,2965.0,0.00696775
QLC/BTC,1598379427193,2020-08-25T18:17:07.193Z,buy,2.36e-06,279.0,0.0006584399999999
QLC/BTC,1598379458525,2020-08-25T18:17:38.525Z,buy,2.36e-06,342.0,0.0008071199999999
QLC/BTC,1598379464986,2020-08-25T18:17:44.986Z,sell,2.35e-06,40054.0,0.0941269
QLC/BTC,1598379649408,2020-08-25T18:20:49.408Z,buy,2.36e-06,3098.0,0.00731128
QLC/BTC,1598379656148,2020-08-25T18:20:56.148Z,buy,2.36e-06,67452.0,0.15918672
QLC/BTC,1598379667025,2020-08-25T18:21:07.025Z,sell,2.35e-06,5000.0,0.01175
QLC/BTC,1598379690977,2020-08-25T18:21:30.977Z,buy,2.36e-06,50.0,0.000118
QLC/BTC,1598379695671,2020-08-25T18:21:35.671Z,buy,2.36e-06,50.0,0.000118
QLC/BTC,1598379703909,2020-08-25T18:21:43.909Z,buy,2.36e-06,1311.0,0.0030939599999999
QLC/BTC,1598379724152,2020-08-25T18:22:04.152Z,sell,2.35e-06,77.0,0.00018095
QLC/BTC,1598379724167,2020-08-25T18:22:04.167Z,buy,2.35e-06,2468.0,0.0057998
QLC/BTC,1598379726562,2020-08-25T18:22:06.562Z,sell,2.35e-06,94000.0,0.2208999999999999
QLC/BTC,1598379726562,2020-08-25T18:22:06.562Z,sell,2.34e-06,82586.0,0.19325124
QLC/BTC,1598379727182,2020-08-25T18:22:07.182Z,buy,2.35e-06,3919.0,0.00920965
QLC/BTC,1598379786380,2020-08-25T18:23:06.380Z,buy,2.36e-06,7556.0,0.01783216
QLC/BTC,1598379790467,2020-08-25T18:23:10.467Z,buy,2.36e-06,5000.0,0.0118
QLC/BTC,1598379790482,2020-08-25T18:23:10.482Z,buy,2.36e-06,44775.0,0.105669
QLC/BTC,1598379836890,2020-08-25T18:23:56.890Z,buy,2.37e-06,20000.0,0.0474
QLC/BTC,1598379860251,2020-08-25T18:24:20.251Z,buy,2.37e-06,228.0,0.00054036
QLC/BTC,1598379863800,2020-08-25T18:24:23.800Z,sell,2.37e-06,426.0,0.00100962
QLC/BTC,1598380082511,2020-08-25T18:28:02.511Z,sell,2.36e-06,5000.0,0.0118
QLC/BTC,1598380102645,2020-08-25T18:28:22.645Z,sell,2.36e-06,1028.0,0.0024260799999999
QLC/BTC,1598380118075,2020-08-25T18:28:38.075Z,buy,2.37e-06,85.0,0.00020145
QLC/BTC,1598380154763,2020-08-25T18:29:14.763Z,buy,2.38e-06,5499.0,0.01308762
QLC/BTC,1598380211147,2020-08-25T18:30:11.147Z,buy,2.39e-06,609.0,0.00145551
QLC/BTC,1598380215675,2020-08-25T18:30:15.675Z,buy,2.39e-06,147.0,0.00035133
QLC/BTC,1598380216395,2020-08-25T18:30:16.395Z,buy,2.39e-06,554.0,0.00132406
QLC/BTC,1598380216637,2020-08-25T18:30:16.637Z,buy,2.39e-06,77.0,0.00018403
QLC/BTC,1598380217072,2020-08-25T18:30:17.072Z,buy,2.39e-06,78.0,0.00018642
QLC/BTC,1598380219302,2020-08-25T18:30:19.302Z,buy,2.39e-06,52.0,0.00012428
QLC/BTC,1598380254324,2020-08-25T18:30:54.324Z,sell,2.38e-06,171292.0,0.40767496
QLC/BTC,1598380254335,2020-08-25T18:30:54.335Z,sell,2.38e-06,3919.0,0.00932722
QLC/BTC,1598380312840,2020-08-25T18:31:52.840Z,sell,2.37e-06,5000.0,0.01185
QLC/BTC,1598380343859,2020-08-25T18:32:23.859Z,buy,2.38e-06,696.0,0.00165648
QLC/BTC,1598380344122,2020-08-25T18:32:24.122Z,buy,2.38e-06,7929.0,0.01887102
QLC/BTC,1598380379089,2020-08-25T18:32:59.089Z,buy,2.39e-06,39467.0,0.09432613
QLC/BTC,1598380391796,2020-08-25T18:33:11.796Z,sell,2.39e-06,105.0,0.00025095
QLC/BTC,1598380457508,2020-08-25T18:34:17.508Z,buy,2.4e-06,8861.0,0.0212663999999999
QLC/BTC,1598380493073,2020-08-25T18:34:53.073Z,buy,2.4e-06,49812.0,0.1195488
QLC/BTC,1598380493412,2020-08-25T18:34:53.412Z,sell,2.4e-06,267.0,0.0006408
QLC/BTC,1598380498804,2020-08-25T18:34:58.804Z,sell,2.4e-06,8519.0,0.0204455999999999
QLC/BTC,1598380511296,2020-08-25T18:35:11.296Z,sell,2.4e-06,5000.0,0.012
QLC/BTC,1598380525125,2020-08-25T18:35:25.125Z,buy,2.41e-06,8879.0,0.02139839
QLC/BTC,1598380526406,2020-08-25T18:35:26.406Z,sell,2.41e-06,50.0,0.0001204999999999
QLC/BTC,1598380539771,2020-08-25T18:35:39.771Z,buy,2.42e-06,13271.0,0.03211582
QLC/BTC,1598380546450,2020-08-25T18:35:46.450Z,buy,2.42e-06,50.0,0.000121
QLC/BTC,1598380568464,2020-08-25T18:36:08.464Z,sell,2.41e-06,84.0,0.00020244
QLC/BTC,1598380583293,2020-08-25T18:36:23.293Z,sell,2.41e-06,574.0,0.0013833399999999
QLC/BTC,1598380622462,2020-08-25T18:37:02.462Z,sell,2.42e-06,700.0,0.001694
QLC/BTC,1598380623003,2020-08-25T18:37:03.003Z,sell,2.42e-06,418.0,0.00101156
QLC/BTC,1598380629313,2020-08-25T18:37:09.313Z,buy,2.43e-06,3201.0,0.00777843
QLC/BTC,1598380647859,2020-08-25T18:37:27.859Z,buy,2.43e-06,42546.0,0.10338678
QLC/BTC,1598380649048,2020-08-25T18:37:29.048Z,sell,2.43e-06,973.0,0.00236439
QLC/BTC,1598380651077,2020-08-25T18:37:31.077Z,sell,2.43e-06,973.0,0.00236439
QLC/BTC,1598380653056,2020-08-25T18:37:33.056Z,sell,2.43e-06,524.0,0.00127332
QLC/BTC,1598380653068,2020-08-25T18:37:33.068Z,sell,2.43e-06,24319.0,0.05909517
QLC/BTC,1598380846196,2020-08-25T18:40:46.196Z,sell,2.42e-06,2051.0,0.00496342
QLC/BTC,1598380917638,2020-08-25T18:41:57.638Z,buy,2.43e-06,28033.0,0.06812019
QLC/BTC,1598380917947,2020-08-25T18:41:57.947Z,sell,2.43e-06,104.0,0.00025272
QLC/BTC,1598380931615,2020-08-25T18:42:11.615Z,buy,2.44e-06,6699.0,0.01634556
QLC/BTC,1598380943280,2020-08-25T18:42:23.280Z,buy,2.44e-06,330.0,0.0008052
QLC/BTC,1598380960799,2020-08-25T18:42:40.799Z,buy,2.44e-06,25608.0,0.06248352
QLC/BTC,1598380960809,2020-08-25T18:42:40.809Z,sell,2.44e-06,808.0,0.00197152
QLC/BTC,1598380981659,2020-08-25T18:43:01.659Z,buy,2.44e-06,658.0,0.00160552
QLC/BTC,1598380981659,2020-08-25T18:43:01.659Z,buy,2.45e-06,24661.0,0.0604194499999999
QLC/BTC,1598380983136,2020-08-25T18:43:03.136Z,buy,2.45e-06,81.0,0.00019845
QLC/BTC,1598381010964,2020-08-25T18:43:30.964Z,buy,2.44e-06,4082.0,0.00996008
QLC/BTC,1598381019959,2020-08-25T18:43:39.959Z,buy,2.44e-06,13096.0,0.03195424
QLC/BTC,1598381027111,2020-08-25T18:43:47.111Z,buy,2.44e-06,6394.0,0.01560136
QLC/BTC,1598381171587,2020-08-25T18:46:11.587Z,sell,2.43e-06,14688.0,0.03569184
QLC/BTC,1598381173431,2020-08-25T18:46:13.431Z,sell,2.43e-06,12159.0,0.02954637
QLC/BTC,1598381200271,2020-08-25T18:46:40.271Z,buy,2.43e-06,194.0,0.00047142
QLC/BTC,1598381227067,2020-08-25T18:47:07.067Z,buy,2.43e-06,206.0,0.00050058
QLC/BTC,1598381236577,2020-08-25T18:47:16.577Z,sell,2.42e-06,17661.0,0.04273962
QLC/BTC,1598381253243,2020-08-25T18:47:33.243Z,sell,2.42e-06,720.0,0.0017424
QLC/BTC,1598381253243,2020-08-25T18:47:33.243Z,sell,2.41e-06,54106.0,0.13039546
QLC/BTC,1598381253439,2020-08-25T18:47:33.439Z,buy,2.42e-06,3919.0,0.00948398
QLC/BTC,1598381253671,2020-08-25T18:47:33.671Z,sell,2.42e-06,708.0,0.00171336
QLC/BTC,1598381253742,2020-08-25T18:47:33.742Z,buy,2.42e-06,1366.0,0.00330572
QLC/BTC,1598381309271,2020-08-25T18:48:29.271Z,sell,2.42e-06,156.0,0.00037752
QLC/BTC,1598381601292,2020-08-25T18:53:21.292Z,buy,2.43e-06,5670.0,0.0137781
QLC/BTC,1598381797380,2020-08-25T18:56:37.380Z,buy,2.43e-06,398.0,0.00096714
QLC/BTC,1598381797380,2020-08-25T18:56:37.380Z,buy,2.44e-06,1002.0,0.00244488
QLC/BTC,1598381803637,2020-08-25T18:56:43.637Z,buy,2.44e-06,342.0,0.00083448
QLC/BTC,1598381806884,2020-08-25T18:56:46.884Z,buy,2.44e-06,83.0,0.00020252
QLC/BTC,1598381806884,2020-08-25T18:56:46.884Z,buy,2.44e-06,83.0,0.00020252
QLC/BTC,1598382114256,2020-08-25T19:01:54.256Z,buy,2.44e-06,1000.0,0.00244
QLC/BTC,1598382298934,2020-08-25T19:04:58.934Z,buy,2.44e-06,3968.0,0.00968192
QLC/BTC,1598382586075,2020-08-25T19:09:46.075Z,buy,2.44e-06,1000.0,0.00244
QLC/BTC,1598382590675,2020-08-25T19:09:50.675Z,buy,2.44e-06,500.0,0.00122
QLC/BTC,1598382826198,2020-08-25T19:13:46.198Z,buy,2.43e-06,429.0,0.00104247
QLC/BTC,1598382850292,2020-08-25T19:14:10.292Z,buy,2.43e-06,8196.0,0.01991628
QLC/BTC,1598382859478,2020-08-25T19:14:19.478Z,buy,2.44e-06,58000.0,0.14152
QLC/BTC,1598382859494,2020-08-25T19:14:19.494Z,buy,2.44e-06,8625.0,0.0210449999999999
QLC/BTC,1598383061464,2020-08-25T19:17:41.464Z,buy,2.44e-06,681.0,0.00166164
QLC/BTC,1598383193565,2020-08-25T19:19:53.565Z,buy,2.44e-06,16184.0,0.03948896
QLC/BTC,1598383209042,2020-08-25T19:20:09.042Z,sell,2.44e-06,49.0,0.00011956
QLC/BTC,1598383368616,2020-08-25T19:22:48.616Z,sell,2.44e-06,532.0,0.00129808
QLC/BTC,1598383368641,2020-08-25T19:22:48.641Z,sell,2.44e-06,533.0,0.0013005199999999
QLC/BTC,1598383384401,2020-08-25T19:23:04.401Z,sell,2.44e-06,1374.0,0.00335256
QLC/BTC,1598383393350,2020-08-25T19:23:13.350Z,sell,2.44e-06,476.0,0.00116144
QLC/BTC,1598383395638,2020-08-25T19:23:15.638Z,buy,2.45e-06,72.0,0.0001763999999999
QLC/BTC,1598383413776,2020-08-25T19:23:33.776Z,buy,2.45e-06,27056.0,0.0662871999999999
QLC/BTC,1598383435212,2020-08-25T19:23:55.212Z,sell,2.44e-06,1495.0,0.0036478
QLC/BTC,1598383435215,2020-08-25T19:23:55.215Z,sell,2.44e-06,1495.0,0.0036478
QLC/BTC,1598383443532,2020-08-25T19:24:03.532Z,buy,2.45e-06,62.0,0.0001518999999999
QLC/BTC,1598383454341,2020-08-25T19:24:14.341Z,sell,2.44e-06,11008.0,0.0268595199999999
QLC/BTC,1598383473541,2020-08-25T19:24:33.541Z,sell,2.43e-06,2008.0,0.00487944
QLC/BTC,1598383473541,2020-08-25T19:24:33.541Z,sell,2.42e-06,15798.0,0.03823116
QLC/BTC,1598383473541,2020-08-25T19:24:33.541Z,sell,2.41e-06,22183.0,0.0534610299999999
QLC/BTC,1598383473867,2020-08-25T19:24:33.867Z,sell,2.42e-06,3919.0,0.00948398
QLC/BTC,1598383475213,2020-08-25T19:24:35.213Z,buy,2.42e-06,1488.0,0.00360096
QLC/BTC,1598383526838,2020-08-25T19:25:26.838Z,buy,2.43e-06,233.0,0.00056619
QLC/BTC,1598383613220,2020-08-25T19:26:53.220Z,buy,2.43e-06,486.0,0.00118098
QLC/BTC,1598383674807,2020-08-25T19:27:54.807Z,buy,2.43e-06,467.0,0.00113481
QLC/BTC,1598383674827,2020-08-25T19:27:54.827Z,buy,2.43e-06,468.0,0.00113724
QLC/BTC,1598383714414,2020-08-25T19:28:34.414Z,buy,2.43e-06,233.0,0.00056619
QLC/BTC,1598383715775,2020-08-25T19:28:35.775Z,buy,2.43e-06,233.0,0.00056619
QLC/BTC,1598383851028,2020-08-25T19:30:51.028Z,buy,2.43e-06,526.0,0.00127818
QLC/BTC,1598383851046,2020-08-25T19:30:51.046Z,buy,2.43e-06,527.0,0.00128061
QLC/BTC,1598383883735,2020-08-25T19:31:23.735Z,buy,2.43e-06,530.0,0.0012879
QLC/BTC,1598383927695,2020-08-25T19:32:07.695Z,buy,2.43e-06,666.0,0.00161838
QLC/BTC,1598383927736,2020-08-25T19:32:07.736Z,buy,2.43e-06,201.0,0.00048843
QLC/BTC,1598384093755,2020-08-25T19:34:53.755Z,sell,2.42e-06,12130.0,0.0293546
QLC/BTC,1598384154310,2020-08-25T19:35:54.310Z,sell,2.42e-06,8153.0,0.01973026
QLC/BTC,1598384154565,2020-08-25T19:35:54.565Z,sell,2.42e-06,13612.0,0.03294104
QLC/BTC,1598384350598,2020-08-25T19:39:10.598Z,sell,2.42e-06,595.0,0.0014399
QLC/BTC,1598384400011,2020-08-25T19:40:00.011Z,buy,2.43e-06,204.0,0.00049572
QLC/BTC,1598384537721,2020-08-25T19:42:17.721Z,buy,2.43e-06,175.0,0.00042525
QLC/BTC,1598384547284,2020-08-25T19:42:27.284Z,buy,2.43e-06,5191.0,0.01261413
QLC/BTC,1598384769624,2020-08-25T19:46:09.624Z,sell,2.42e-06,890.0,0.0021538
QLC/BTC,1598384774342,2020-08-25T19:46:14.342Z,buy,2.43e-06,363.0,0.00088209
QLC/BTC,1598384977072,2020-08-25T19:49:37.072Z,buy,2.43e-06,172.0,0.00041796
QLC/BTC,1598384986949,2020-08-25T19:49:46.949Z,sell,2.42e-06,8761.0,0.02120162
QLC/BTC,1598385202583,2020-08-25T19:53:22.583Z,buy,2.43e-06,212.0,0.00051516
QLC/BTC,1598385328332,2020-08-25T19:55:28.332Z,buy,2.43e-06,235.0,0.00057105
QLC/BTC,1598385348363,2020-08-25T19:55:48.363Z,buy,2.43e-06,496.0,0.00120528
QLC/BTC,1598385348388,2020-08-25T19:55:48.388Z,buy,2.43e-06,497.0,0.00120771
QLC/BTC,1598385348388,2020-08-25T19:55:48.388Z,buy,2.43e-06,497.0,0.00120771
QLC/BTC,1598385540887,2020-08-25T19:59:00.887Z,buy,2.43e-06,545.0,0.00132435
QLC/BTC,1598385627167,2020-08-25T20:00:27.167Z,buy,2.43e-06,471.0,0.00114453
QLC/BTC,1598385630693,2020-08-25T20:00:30.693Z,buy,2.43e-06,2700.0,0.006561
QLC/BTC,1598385690289,2020-08-25T20:01:30.289Z,buy,2.43e-06,205.0,0.00049815
QLC/BTC,1598385778444,2020-08-25T20:02:58.444Z,buy,2.43e-06,519.0,0.00126117
QLC/BTC,1598385778455,2020-08-25T20:02:58.455Z,buy,2.43e-06,520.0,0.0012636
QLC/BTC,1598385792215,2020-08-25T20:03:12.215Z,buy,2.43e-06,213.0,0.00051759
QLC/BTC,1598385842149,2020-08-25T20:04:02.149Z,buy,2.43e-06,235.0,0.00057105
QLC/BTC,1598385918300,2020-08-25T20:05:18.300Z,buy,2.43e-06,345.0,0.00083835
QLC/BTC,1598386034569,2020-08-25T20:07:14.569Z,sell,2.42e-06,373.0,0.00090266
QLC/BTC,1598386191741,2020-08-25T20:09:51.741Z,buy,2.43e-06,742.0,0.00180306
QLC/BTC,1598386231217,2020-08-25T20:10:31.217Z,buy,2.43e-06,973.0,0.00236439
QLC/BTC,1598386410472,2020-08-25T20:13:30.472Z,buy,2.43e-06,100.0,0.000243
QLC/BTC,1598386410582,2020-08-25T20:13:30.582Z,buy,2.43e-06,1455.0,0.00353565
QLC/BTC,1598386701009,2020-08-25T20:18:21.009Z,buy,2.43e-06,412.0,0.00100116
QLC/BTC,1598386887775,2020-08-25T20:21:27.775Z,sell,2.42e-06,158.0,0.00038236
QLC/BTC,1598387130491,2020-08-25T20:25:30.491Z,sell,2.42e-06,12813.0,0.03100746
QLC/BTC,1598387156620,2020-08-25T20:25:56.620Z,buy,2.42e-06,412.0,0.00099704
QLC/BTC,1598387215816,2020-08-25T20:26:55.816Z,buy,2.42e-06,362.0,0.00087604
QLC/BTC,1598387215819,2020-08-25T20:26:55.819Z,buy,2.42e-06,496.0,0.00120032
QLC/BTC,1598387319188,2020-08-25T20:28:39.188Z,buy,2.42e-06,367.0,0.00088814
QLC/BTC,1598387403515,2020-08-25T20:30:03.515Z,buy,2.42e-06,381.0,0.00092202
QLC/BTC,1598387403520,2020-08-25T20:30:03.520Z,buy,2.42e-06,497.0,0.00120274
QLC/BTC,1598387459505,2020-08-25T20:30:59.505Z,sell,2.41e-06,273.0,0.0006579299999999
QLC/BTC,1598387532314,2020-08-25T20:32:12.314Z,buy,2.42e-06,426.0,0.00103092
QLC/BTC,1598387532548,2020-08-25T20:32:12.548Z,buy,2.42e-06,367.0,0.00088814
QLC/BTC,1598387532971,2020-08-25T20:32:12.971Z,buy,2.42e-06,3690.0,0.0089298
QLC/BTC,1598387533348,2020-08-25T20:32:13.348Z,buy,2.42e-06,3690.0,0.0089298
QLC/BTC,1598387533402,2020-08-25T20:32:13.402Z,buy,2.42e-06,3690.0,0.0089298
QLC/BTC,1598387533415,2020-08-25T20:32:13.415Z,buy,2.42e-06,349.0,0.00084458
QLC/BTC,1598387798139,2020-08-25T20:36:38.139Z,buy,2.43e-06,494.0,0.00120042
QLC/BTC,1598387798152,2020-08-25T20:36:38.152Z,buy,2.43e-06,494.0,0.00120042
QLC/BTC,1598387798164,2020-08-25T20:36:38.164Z,buy,2.43e-06,406.0,0.00098658
QLC/BTC,1598387798401,2020-08-25T20:36:38.401Z,sell,2.42e-06,4074.0,0.00985908
QLC/BTC,1598387809633,2020-08-25T20:36:49.633Z,buy,2.43e-06,249.0,0.00060507
QLC/BTC,1598387831467,2020-08-25T20:37:11.467Z,buy,2.43e-06,155.0,0.00037665
QLC/BTC,1598387956409,2020-08-25T20:39:16.409Z,buy,2.43e-06,144.0,0.00034992
QLC/BTC,1598388074304,2020-08-25T20:41:14.304Z,buy,2.43e-06,9014.0,0.02190402
QLC/BTC,1598388094502,2020-08-25T20:41:34.502Z,buy,2.43e-06,4636.0,0.01126548
QLC/BTC,1598388132939,2020-08-25T20:42:12.939Z,buy,2.44e-06,46.0,0.00011224
QLC/BTC,1598388199867,2020-08-25T20:43:19.867Z,buy,2.44e-06,391.0,0.00095404
QLC/BTC,1598388342942,2020-08-25T20:45:42.942Z,buy,2.44e-06,340.0,0.0008296
QLC/BTC,1598388409968,2020-08-25T20:46:49.968Z,buy,2.44e-06,146.0,0.0003562399999999
QLC/BTC,1598388518624,2020-08-25T20:48:38.624Z,buy,2.43e-06,155.0,0.00037665
QLC/BTC,1598388542524,2020-08-25T20:49:02.524Z,sell,2.42e-06,41720.0,0.1009624
QLC/BTC,1598388542524,2020-08-25T20:49:02.524Z,sell,2.41e-06,41548.0,0.1001306799999999
QLC/BTC,1598388542524,2020-08-25T20:49:02.524Z,sell,2.4e-06,117214.0,0.2813136
QLC/BTC,1598388542810,2020-08-25T20:49:02.810Z,buy,2.43e-06,82.0,0.00019926
QLC/BTC,1598388687377,2020-08-25T20:51:27.377Z,sell,2.41e-06,1078.0,0.0025979799999999
QLC/BTC,1598388687377,2020-08-25T20:51:27.377Z,buy,2.41e-06,14.0,3.374e-05
QLC/BTC,1598388691294,2020-08-25T20:51:31.294Z,sell,2.4e-06,862.0,0.0020688
QLC/BTC,1598388732407,2020-08-25T20:52:12.407Z,buy,2.41e-06,21256.0,0.0512269599999999
QLC/BTC,1598388790858,2020-08-25T20:53:10.858Z,buy,2.42e-06,15.0,3.63e-05
QLC/BTC,1598388868463,2020-08-25T20:54:28.463Z,sell,2.41e-06,7548.0,0.0181906799999999
QLC/BTC,1598388943052,2020-08-25T20:55:43.052Z,buy,2.42e-06,42.0,0.00010164
QLC/BTC,1598388943052,2020-08-25T20:55:43.052Z,buy,2.42e-06,42.0,0.00010164
QLC/BTC,1598388992732,2020-08-25T20:56:32.732Z,buy,2.43e-06,4300.0,0.010449
QLC/BTC,1598389049282,2020-08-25T20:57:29.282Z,buy,2.43e-06,42.0,0.00010206
QLC/BTC,1598389172230,2020-08-25T20:59:32.230Z,buy,2.43e-06,68.0,0.00016524
QLC/BTC,1598389224816,2020-08-25T21:00:24.816Z,sell,2.42e-06,1612.0,0.00390104
QLC/BTC,1598389362330,2020-08-25T21:02:42.330Z,buy,2.42e-06,18388.0,0.04449896
QLC/BTC,1598389366408,2020-08-25T21:02:46.408Z,sell,2.42e-06,44.0,0.00010648
QLC/BTC,1598389477918,2020-08-25T21:04:37.918Z,sell,2.42e-06,24612.0,0.05956104
QLC/BTC,1598389608537,2020-08-25T21:06:48.537Z,buy,2.42e-06,50.0,0.000121
QLC/BTC,1598389797351,2020-08-25T21:09:57.351Z,buy,2.42e-06,105.0,0.0002541
QLC/BTC,1598390105587,2020-08-25T21:15:05.587Z,buy,2.43e-06,412.0,0.00100116
QLC/BTC,1598390149926,2020-08-25T21:15:49.926Z,buy,2.43e-06,74.0,0.00017982
QLC/BTC,1598390150624,2020-08-25T21:15:50.624Z,buy,2.43e-06,211.0,0.00051273
QLC/BTC,1598390151236,2020-08-25T21:15:51.236Z,sell,2.42e-06,9258.0,0.02240436
QLC/BTC,1598390364674,2020-08-25T21:19:24.674Z,sell,2.42e-06,3673.0,0.00888866
QLC/BTC,1598390397213,2020-08-25T21:19:57.213Z,sell,2.42e-06,7164.0,0.01733688
QLC/BTC,1598390551566,2020-08-25T21:22:31.566Z,sell,2.41e-06,1000.0,0.00241
QLC/BTC,1598390594992,2020-08-25T21:23:14.992Z,sell,2.41e-06,4006.0,0.0096544599999999
QLC/BTC,1598390806368,2020-08-25T21:26:46.368Z,buy,2.41e-06,8516.0,0.02052356
QLC/BTC,1598390843468,2020-08-25T21:27:23.468Z,buy,2.41e-06,116.0,0.00027956
QLC/BTC,1598390917622,2020-08-25T21:28:37.622Z,sell,2.41e-06,500.0,0.001205
QLC/BTC,1598390959893,2020-08-25T21:29:19.893Z,sell,2.41e-06,1209.0,0.0029136899999999
QLC/BTC,1598391208861,2020-08-25T21:33:28.861Z,sell,2.41e-06,6162.0,0.01485042
QLC/BTC,1598391230987,2020-08-25T21:33:50.987Z,sell,2.41e-06,487.0,0.00117367
QLC/BTC,1598391701610,2020-08-25T21:41:41.610Z,sell,2.41e-06,27000.0,0.0650699999999999
QLC/BTC,1598391793926,2020-08-25T21:43:13.926Z,buy,2.42e-06,6456.0,0.01562352
QLC/BTC,1598391793926,2020-08-25T21:43:13.926Z,buy,2.42e-06,6456.0,0.01562352
QLC/BTC,1598392610522,2020-08-25T21:56:50.522Z,buy,2.42e-06,2500.0,0.00605
QLC/BTC,1598392638096,2020-08-25T21:57:18.096Z,buy,2.42e-06,2066.0,0.00499972
QLC/BTC,1598392730610,2020-08-25T21:58:50.610Z,sell,2.41e-06,8005.0,0.0192920499999999
QLC/BTC,1598392858933,2020-08-25T22:00:58.933Z,buy,2.42e-06,375.0,0.0009075
QLC/BTC,1598392876695,2020-08-25T22:01:16.695Z,buy,2.42e-06,3562.0,0.00862004
QLC/BTC,1598392924619,2020-08-25T22:02:04.619Z,buy,2.43e-06,42.0,0.00010206
QLC/BTC,1598393179817,2020-08-25T22:06:19.817Z,buy,2.43e-06,42.0,0.00010206
QLC/BTC,1598393248411,2020-08-25T22:07:28.411Z,buy,2.43e-06,3448.0,0.00837864
QLC/BTC,1598393248428,2020-08-25T22:07:28.428Z,buy,2.43e-06,75.0,0.00018225
QLC/BTC,1598393414238,2020-08-25T22:10:14.238Z,sell,2.43e-06,3844.0,0.00934092
QLC/BTC,1598393454774,2020-08-25T22:10:54.774Z,buy,2.43e-06,188.0,0.00045684
QLC/BTC,1598393454782,2020-08-25T22:10:54.782Z,buy,2.43e-06,12056.0,0.02929608
QLC/BTC,1598393569548,2020-08-25T22:12:49.548Z,buy,2.43e-06,6822.0,0.01657746
QLC/BTC,1598393579927,2020-08-25T22:12:59.927Z,buy,2.43e-06,7408.0,0.01800144
QLC/BTC,1598393600518,2020-08-25T22:13:20.518Z,buy,2.43e-06,27798.0,0.06754914
QLC/BTC,1598393628869,2020-08-25T22:13:48.869Z,buy,2.43e-06,21441.0,0.05210163
QLC/BTC,1598393629601,2020-08-25T22:13:49.601Z,buy,2.43e-06,5917.0,0.01437831
QLC/BTC,1598393630384,2020-08-25T22:13:50.384Z,sell,2.43e-06,81.0,0.00019683
QLC/BTC,1598393657225,2020-08-25T22:14:17.225Z,sell,2.43e-06,179.0,0.00043497
QLC/BTC,1598393667612,2020-08-25T22:14:27.612Z,buy,2.44e-06,549.0,0.00133956
QLC/BTC,1598393669648,2020-08-25T22:14:29.648Z,sell,2.43e-06,549.0,0.00133407
QLC/BTC,1598393733142,2020-08-25T22:15:33.142Z,sell,2.43e-06,219.0,0.00053217
QLC/BTC,1598393749619,2020-08-25T22:15:49.619Z,sell,2.43e-06,43.0,0.00010449
QLC/BTC,1598393757858,2020-08-25T22:15:57.858Z,sell,2.43e-06,236.0,0.00057348
QLC/BTC,1598393842308,2020-08-25T22:17:22.308Z,sell,2.43e-06,43.0,0.00010449
QLC/BTC,1598394075569,2020-08-25T22:21:15.569Z,buy,2.44e-06,8618.0,0.02102792
QLC/BTC,1598394075569,2020-08-25T22:21:15.569Z,buy,2.45e-06,43335.0,0.10617075
QLC/BTC,1598394075569,2020-08-25T22:21:15.569Z,buy,2.46e-06,71165.0,0.1750659
QLC/BTC,1598394075569,2020-08-25T22:21:15.569Z,buy,2.47e-06,376882.0,0.93089854
QLC/BTC,1598394077631,2020-08-25T22:21:17.631Z,sell,2.45e-06,191.0,0.0004679499999999
QLC/BTC,1598394079401,2020-08-25T22:21:19.401Z,buy,2.46e-06,61.0,0.00015006
QLC/BTC,1598394081587,2020-08-25T22:21:21.587Z,sell,2.45e-06,5981.0,0.0146534499999999
QLC/BTC,1598394102339,2020-08-25T22:21:42.339Z,sell,2.45e-06,201.0,0.00049245
QLC/BTC,1598394308565,2020-08-25T22:25:08.565Z,sell,2.45e-06,82.0,0.0002008999999999
QLC/BTC,1598394426181,2020-08-25T22:27:06.181Z,buy,2.46e-06,45.0,0.0001107
QLC/BTC,1598394454999,2020-08-25T22:27:34.999Z,buy,2.46e-06,4066.0,0.01000236
QLC/BTC,1598394532990,2020-08-25T22:28:52.990Z,sell,2.45e-06,594.0,0.0014552999999999
QLC/BTC,1598394532990,2020-08-25T22:28:52.990Z,sell,2.44e-06,1666.0,0.00406504
QLC/BTC,1598394538893,2020-08-25T22:28:58.893Z,sell,2.45e-06,202.0,0.0004948999999999
QLC/BTC,1598394561125,2020-08-25T22:29:21.125Z,sell,2.45e-06,3656.0,0.0089572
QLC/BTC,1598394561125,2020-08-25T22:29:21.125Z,sell,2.44e-06,3997.0,0.00975268
QLC/BTC,1598394565552,2020-08-25T22:29:25.552Z,buy,2.46e-06,1805.0,0.0044403
QLC/BTC,1598394605100,2020-08-25T22:30:05.100Z,sell,2.44e-06,2340.0,0.0057096
QLC/BTC,1598394993340,2020-08-25T22:36:33.340Z,sell,2.45e-06,9005.0,0.02206225
QLC/BTC,1598395056863,2020-08-25T22:37:36.863Z,buy,2.46e-06,5228.0,0.01286088
QLC/BTC,1598395065608,2020-08-25T22:37:45.608Z,sell,2.46e-06,450.0,0.001107
QLC/BTC,1598395066453,2020-08-25T22:37:46.453Z,sell,2.46e-06,74.0,0.00018204
QLC/BTC,1598395072080,2020-08-25T22:37:52.080Z,sell,2.46e-06,568.0,0.00139728
QLC/BTC,1598395076647,2020-08-25T22:37:56.647Z,sell,2.46e-06,568.0,0.00139728
QLC/BTC,1598395209772,2020-08-25T22:40:09.772Z,buy,2.47e-06,851.0,0.00210197
QLC/BTC,1598395232964,2020-08-25T22:40:32.964Z,buy,2.48e-06,81.0,0.00020088
QLC/BTC,1598395233558,2020-08-25T22:40:33.558Z,buy,2.48e-06,81.0,0.00020088
QLC/BTC,1598395240939,2020-08-25T22:40:40.939Z,sell,2.47e-06,364.0,0.00089908
QLC/BTC,1598395240939,2020-08-25T22:40:40.939Z,sell,2.46e-06,203.0,0.00049938
QLC/BTC,1598395242831,2020-08-25T22:40:42.831Z,sell,2.46e-06,567.0,0.00139482
QLC/BTC,1598395288684,2020-08-25T22:41:28.684Z,buy,2.47e-06,620.0,0.0015314
QLC/BTC,1598395288684,2020-08-25T22:41:28.684Z,buy,2.47e-06,620.0,0.0015314
QLC/BTC,1598395402295,2020-08-25T22:43:22.295Z,buy,2.47e-06,3299.0,0.00814853
QLC/BTC,1598395406661,2020-08-25T22:43:26.661Z,sell,2.47e-06,215.0,0.00053105
QLC/BTC,1598395431899,2020-08-25T22:43:51.899Z,buy,2.48e-06,99229.0,0.24608792
QLC/BTC,1598395435440,2020-08-25T22:43:55.440Z,buy,2.48e-06,61.0,0.00015128
QLC/BTC,1598395456663,2020-08-25T22:44:16.663Z,sell,2.47e-06,633.0,0.00156351
QLC/BTC,1598395487465,2020-08-25T22:44:47.465Z,sell,2.47e-06,3286.0,0.00811642
QLC/BTC,1598395524679,2020-08-25T22:45:24.679Z,sell,2.46e-06,420.0,0.0010332
QLC/BTC,1598395560749,2020-08-25T22:46:00.749Z,sell,2.46e-06,9021.0,0.02219166
QLC/BTC,1598395584719,2020-08-25T22:46:24.719Z,buy,2.46e-06,539.0,0.00132594
QLC/BTC,1598395586752,2020-08-25T22:46:26.752Z,sell,2.45e-06,539.0,0.00132055
QLC/BTC,1598395647043,2020-08-25T22:47:27.043Z,sell,2.45e-06,775.0,0.0018987499999999
QLC/BTC,1598395947503,2020-08-25T22:52:27.503Z,buy,2.47e-06,4880.0,0.0120536
QLC/BTC,1598395947503,2020-08-25T22:52:27.503Z,buy,2.48e-06,42147.0,0.10452456
QLC/BTC,1598395947503,2020-08-25T22:52:27.503Z,buy,2.49e-06,14844.0,0.03696156
QLC/BTC,1598395947503,2020-08-25T22:52:27.503Z,buy,2.5e-06,96478.0,0.241195
QLC/BTC,1598395947510,2020-08-25T22:52:27.510Z,sell,2.49e-06,13039.0,0.03246711
QLC/BTC,1598395947518,2020-08-25T22:52:27.518Z,sell,2.49e-06,655.0,0.00163095
QLC/BTC,1598395947518,2020-08-25T22:52:27.518Z,sell,2.49e-06,13039.0,0.03246711
QLC/BTC,1598395947542,2020-08-25T22:52:27.542Z,buy,2.5e-06,6791.0,0.0169775
QLC/BTC,1598395947542,2020-08-25T22:52:27.542Z,buy,2.51e-06,6136.0,0.01540136
QLC/BTC,1598395947678,2020-08-25T22:52:27.678Z,sell,2.49e-06,654.0,0.00162846
QLC/BTC,1598395948272,2020-08-25T22:52:28.272Z,sell,2.49e-06,48.0,0.00011952
QLC/BTC,1598395950916,2020-08-25T22:52:30.916Z,sell,2.49e-06,82.0,0.00020418
QLC/BTC,1598395954610,2020-08-25T22:52:34.610Z,buy,2.5e-06,60.0,0.00015
QLC/BTC,1598395954622,2020-08-25T22:52:34.622Z,sell,2.49e-06,5212.0,0.0129778799999999
QLC/BTC,1598395956015,2020-08-25T22:52:36.015Z,sell,2.48e-06,136.0,0.00033728
QLC/BTC,1598395969222,2020-08-25T22:52:49.222Z,buy,2.5e-06,38751.0,0.0968775
QLC/BTC,1598395992063,2020-08-25T22:53:12.063Z,buy,2.5e-06,29063.0,0.0726575
QLC/BTC,1598395998768,2020-08-25T22:53:18.768Z,buy,2.5e-06,42884.0,0.10721
QLC/BTC,1598395998779,2020-08-25T22:53:18.779Z,sell,2.5e-06,711.0,0.0017775
QLC/BTC,1598396000979,2020-08-25T22:53:20.979Z,sell,2.49e-06,4271.0,0.01063479
QLC/BTC,1598396000979,2020-08-25T22:53:20.979Z,sell,2.48e-06,52519.0,0.13024712
QLC/BTC,1598396001227,2020-08-25T22:53:21.227Z,sell,2.48e-06,666.0,0.00165168
QLC/BTC,1598396001237,2020-08-25T22:53:21.237Z,sell,2.48e-06,307.0,0.00076136
QLC/BTC,1598396001237,2020-08-25T22:53:21.237Z,sell,2.47e-06,934.0,0.00230698
QLC/BTC,1598396001536,2020-08-25T22:53:21.536Z,sell,2.46e-06,412.0,0.00101352
QLC/BTC,1598396003855,2020-08-25T22:53:23.855Z,buy,2.48e-06,202.0,0.00050096
QLC/BTC,1598396026690,2020-08-25T22:53:46.690Z,buy,2.48e-06,210.0,0.0005208
QLC/BTC,1598396031743,2020-08-25T22:53:51.743Z,sell,2.47e-06,526.0,0.00129922
QLC/BTC,1598396032739,2020-08-25T22:53:52.739Z,buy,2.48e-06,519.0,0.0012871199999999
QLC/BTC,1598396046488,2020-08-25T22:54:06.488Z,buy,2.48e-06,320.0,0.0007936
QLC/BTC,1598396060787,2020-08-25T22:54:20.787Z,sell,2.47e-06,519.0,0.00128193
QLC/BTC,1598396062149,2020-08-25T22:54:22.149Z,sell,2.47e-06,412.0,0.00101764
QLC/BTC,1598396271091,2020-08-25T22:57:51.091Z,sell,2.47e-06,469.0,0.00115843
QLC/BTC,1598396384633,2020-08-25T22:59:44.633Z,sell,2.46e-06,151.0,0.00037146
QLC/BTC,1598396867748,2020-08-25T23:07:47.748Z,sell,2.46e-06,986.0,0.00242556
QLC/BTC,1598397188979,2020-08-25T23:13:08.979Z,sell,2.46e-06,449.0,0.00110454
QLC/BTC,1598398007641,2020-08-25T23:26:47.641Z,sell,2.46e-06,1016.0,0.00249936
QLC/BTC,1598398352480,2020-08-25T23:32:32.480Z,buy,2.47e-06,118.0,0.00029146
QLC/BTC,1598398352480,2020-08-25T23:32:32.480Z,buy,2.48e-06,8032.0,0.01991936
QLC/BTC,1598398368143,2020-08-25T23:32:48.143Z,buy,2.48e-06,404.0,0.00100192
QLC/BTC,1598398597824,2020-08-25T23:36:37.824Z,buy,2.48e-06,869.0,0.00215512
QLC/BTC,1598398602964,2020-08-25T23:36:42.964Z,buy,2.48e-06,70.0,0.0001736
QLC/BTC,1598398680678,2020-08-25T23:38:00.678Z,buy,2.48e-06,449.0,0.00111352
QLC/BTC,1598398680678,2020-08-25T23:38:00.678Z,buy,2.48e-06,449.0,0.00111352
QLC/BTC,1598398903340,2020-08-25T23:41:43.340Z,buy,2.48e-06,441.0,0.00109368
QLC/BTC,1598399260170,2020-08-25T23:47:40.170Z,sell,2.46e-06,2075.0,0.0051045
QLC/BTC,1598399260170,2020-08-25T23:47:40.170Z,sell,2.46e-06,199.0,0.00048954
QLC/BTC,1598399488583,2020-08-25T23:51:28.583Z,sell,2.46e-06,8141.0,0.02002686
QLC/BTC,1598399506619,2020-08-25T23:51:46.619Z,buy,2.47e-06,136.0,0.00033592
QLC/BTC,1598399529729,2020-08-25T23:52:09.729Z,sell,2.47e-06,1237.0,0.00305539
QLC/BTC,1598399607504,2020-08-25T23:53:27.504Z,sell,2.47e-06,201.0,0.00049647
QLC/BTC,1598399607511,2020-08-25T23:53:27.511Z,sell,2.47e-06,487.0,0.00120289
QLC/BTC,1598399607514,2020-08-25T23:53:27.514Z,sell,2.47e-06,461.0,0.00113867
QLC/BTC,1598399624837,2020-08-25T23:53:44.837Z,sell,2.47e-06,487.0,0.00120289
QLC/BTC,1598399624849,2020-08-25T23:53:44.849Z,sell,2.47e-06,552.0,0.00136344
QLC/BTC,1598399627508,2020-08-25T23:53:47.508Z,sell,2.47e-06,292.0,0.00072124
QLC/BTC,1598399627519,2020-08-25T23:53:47.519Z,sell,2.47e-06,246.0,0.00060762
QLC/BTC,1598399627527,2020-08-25T23:53:47.527Z,sell,2.47e-06,232.0,0.00057304
QLC/BTC,1598399644162,2020-08-25T23:54:04.162Z,sell,2.47e-06,73.0,0.00018031
QLC/BTC,1598399790815,2020-08-25T23:56:30.815Z,sell,2.47e-06,43.0,0.00010621
QLC/BTC,1598399927517,2020-08-25T23:58:47.517Z,sell,2.47e-06,13125.0,0.03241875
QLC/BTC,1598399933150,2020-08-25T23:58:53.150Z,sell,2.47e-06,2730.0,0.0067431
QLC/BTC,1598400038839,2020-08-26T00:00:38.839Z,sell,2.46e-06,220.0,0.0005412
QLC/BTC,1598400042289,2020-08-26T00:00:42.289Z,sell,2.46e-06,3875.0,0.0095325
QLC/BTC,1598400083415,2020-08-26T00:01:23.415Z,buy,2.47e-06,3507.0,0.00866229
QLC/BTC,1598400094074,2020-08-26T00:01:34.074Z,sell,2.47e-06,487.0,0.00120289
QLC/BTC,1598400094078,2020-08-26T00:01:34.078Z,sell,2.47e-06,56.0,0.00013832
QLC/BTC,1598400181228,2020-08-26T00:03:01.228Z,sell,2.46e-06,18323.0,0.04507458
QLC/BTC,1598400383545,2020-08-26T00:06:23.545Z,sell,2.46e-06,79.0,0.00019434
QLC/BTC,1598400403530,2020-08-26T00:06:43.530Z,sell,2.46e-06,38025.0,0.0935415
QLC/BTC,1598400456049,2020-08-26T00:07:36.049Z,sell,2.46e-06,9344.0,0.02298624
QLC/BTC,1598400467771,2020-08-26T00:07:47.771Z,sell,2.46e-06,1462.0,0.00359652
QLC/BTC,1598400471565,2020-08-26T00:07:51.565Z,sell,2.46e-06,636.0,0.00156456
QLC/BTC,1598400506444,2020-08-26T00:08:26.444Z,sell,2.46e-06,621.0,0.00152766
QLC/BTC,1598401137139,2020-08-26T00:18:57.139Z,sell,2.46e-06,281.0,0.00069126
QLC/BTC,1598401232962,2020-08-26T00:20:32.962Z,sell,2.46e-06,3919.0,0.00964074
QLC/BTC,1598401232962,2020-08-26T00:20:32.962Z,sell,2.45e-06,9811.0,0.0240369499999999
QLC/BTC,1598401417167,2020-08-26T00:23:37.167Z,sell,2.45e-06,10020.0,0.0245489999999999
QLC/BTC,1598401417167,2020-08-26T00:23:37.167Z,sell,2.45e-06,10020.0,0.0245489999999999
QLC/BTC,1598402660590,2020-08-26T00:44:20.590Z,sell,2.45e-06,636.0,0.0015581999999999
QLC/BTC,1598402674525,2020-08-26T00:44:34.525Z,sell,2.45e-06,2358.0,0.0057770999999999
QLC/BTC,1598402694246,2020-08-26T00:44:54.246Z,sell,2.45e-06,1381.0,0.0033834499999999
QLC/BTC,1598402709992,2020-08-26T00:45:09.992Z,sell,2.45e-06,582.0,0.0014259
QLC/BTC,1598403022488,2020-08-26T00:50:22.488Z,sell,2.45e-06,379.0,0.00092855
QLC/BTC,1598403111790,2020-08-26T00:51:51.790Z,buy,2.46e-06,168.0,0.00041328
QLC/BTC,1598403149295,2020-08-26T00:52:29.295Z,sell,2.45e-06,1324.0,0.0032438
QLC/BTC,1598403206979,2020-08-26T00:53:26.979Z,sell,2.45e-06,1114.0,0.0027292999999999
QLC/BTC,1598403289560,2020-08-26T00:54:49.560Z,sell,2.45e-06,6275.0,0.0153737499999999
QLC/BTC,1598403305573,2020-08-26T00:55:05.573Z,buy,2.45e-06,406.0,0.0009946999999999
QLC/BTC,1598403596753,2020-08-26T00:59:56.753Z,sell,2.44e-06,50000.0,0.122
QLC/BTC,1598403596958,2020-08-26T00:59:56.958Z,sell,2.44e-06,48.0,0.0001171199999999
QLC/BTC,1598403600883,2020-08-26T01:00:00.883Z,sell,2.44e-06,43.0,0.0001049199999999
QLC/BTC,1598403660462,2020-08-26T01:01:00.462Z,sell,2.44e-06,583.0,0.00142252
QLC/BTC,1598403735980,2020-08-26T01:02:15.980Z,sell,2.44e-06,64335.0,0.1569774
QLC/BTC,1598403736223,2020-08-26T01:02:16.223Z,buy,2.44e-06,49.0,0.00011956
QLC/BTC,1598403737205,2020-08-26T01:02:17.205Z,sell,2.43e-06,166.0,0.00040338
QLC/BTC,1598403926912,2020-08-26T01:05:26.912Z,buy,2.44e-06,6254.0,0.0152597599999999
QLC/BTC,1598403926929,2020-08-26T01:05:26.929Z,buy,2.44e-06,6254.0,0.0152597599999999
QLC/BTC,1598403944207,2020-08-26T01:05:44.207Z,buy,2.44e-06,344.0,0.0008393599999999
QLC/BTC,1598403946253,2020-08-26T01:05:46.253Z,buy,2.44e-06,102.0,0.00024888
QLC/BTC,1598404005031,2020-08-26T01:06:45.031Z,buy,2.44e-06,361.0,0.0008808399999999
QLC/BTC,1598404193233,2020-08-26T01:09:53.233Z,sell,2.43e-06,13537.0,0.03289491
QLC/BTC,1598404193233,2020-08-26T01:09:53.233Z,sell,2.42e-06,78621.0,0.19026282
QLC/BTC,1598404193372,2020-08-26T01:09:53.372Z,sell,2.42e-06,43.0,0.00010406
QLC/BTC,1598404195992,2020-08-26T01:09:55.992Z,sell,2.42e-06,47.0,0.00011374
QLC/BTC,1598404207995,2020-08-26T01:10:07.995Z,buy,2.43e-06,331.0,0.00080433
QLC/BTC,1598404426184,2020-08-26T01:13:46.184Z,buy,2.43e-06,416.0,0.00101088
QLC/BTC,1598404559543,2020-08-26T01:15:59.543Z,buy,2.43e-06,17.0,4.131e-05
QLC/BTC,1598404562248,2020-08-26T01:16:02.248Z,sell,2.43e-06,416.0,0.00101088
QLC/BTC,1598404958214,2020-08-26T01:22:38.214Z,sell,2.43e-06,12301.0,0.02989143
QLC/BTC,1598404994445,2020-08-26T01:23:14.445Z,buy,2.44e-06,328.0,0.00080032
QLC/BTC,1598404994445,2020-08-26T01:23:14.445Z,buy,2.44e-06,328.0,0.00080032
QLC/BTC,1598405066934,2020-08-26T01:24:26.934Z,sell,2.43e-06,645.0,0.00156735
QLC/BTC,1598405114127,2020-08-26T01:25:14.127Z,sell,2.43e-06,3899.0,0.00947457
QLC/BTC,1598405165667,2020-08-26T01:26:05.667Z,sell,2.43e-06,43.0,0.00010449
QLC/BTC,1598405165671,2020-08-26T01:26:05.671Z,buy,2.44e-06,13.0,3.172e-05
QLC/BTC,1598405289515,2020-08-26T01:28:09.515Z,buy,2.44e-06,217.0,0.00052948
QLC/BTC,1598405574863,2020-08-26T01:32:54.863Z,buy,2.44e-06,3843.0,0.00937692
QLC/BTC,1598405633030,2020-08-26T01:33:53.030Z,buy,2.44e-06,383.0,0.00093452
QLC/BTC,1598406630297,2020-08-26T01:50:30.297Z,buy,2.44e-06,189.0,0.00046116
QLC/BTC,1598407832740,2020-08-26T02:10:32.740Z,sell,2.44e-06,68.0,0.0001659199999999
QLC/BTC,1598407832740,2020-08-26T02:10:32.740Z,sell,2.43e-06,355.0,0.00086265
QLC/BTC,1598408059579,2020-08-26T02:14:19.579Z,sell,2.44e-06,423.0,0.0010321199999999
QLC/BTC,1598408059598,2020-08-26T02:14:19.598Z,sell,2.44e-06,494.0,0.00120536
QLC/BTC,1598408260822,2020-08-26T02:17:40.822Z,sell,2.44e-06,506.0,0.00123464
QLC/BTC,1598408320760,2020-08-26T02:18:40.760Z,sell,2.44e-06,11764.0,0.02870416
QLC/BTC,1598408320774,2020-08-26T02:18:40.774Z,buy,2.44e-06,492.0,0.0012004799999999
QLC/BTC,1598408320787,2020-08-26T02:18:40.787Z,buy,2.44e-06,422.0,0.00102968
QLC/BTC,1598408336146,2020-08-26T02:18:56.146Z,buy,2.44e-06,422.0,0.00102968
QLC/BTC,1598408336159,2020-08-26T02:18:56.159Z,buy,2.44e-06,228.0,0.00055632
QLC/BTC,1598408346176,2020-08-26T02:19:06.176Z,buy,2.44e-06,115.0,0.0002806
QLC/BTC,1598408422530,2020-08-26T02:20:22.530Z,buy,2.44e-06,4215.0,0.0102846
QLC/BTC,1598408422542,2020-08-26T02:20:22.542Z,sell,2.44e-06,492.0,0.0012004799999999
QLC/BTC,1598408422678,2020-08-26T02:20:22.678Z,sell,2.44e-06,89.0,0.00021716
QLC/BTC,1598408565206,2020-08-26T02:22:45.206Z,buy,2.45e-06,490.0,0.0012005
QLC/BTC,1598408565206,2020-08-26T02:22:45.206Z,buy,2.45e-06,490.0,0.0012005
QLC/BTC,1598408893981,2020-08-26T02:28:13.981Z,sell,2.44e-06,492.0,0.0012004799999999
QLC/BTC,1598408893989,2020-08-26T02:28:13.989Z,sell,2.44e-06,494.0,0.00120536
QLC/BTC,1598408894023,2020-08-26T02:28:14.023Z,sell,2.44e-06,591.0,0.00144204
QLC/BTC,1598408919971,2020-08-26T02:28:39.971Z,buy,2.45e-06,490.0,0.0012005
QLC/BTC,1598408952969,2020-08-26T02:29:12.969Z,buy,2.45e-06,43.0,0.00010535
QLC/BTC,1598409334874,2020-08-26T02:35:34.874Z,buy,2.45e-06,316.0,0.0007742
QLC/BTC,1598409397106,2020-08-26T02:36:37.106Z,buy,2.46e-06,43.0,0.00010578
QLC/BTC,1598409399743,2020-08-26T02:36:39.743Z,sell,2.44e-06,2728.0,0.0066563199999999
QLC/BTC,1598409782654,2020-08-26T02:43:02.654Z,buy,2.45e-06,174.0,0.0004262999999999
QLC/BTC,1598410046255,2020-08-26T02:47:26.255Z,buy,2.46e-06,5000.0,0.0123
QLC/BTC,1598410059014,2020-08-26T02:47:39.014Z,buy,2.45e-06,1059.0,0.0025945499999999
QLC/BTC,1598410059014,2020-08-26T02:47:39.014Z,buy,2.47e-06,63676.0,0.15727972
QLC/BTC,1598410059014,2020-08-26T02:47:39.014Z,buy,2.48e-06,60010.0,0.1488248
QLC/BTC,1598410059014,2020-08-26T02:47:39.014Z,buy,2.49e-06,7097.0,0.0176715299999999
QLC/BTC,1598410059014,2020-08-26T02:47:39.014Z,buy,2.5e-06,59124.0,0.14781
QLC/BTC,1598410059090,2020-08-26T02:47:39.090Z,sell,2.48e-06,422.0,0.00104656
QLC/BTC,1598410059092,2020-08-26T02:47:39.092Z,sell,2.48e-06,8.0,1.984e-05
QLC/BTC,1598410075363,2020-08-26T02:47:55.363Z,sell,2.47e-06,2006.0,0.00495482
QLC/BTC,1598410075494,2020-08-26T02:47:55.494Z,sell,2.46e-06,516.0,0.00126936
QLC/BTC,1598410076492,2020-08-26T02:47:56.492Z,buy,2.47e-06,510.0,0.0012597
QLC/BTC,1598410092725,2020-08-26T02:48:12.725Z,buy,2.48e-06,45.0,0.0001116
QLC/BTC,1598410108105,2020-08-26T02:48:28.105Z,sell,2.47e-06,257.0,0.00063479
QLC/BTC,1598410132249,2020-08-26T02:48:52.249Z,sell,2.46e-06,7728.0,0.01901088
QLC/BTC,1598410146575,2020-08-26T02:49:06.575Z,sell,2.46e-06,64.0,0.00015744
QLC/BTC,1598410445115,2020-08-26T02:54:05.115Z,sell,2.47e-06,482.0,0.00119054
QLC/BTC,1598410495733,2020-08-26T02:54:55.733Z,sell,2.47e-06,544.0,0.00134368
QLC/BTC,1598410520108,2020-08-26T02:55:20.108Z,buy,2.47e-06,498.0,0.00123006
QLC/BTC,1598410520109,2020-08-26T02:55:20.109Z,buy,2.47e-06,95.0,0.00023465
QLC/BTC,1598410838937,2020-08-26T03:00:38.937Z,buy,2.47e-06,808.0,0.00199576
QLC/BTC,1598410838941,2020-08-26T03:00:38.941Z,buy,2.47e-06,223.0,0.00055081
QLC/BTC,1598410890509,2020-08-26T03:01:30.509Z,buy,2.47e-06,943.0,0.00232921
QLC/BTC,1598410967188,2020-08-26T03:02:47.188Z,buy,2.47e-06,816.0,0.00201552
QLC/BTC,1598411170341,2020-08-26T03:06:10.341Z,buy,2.47e-06,726.0,0.00179322
QLC/BTC,1598411222900,2020-08-26T03:07:02.900Z,buy,2.47e-06,4470.0,0.0110409
QLC/BTC,1598411222900,2020-08-26T03:07:02.900Z,buy,2.48e-06,388.0,0.00096224
QLC/BTC,1598411222912,2020-08-26T03:07:02.912Z,sell,2.48e-06,490.0,0.0012152
QLC/BTC,1598411234690,2020-08-26T03:07:14.690Z,sell,2.48e-06,2310.0,0.0057288
QLC/BTC,1598411240861,2020-08-26T03:07:20.861Z,sell,2.48e-06,771.0,0.00191208
QLC/BTC,1598411266371,2020-08-26T03:07:46.371Z,sell,2.48e-06,43.0,0.00010664
QLC/BTC,1598411308158,2020-08-26T03:08:28.158Z,buy,2.49e-06,201.0,0.00050049
QLC/BTC,1598411369173,2020-08-26T03:09:29.173Z,buy,2.49e-06,302.0,0.00075198
QLC/BTC,1598411369605,2020-08-26T03:09:29.605Z,sell,2.49e-06,510.0,0.0012699
QLC/BTC,1598411380576,2020-08-26T03:09:40.576Z,sell,2.49e-06,5213.0,0.01298037
QLC/BTC,1598411381599,2020-08-26T03:09:41.599Z,sell,2.48e-06,1059.0,0.00262632
QLC/BTC,1598411624433,2020-08-26T03:13:44.433Z,sell,2.48e-06,1298.0,0.00321904
QLC/BTC,1598411740574,2020-08-26T03:15:40.574Z,buy,2.49e-06,81.0,0.00020169
QLC/BTC,1598411740850,2020-08-26T03:15:40.850Z,buy,2.49e-06,61.0,0.0001518899999999
QLC/BTC,1598411768091,2020-08-26T03:16:08.091Z,sell,2.48e-06,1912.0,0.00474176
QLC/BTC,1598411923422,2020-08-26T03:18:43.422Z,sell,2.48e-06,8014.0,0.01987472
QLC/BTC,1598411923422,2020-08-26T03:18:43.422Z,sell,2.48e-06,8014.0,0.01987472
QLC/BTC,1598412278886,2020-08-26T03:24:38.886Z,buy,2.49e-06,6031.0,0.01501719
QLC/BTC,1598412282409,2020-08-26T03:24:42.409Z,buy,2.49e-06,1490.0,0.0037101
QLC/BTC,1598412291029,2020-08-26T03:24:51.029Z,buy,2.49e-06,368.0,0.00091632
QLC/BTC,1598412295791,2020-08-26T03:24:55.791Z,buy,2.49e-06,91.0,0.0002265899999999
QLC/BTC,1598412296403,2020-08-26T03:24:56.403Z,sell,2.48e-06,4043.0,0.01002664
QLC/BTC,1598412331577,2020-08-26T03:25:31.577Z,buy,2.49e-06,17923.0,0.04462827
QLC/BTC,1598412331620,2020-08-26T03:25:31.620Z,buy,2.49e-06,512.0,0.00127488
QLC/BTC,1598412335272,2020-08-26T03:25:35.272Z,buy,2.49e-06,201.0,0.00050049
QLC/BTC,1598412348385,2020-08-26T03:25:48.385Z,buy,2.49e-06,402.0,0.00100098
QLC/BTC,1598412376057,2020-08-26T03:26:16.057Z,buy,2.49e-06,81.0,0.00020169
QLC/BTC,1598412423999,2020-08-26T03:27:03.999Z,buy,2.49e-06,81.0,0.00020169
QLC/BTC,1598412426778,2020-08-26T03:27:06.778Z,sell,2.48e-06,630.0,0.0015624
QLC/BTC,1598412437926,2020-08-26T03:27:17.926Z,sell,2.48e-06,50000.0,0.124
QLC/BTC,1598412438113,2020-08-26T03:27:18.113Z,sell,2.48e-06,41.0,0.00010168
QLC/BTC,1598412438117,2020-08-26T03:27:18.117Z,sell,2.48e-06,83.0,0.00020584
QLC/BTC,1598412509939,2020-08-26T03:28:29.939Z,sell,2.48e-06,1948.0,0.00483104
QLC/BTC,1598412693362,2020-08-26T03:31:33.362Z,sell,2.48e-06,5000.0,0.0124
QLC/BTC,1598412939679,2020-08-26T03:35:39.679Z,sell,2.48e-06,512.0,0.00126976
QLC/BTC,1598413238610,2020-08-26T03:40:38.610Z,sell,2.48e-06,28291.0,0.07016168
QLC/BTC,1598413412630,2020-08-26T03:43:32.630Z,sell,2.47e-06,17905.0,0.04422535
QLC/BTC,1598413412827,2020-08-26T03:43:32.827Z,sell,2.47e-06,41.0,0.00010127
QLC/BTC,1598413741739,2020-08-26T03:49:01.739Z,buy,2.48e-06,16.0,3.968e-05
QLC/BTC,1598413853418,2020-08-26T03:50:53.418Z,sell,2.47e-06,56.0,0.00013832
QLC/BTC,1598413866702,2020-08-26T03:51:06.702Z,buy,2.48e-06,13452.0,0.03336096
QLC/BTC,1598414099070,2020-08-26T03:54:59.070Z,buy,2.48e-06,1895.0,0.0046996
QLC/BTC,1598414099085,2020-08-26T03:54:59.085Z,buy,2.48e-06,480.0,0.0011903999999999
QLC/BTC,1598414319710,2020-08-26T03:58:39.710Z,buy,2.48e-06,9693.0,0.02403864
QLC/BTC,1598414749660,2020-08-26T04:05:49.660Z,buy,2.49e-06,399.0,0.00099351
QLC/BTC,1598414783642,2020-08-26T04:06:23.642Z,sell,2.48e-06,66.0,0.00016368
QLC/BTC,1598415058545,2020-08-26T04:10:58.545Z,buy,2.49e-06,12389.0,0.03084861
QLC/BTC,1598415115414,2020-08-26T04:11:55.414Z,buy,2.49e-06,81.0,0.00020169
QLC/BTC,1598415131283,2020-08-26T04:12:11.283Z,buy,2.49e-06,41.0,0.00010209
QLC/BTC,1598415201748,2020-08-26T04:13:21.748Z,sell,2.48e-06,1024.0,0.00253952
QLC/BTC,1598415410343,2020-08-26T04:16:50.343Z,sell,2.48e-06,2000.0,0.00496
QLC/BTC,1598415430058,2020-08-26T04:17:10.058Z,sell,2.48e-06,2000.0,0.00496
QLC/BTC,1598415508520,2020-08-26T04:18:28.520Z,sell,2.48e-06,12377.0,0.03069496
QLC/BTC,1598415508725,2020-08-26T04:18:28.725Z,sell,2.48e-06,121.0,0.00030008
QLC/BTC,1598415508725,2020-08-26T04:18:28.725Z,sell,2.48e-06,121.0,0.00030008
QLC/BTC,1598415687361,2020-08-26T04:21:27.361Z,buy,2.49e-06,130.0,0.0003237
QLC/BTC,1598415702117,2020-08-26T04:21:42.117Z,buy,2.49e-06,122.0,0.0003037799999999
QLC/BTC,1598416133033,2020-08-26T04:28:53.033Z,sell,2.48e-06,50000.0,0.124
QLC/BTC,1598416151100,2020-08-26T04:29:11.100Z,buy,2.49e-06,137.0,0.00034113
QLC/BTC,1598416151450,2020-08-26T04:29:11.450Z,buy,2.49e-06,129.0,0.00032121
QLC/BTC,1598416162917,2020-08-26T04:29:22.917Z,buy,2.49e-06,2815.0,0.0070093499999999
QLC/BTC,1598416172402,2020-08-26T04:29:32.402Z,sell,2.49e-06,10038.0,0.02499462
QLC/BTC,1598416338122,2020-08-26T04:32:18.122Z,buy,2.5e-06,41.0,0.0001025
QLC/BTC,1598416580957,2020-08-26T04:36:20.957Z,buy,2.5e-06,3480.0,0.0087
QLC/BTC,1598416580957,2020-08-26T04:36:20.957Z,buy,2.51e-06,2301.0,0.00577551
QLC/BTC,1598416580957,2020-08-26T04:36:20.957Z,buy,2.52e-06,1134.0,0.00285768
QLC/BTC,1598416583123,2020-08-26T04:36:23.123Z,sell,2.5e-06,838.0,0.002095
QLC/BTC,1598416583153,2020-08-26T04:36:23.153Z,sell,2.5e-06,115.0,0.0002875
QLC/BTC,1598416648575,2020-08-26T04:37:28.575Z,sell,2.49e-06,723.0,0.0018002699999999
QLC/BTC,1598416684672,2020-08-26T04:38:04.672Z,buy,2.51e-06,80.0,0.0002008
QLC/BTC,1598416706897,2020-08-26T04:38:26.897Z,sell,2.5e-06,459.0,0.0011475
QLC/BTC,1598416706897,2020-08-26T04:38:26.897Z,sell,2.49e-06,100.0,0.000249
QLC/BTC,1598416708820,2020-08-26T04:38:28.820Z,sell,2.49e-06,559.0,0.00139191
QLC/BTC,1598416869076,2020-08-26T04:41:09.076Z,buy,2.51e-06,1079.0,0.00270829
QLC/BTC,1598416869076,2020-08-26T04:41:09.076Z,buy,2.52e-06,12127.0,0.03056004
QLC/BTC,1598416869076,2020-08-26T04:41:09.076Z,buy,2.53e-06,54806.0,0.13865918
QLC/BTC,1598416869085,2020-08-26T04:41:09.085Z,sell,2.53e-06,12355.0,0.03125815
QLC/BTC,1598416869089,2020-08-26T04:41:09.089Z,sell,2.53e-06,8519.0,0.02155307
QLC/BTC,1598416869089,2020-08-26T04:41:09.089Z,sell,2.53e-06,457.0,0.00115621
QLC/BTC,1598416872418,2020-08-26T04:41:12.418Z,sell,2.5e-06,1196.0,0.00299
QLC/BTC,1598416873986,2020-08-26T04:41:13.986Z,sell,2.5e-06,883.0,0.0022075
QLC/BTC,1598416875138,2020-08-26T04:41:15.138Z,sell,2.5e-06,235.0,0.0005875
QLC/BTC,1598416875138,2020-08-26T04:41:15.138Z,sell,2.49e-06,3847.0,0.0095790299999999
QLC/BTC,1598416882070,2020-08-26T04:41:22.070Z,buy,2.5e-06,481.0,0.0012025
QLC/BTC,1598416883160,2020-08-26T04:41:23.160Z,buy,2.5e-06,447.0,0.0011175
QLC/BTC,1598416883162,2020-08-26T04:41:23.162Z,buy,2.5e-06,470.0,0.001175
QLC/BTC,1598416898023,2020-08-26T04:41:38.023Z,sell,2.49e-06,4954.0,0.01233546
QLC/BTC,1598416941285,2020-08-26T04:42:21.285Z,sell,2.49e-06,203.0,0.0005054699999999
QLC/BTC,1598416941369,2020-08-26T04:42:21.369Z,sell,2.49e-06,5901.0,0.01469349
QLC/BTC,1598416941565,2020-08-26T04:42:21.565Z,sell,2.49e-06,1031.0,0.00256719
QLC/BTC,1598416943477,2020-08-26T04:42:23.477Z,sell,2.49e-06,81.0,0.00020169
QLC/BTC,1598416943496,2020-08-26T04:42:23.496Z,sell,2.49e-06,81.0,0.00020169
QLC/BTC,1598416944901,2020-08-26T04:42:24.901Z,buy,2.5e-06,80.0,0.0002
QLC/BTC,1598416952085,2020-08-26T04:42:32.085Z,buy,2.5e-06,180.0,0.00045
QLC/BTC,1598416994323,2020-08-26T04:43:14.323Z,sell,2.49e-06,246.0,0.00061254
QLC/BTC,1598417016432,2020-08-26T04:43:36.432Z,buy,2.5e-06,41.0,0.0001025
QLC/BTC,1598417037232,2020-08-26T04:43:57.232Z,buy,2.5e-06,502.0,0.001255
QLC/BTC,1598417037233,2020-08-26T04:43:57.233Z,buy,2.5e-06,182.0,0.000455
QLC/BTC,1598417128527,2020-08-26T04:45:28.527Z,buy,2.5e-06,60.0,0.00015
QLC/BTC,1598417147145,2020-08-26T04:45:47.145Z,buy,2.5e-06,531.0,0.0013275
QLC/BTC,1598417223660,2020-08-26T04:47:03.660Z,buy,2.5e-06,400.0,0.001
QLC/BTC,1598417228494,2020-08-26T04:47:08.494Z,buy,2.5e-06,80.0,0.0002
QLC/BTC,1598417276972,2020-08-26T04:47:56.972Z,buy,2.5e-06,213.0,0.0005325
QLC/BTC,1598417309950,2020-08-26T04:48:29.950Z,buy,2.5e-06,531.0,0.0013275
QLC/BTC,1598417334663,2020-08-26T04:48:54.663Z,buy,2.5e-06,459.0,0.0011475
QLC/BTC,1598417344967,2020-08-26T04:49:04.967Z,buy,2.5e-06,80.0,0.0002
QLC/BTC,1598417360383,2020-08-26T04:49:20.383Z,buy,2.5e-06,80.0,0.0002
QLC/BTC,1598417370465,2020-08-26T04:49:30.465Z,buy,2.5e-06,80.0,0.0002
QLC/BTC,1598417375406,2020-08-26T04:49:35.406Z,buy,2.5e-06,80.0,0.0002
QLC/BTC,1598417408981,2020-08-26T04:50:08.981Z,buy,2.5e-06,80.0,0.0002
QLC/BTC,1598417435779,2020-08-26T04:50:35.779Z,buy,2.5e-06,200.0,0.0005
QLC/BTC,1598417485654,2020-08-26T04:51:25.654Z,buy,2.5e-06,41.0,0.0001025
QLC/BTC,1598417525085,2020-08-26T04:52:05.085Z,sell,2.49e-06,2064.0,0.00513936
QLC/BTC,1598417537106,2020-08-26T04:52:17.106Z,buy,2.5e-06,358.0,0.000895
QLC/BTC,1598417540623,2020-08-26T04:52:20.623Z,sell,2.5e-06,682.0,0.001705
QLC/BTC,1598417573337,2020-08-26T04:52:53.337Z,sell,2.5e-06,600.0,0.0015
QLC/BTC,1598417595041,2020-08-26T04:53:15.041Z,sell,2.5e-06,1349.0,0.0033725
QLC/BTC,1598417600196,2020-08-26T04:53:20.196Z,sell,2.5e-06,49.0,0.0001225
QLC/BTC,1598417633565,2020-08-26T04:53:53.565Z,sell,2.5e-06,1477.0,0.0036925
QLC/BTC,1598417686197,2020-08-26T04:54:46.197Z,sell,2.5e-06,657.0,0.0016425
QLC/BTC,1598417698944,2020-08-26T04:54:58.944Z,sell,2.5e-06,1360.0,0.0034
QLC/BTC,1598417703994,2020-08-26T04:55:03.994Z,buy,2.51e-06,80.0,0.0002008
QLC/BTC,1598417733327,2020-08-26T04:55:33.327Z,buy,2.51e-06,41.0,0.00010291
QLC/BTC,1598417743006,2020-08-26T04:55:43.006Z,sell,2.5e-06,1057.0,0.0026425
QLC/BTC,1598417745118,2020-08-26T04:55:45.118Z,sell,2.5e-06,432.0,0.00108
QLC/BTC,1598417761817,2020-08-26T04:56:01.817Z,sell,2.5e-06,441.0,0.0011025
QLC/BTC,1598417786896,2020-08-26T04:56:26.896Z,sell,2.5e-06,6060.0,0.01515
QLC/BTC,1598417844478,2020-08-26T04:57:24.478Z,sell,2.5e-06,1098.0,0.002745
QLC/BTC,1598417861093,2020-08-26T04:57:41.093Z,sell,2.5e-06,356.0,0.00089
QLC/BTC,1598417861129,2020-08-26T04:57:41.129Z,sell,2.5e-06,1070.0,0.002675
QLC/BTC,1598417953252,2020-08-26T04:59:13.252Z,buy,2.51e-06,41.0,0.00010291
QLC/BTC,1598417955138,2020-08-26T04:59:15.138Z,sell,2.5e-06,474.0,0.001185
QLC/BTC,1598417970703,2020-08-26T04:59:30.703Z,buy,2.51e-06,200.0,0.000502
QLC/BTC,1598417988156,2020-08-26T04:59:48.156Z,sell,2.5e-06,1132.0,0.00283
QLC/BTC,1598418005344,2020-08-26T05:00:05.344Z,sell,2.5e-06,444.0,0.00111
QLC/BTC,1598418039030,2020-08-26T05:00:39.030Z,sell,2.5e-06,53034.0,0.132585
QLC/BTC,1598418208258,2020-08-26T05:03:28.258Z,sell,2.49e-06,523.0,0.00130227
QLC/BTC,1598418216319,2020-08-26T05:03:36.319Z,sell,2.49e-06,39419.0,0.09815331
QLC/BTC,1598418286350,2020-08-26T05:04:46.350Z,sell,2.48e-06,22553.0,0.05593144
QLC/BTC,1598418386077,2020-08-26T05:06:26.077Z,buy,2.49e-06,95.0,0.0002365499999999
QLC/BTC,1598418520239,2020-08-26T05:08:40.239Z,buy,2.49e-06,202.0,0.00050298
QLC/BTC,1598418520239,2020-08-26T05:08:40.239Z,buy,2.49e-06,202.0,0.00050298
QLC/BTC,1598420079173,2020-08-26T05:34:39.173Z,buy,2.5e-06,48.0,0.00012
QLC/BTC,1598420079173,2020-08-26T05:34:39.173Z,buy,2.51e-06,1078.0,0.00270578
QLC/BTC,1598420079173,2020-08-26T05:34:39.173Z,buy,2.52e-06,1987.0,0.00500724
QLC/BTC,1598420079173,2020-08-26T05:34:39.173Z,buy,2.53e-06,15337.0,0.03880261
QLC/BTC,1598420083003,2020-08-26T05:34:43.003Z,buy,2.52e-06,60.0,0.0001512
QLC/BTC,1598420137990,2020-08-26T05:35:37.990Z,sell,2.5e-06,1316.0,0.00329
QLC/BTC,1598420137995,2020-08-26T05:35:37.995Z,sell,2.5e-06,5681.0,0.0142025
QLC/BTC,1598420238398,2020-08-26T05:37:18.398Z,buy,2.52e-06,80.0,0.0002016
QLC/BTC,1598420314970,2020-08-26T05:38:34.970Z,sell,2.5e-06,74.0,0.000185
QLC/BTC,1598420577211,2020-08-26T05:42:57.211Z,sell,2.5e-06,5000.0,0.0125
QLC/BTC,1598420597996,2020-08-26T05:43:17.996Z,buy,2.51e-06,399.0,0.00100149
QLC/BTC,1598420645309,2020-08-26T05:44:05.309Z,buy,2.51e-06,200.0,0.000502
QLC/BTC,1598420648146,2020-08-26T05:44:08.146Z,buy,2.51e-06,44.0,0.00011044
QLC/BTC,1598420796792,2020-08-26T05:46:36.792Z,buy,2.51e-06,3026.0,0.00759526
QLC/BTC,1598420855061,2020-08-26T05:47:35.061Z,buy,2.51e-06,200.0,0.000502
QLC/BTC,1598420855459,2020-08-26T05:47:35.459Z,buy,2.51e-06,80.0,0.0002008
QLC/BTC,1598420882335,2020-08-26T05:48:02.335Z,buy,2.51e-06,96.0,0.00024096
QLC/BTC,1598421024806,2020-08-26T05:50:24.806Z,buy,2.51e-06,41.0,0.00010291
QLC/BTC,1598421147394,2020-08-26T05:52:27.394Z,buy,2.51e-06,6000.0,0.01506
QLC/BTC,1598421154461,2020-08-26T05:52:34.461Z,buy,2.52e-06,80.0,0.0002016
QLC/BTC,1598421156568,2020-08-26T05:52:36.568Z,sell,2.51e-06,558.0,0.00140058
QLC/BTC,1598421158036,2020-08-26T05:52:38.036Z,sell,2.51e-06,557.0,0.00139807
QLC/BTC,1598421160218,2020-08-26T05:52:40.218Z,sell,2.51e-06,557.0,0.00139807
QLC/BTC,1598421162702,2020-08-26T05:52:42.702Z,sell,2.51e-06,557.0,0.00139807
QLC/BTC,1598421193008,2020-08-26T05:53:13.008Z,buy,2.52e-06,77.0,0.00019404
QLC/BTC,1598421195859,2020-08-26T05:53:15.859Z,sell,2.51e-06,1489.0,0.00373739
QLC/BTC,1598421195863,2020-08-26T05:53:15.863Z,sell,2.51e-06,459.0,0.00115209
QLC/BTC,1598421195866,2020-08-26T05:53:15.866Z,sell,2.51e-06,4230.0,0.0106173
QLC/BTC,1598421195866,2020-08-26T05:53:15.866Z,sell,2.51e-06,1489.0,0.00373739
QLC/BTC,1598421227010,2020-08-26T05:53:47.010Z,sell,2.51e-06,726.0,0.00182226
QLC/BTC,1598421243351,2020-08-26T05:54:03.351Z,buy,2.52e-06,397.0,0.00100044
QLC/BTC,1598421250930,2020-08-26T05:54:10.930Z,buy,2.52e-06,80.0,0.0002016
QLC/BTC,1598421303357,2020-08-26T05:55:03.357Z,sell,2.51e-06,654.0,0.00164154
QLC/BTC,1598421340373,2020-08-26T05:55:40.373Z,sell,2.5e-06,6404.0,0.01601
QLC/BTC,1598421340373,2020-08-26T05:55:40.373Z,sell,2.49e-06,996.0,0.0024800399999999
QLC/BTC,1598421342372,2020-08-26T05:55:42.372Z,sell,2.49e-06,500.0,0.001245
QLC/BTC,1598421525383,2020-08-26T05:58:45.383Z,buy,2.51e-06,2281.0,0.00572531
QLC/BTC,1598421529740,2020-08-26T05:58:49.740Z,buy,2.51e-06,2278.0,0.00571778
QLC/BTC,1598421533901,2020-08-26T05:58:53.901Z,buy,2.51e-06,2278.0,0.00571778
QLC/BTC,1598421537520,2020-08-26T05:58:57.520Z,buy,2.51e-06,2278.0,0.00571778
QLC/BTC,1598421541344,2020-08-26T05:59:01.344Z,buy,2.51e-06,2278.0,0.00571778
QLC/BTC,1598421545264,2020-08-26T05:59:05.264Z,buy,2.51e-06,2278.0,0.00571778
QLC/BTC,1598421549088,2020-08-26T05:59:09.088Z,buy,2.51e-06,2278.0,0.00571778
QLC/BTC,1598421552902,2020-08-26T05:59:12.902Z,buy,2.51e-06,2278.0,0.00571778
QLC/BTC,1598421556518,2020-08-26T05:59:16.518Z,buy,2.51e-06,2278.0,0.00571778
QLC/BTC,1598421563566,2020-08-26T05:59:23.566Z,buy,2.51e-06,2278.0,0.00571778
QLC/BTC,1598421567403,2020-08-26T05:59:27.403Z,buy,2.51e-06,2278.0,0.00571778
QLC/BTC,1598421571089,2020-08-26T05:59:31.089Z,buy,2.51e-06,2278.0,0.00571778
QLC/BTC,1598421575049,2020-08-26T05:59:35.049Z,buy,2.51e-06,2278.0,0.00571778
QLC/BTC,1598421579056,2020-08-26T05:59:39.056Z,buy,2.51e-06,2278.0,0.00571778
QLC/BTC,1598421582890,2020-08-26T05:59:42.890Z,buy,2.51e-06,2278.0,0.00571778
QLC/BTC,1598421587054,2020-08-26T05:59:47.054Z,buy,2.51e-06,2278.0,0.00571778
QLC/BTC,1598421590997,2020-08-26T05:59:50.997Z,buy,2.51e-06,2278.0,0.00571778
QLC/BTC,1598421594955,2020-08-26T05:59:54.955Z,buy,2.51e-06,2278.0,0.00571778
QLC/BTC,1598421599112,2020-08-26T05:59:59.112Z,buy,2.51e-06,2278.0,0.00571778
QLC/BTC,1598421602967,2020-08-26T06:00:02.967Z,buy,2.51e-06,2278.0,0.00571778
QLC/BTC,1598421606982,2020-08-26T06:00:06.982Z,buy,2.51e-06,2278.0,0.00571778
QLC/BTC,1598421613931,2020-08-26T06:00:13.931Z,buy,2.5e-06,2278.0,0.005695
QLC/BTC,1598421617767,2020-08-26T06:00:17.767Z,buy,2.5e-06,2278.0,0.005695
QLC/BTC,1598421619136,2020-08-26T06:00:19.136Z,buy,2.5e-06,400.0,0.001
QLC/BTC,1598421621415,2020-08-26T06:00:21.415Z,buy,2.5e-06,44.0,0.00011
QLC/BTC,1598421621415,2020-08-26T06:00:21.415Z,buy,2.51e-06,1459.0,0.00366209
QLC/BTC,1598421621415,2020-08-26T06:00:21.415Z,buy,2.52e-06,775.0,0.001953
QLC/BTC,1598421625038,2020-08-26T06:00:25.038Z,buy,2.52e-06,2278.0,0.00574056
QLC/BTC,1598421626620,2020-08-26T06:00:26.620Z,buy,2.52e-06,199.0,0.00050148
QLC/BTC,1598421626861,2020-08-26T06:00:26.861Z,buy,2.52e-06,397.0,0.00100044
QLC/BTC,1598421628703,2020-08-26T06:00:28.703Z,buy,2.52e-06,2278.0,0.00574056
QLC/BTC,1598421632761,2020-08-26T06:00:32.761Z,buy,2.52e-06,2278.0,0.00574056
QLC/BTC,1598421636548,2020-08-26T06:00:36.548Z,buy,2.52e-06,2278.0,0.00574056
QLC/BTC,1598421640709,2020-08-26T06:00:40.709Z,buy,2.52e-06,2278.0,0.00574056
QLC/BTC,1598421644761,2020-08-26T06:00:44.761Z,buy,2.52e-06,2278.0,0.00574056
QLC/BTC,1598421648863,2020-08-26T06:00:48.863Z,buy,2.52e-06,2278.0,0.00574056
QLC/BTC,1598421649546,2020-08-26T06:00:49.546Z,buy,2.52e-06,60.0,0.0001512
QLC/BTC,1598421652461,2020-08-26T06:00:52.461Z,buy,2.52e-06,2278.0,0.00574056
QLC/BTC,1598421656114,2020-08-26T06:00:56.114Z,buy,2.52e-06,2278.0,0.00574056
QLC/BTC,1598421663454,2020-08-26T06:01:03.454Z,buy,2.52e-06,2278.0,0.00574056
QLC/BTC,1598421667580,2020-08-26T06:01:07.580Z,buy,2.52e-06,1360.0,0.0034272
QLC/BTC,1598421667580,2020-08-26T06:01:07.580Z,buy,2.53e-06,918.0,0.00232254
QLC/BTC,1598421671425,2020-08-26T06:01:11.425Z,buy,2.53e-06,2278.0,0.00576334
QLC/BTC,1598421675697,2020-08-26T06:01:15.697Z,buy,2.53e-06,2278.0,0.00576334
QLC/BTC,1598421679824,2020-08-26T06:01:19.824Z,buy,2.53e-06,2278.0,0.00576334
QLC/BTC,1598421683734,2020-08-26T06:01:23.734Z,buy,2.53e-06,2278.0,0.00576334
QLC/BTC,1598421687825,2020-08-26T06:01:27.825Z,buy,2.53e-06,2278.0,0.00576334
QLC/BTC,1598421691938,2020-08-26T06:01:31.938Z,buy,2.53e-06,2278.0,0.00576334
QLC/BTC,1598421696323,2020-08-26T06:01:36.323Z,buy,2.53e-06,2278.0,0.00576334
QLC/BTC,1598421703307,2020-08-26T06:01:43.307Z,buy,2.53e-06,2278.0,0.00576334
QLC/BTC,1598421710314,2020-08-26T06:01:50.314Z,buy,2.53e-06,2278.0,0.00576334
QLC/BTC,1598421714082,2020-08-26T06:01:54.082Z,buy,2.53e-06,2278.0,0.00576334
QLC/BTC,1598421717466,2020-08-26T06:01:57.466Z,buy,2.53e-06,198.0,0.00050094
QLC/BTC,1598421717471,2020-08-26T06:01:57.471Z,buy,2.53e-06,16.0,4.048e-05
QLC/BTC,1598421717482,2020-08-26T06:01:57.482Z,sell,2.53e-06,380.0,0.0009614
QLC/BTC,1598421717667,2020-08-26T06:01:57.667Z,buy,2.53e-06,380.0,0.0009614
QLC/BTC,1598421717667,2020-08-26T06:01:57.667Z,buy,2.54e-06,1898.0,0.0048209199999999
QLC/BTC,1598421721555,2020-08-26T06:02:01.555Z,buy,2.53e-06,2278.0,0.00576334
QLC/BTC,1598421725405,2020-08-26T06:02:05.405Z,buy,2.53e-06,194.0,0.00049082
QLC/BTC,1598421725405,2020-08-26T06:02:05.405Z,buy,2.54e-06,2084.0,0.0052933599999999
QLC/BTC,1598421732385,2020-08-26T06:02:12.385Z,buy,2.54e-06,2278.0,0.00578612
QLC/BTC,1598421736492,2020-08-26T06:02:16.492Z,buy,2.54e-06,2278.0,0.00578612
QLC/BTC,1598421740374,2020-08-26T06:02:20.374Z,buy,2.54e-06,2278.0,0.00578612
QLC/BTC,1598421744114,2020-08-26T06:02:24.114Z,buy,2.54e-06,2278.0,0.00578612
QLC/BTC,1598421747865,2020-08-26T06:02:27.865Z,buy,2.54e-06,2278.0,0.00578612
QLC/BTC,1598421748210,2020-08-26T06:02:28.210Z,buy,2.54e-06,60.0,0.0001524
QLC/BTC,1598421748269,2020-08-26T06:02:28.269Z,buy,2.54e-06,197.0,0.0005003799999999
QLC/BTC,1598421750879,2020-08-26T06:02:30.879Z,buy,2.54e-06,394.0,0.0010007599999999
QLC/BTC,1598421751464,2020-08-26T06:02:31.464Z,buy,2.54e-06,2278.0,0.00578612
QLC/BTC,1598421755906,2020-08-26T06:02:35.906Z,buy,2.54e-06,2278.0,0.00578612
QLC/BTC,1598421759979,2020-08-26T06:02:39.979Z,buy,2.54e-06,1976.0,0.00501904
QLC/BTC,1598421759979,2020-08-26T06:02:39.979Z,buy,2.55e-06,302.0,0.0007701
QLC/BTC,1598421759979,2020-08-26T06:02:39.979Z,sell,2.51e-06,4319.0,0.01084069
QLC/BTC,1598421762162,2020-08-26T06:02:42.162Z,sell,2.53e-06,212.0,0.0005363599999999
QLC/BTC,1598421764077,2020-08-26T06:02:44.077Z,sell,2.52e-06,792.0,0.00199584
QLC/BTC,1598421764281,2020-08-26T06:02:44.281Z,sell,2.52e-06,500.0,0.00126
QLC/BTC,1598421764397,2020-08-26T06:02:44.397Z,buy,2.53e-06,40.0,0.0001012
QLC/BTC,1598421764397,2020-08-26T06:02:44.397Z,buy,2.54e-06,2238.0,0.0056845199999999
QLC/BTC,1598421766128,2020-08-26T06:02:46.128Z,sell,2.51e-06,657.0,0.00164907
QLC/BTC,1598421768209,2020-08-26T06:02:48.209Z,buy,2.53e-06,2164.0,0.0054749199999999
QLC/BTC,1598421768209,2020-08-26T06:02:48.209Z,buy,2.54e-06,114.0,0.0002895599999999
QLC/BTC,1598421770784,2020-08-26T06:02:50.784Z,sell,2.52e-06,44.0,0.00011088
QLC/BTC,1598421772037,2020-08-26T06:02:52.037Z,buy,2.54e-06,430.0,0.0010922
QLC/BTC,1598421772037,2020-08-26T06:02:52.037Z,buy,2.55e-06,1848.0,0.0047124
QLC/BTC,1598421772145,2020-08-26T06:02:52.145Z,sell,2.52e-06,580.0,0.0014616
QLC/BTC,1598421772248,2020-08-26T06:02:52.248Z,sell,2.52e-06,1643.0,0.00414036
QLC/BTC,1598421775882,2020-08-26T06:02:55.882Z,sell,2.52e-06,257.0,0.00064764
QLC/BTC,1598421775882,2020-08-26T06:02:55.882Z,sell,2.51e-06,3804.0,0.00954804
QLC/BTC,1598421775997,2020-08-26T06:02:55.997Z,buy,2.53e-06,77.0,0.0001948099999999
QLC/BTC,1598421775997,2020-08-26T06:02:55.997Z,buy,2.54e-06,1643.0,0.00417322
QLC/BTC,1598421775997,2020-08-26T06:02:55.997Z,buy,2.55e-06,558.0,0.0014229
QLC/BTC,1598421779678,2020-08-26T06:02:59.678Z,buy,2.55e-06,2278.0,0.0058089
QLC/BTC,1598421783523,2020-08-26T06:03:03.523Z,buy,2.55e-06,2278.0,0.0058089
QLC/BTC,1598421802236,2020-08-26T06:03:22.236Z,sell,2.51e-06,248.0,0.00062248
QLC/BTC,1598421803416,2020-08-26T06:03:23.416Z,sell,2.51e-06,80.0,0.0002008
QLC/BTC,1598421803473,2020-08-26T06:03:23.473Z,sell,2.51e-06,1602.0,0.00402102
QLC/BTC,1598421807878,2020-08-26T06:03:27.878Z,buy,2.54e-06,2278.0,0.00578612
QLC/BTC,1598421808278,2020-08-26T06:03:28.278Z,buy,2.54e-06,2281.0,0.0057937399999999
QLC/BTC,1598421808434,2020-08-26T06:03:28.434Z,buy,2.54e-06,2281.0,0.0057937399999999
QLC/BTC,1598421808775,2020-08-26T06:03:28.775Z,buy,2.54e-06,1051.0,0.0026695399999999
QLC/BTC,1598421808775,2020-08-26T06:03:28.775Z,buy,2.55e-06,1230.0,0.0031365
QLC/BTC,1598421808933,2020-08-26T06:03:28.933Z,buy,2.55e-06,2281.0,0.00581655
QLC/BTC,1598421809275,2020-08-26T06:03:29.275Z,buy,2.55e-06,2281.0,0.00581655
QLC/BTC,1598421809438,2020-08-26T06:03:29.438Z,buy,2.55e-06,2281.0,0.00581655
QLC/BTC,1598421809780,2020-08-26T06:03:29.780Z,buy,2.55e-06,2281.0,0.00581655
QLC/BTC,1598421810270,2020-08-26T06:03:30.270Z,buy,2.55e-06,2281.0,0.00581655
QLC/BTC,1598421810432,2020-08-26T06:03:30.432Z,buy,2.55e-06,2281.0,0.00581655
QLC/BTC,1598421810596,2020-08-26T06:03:30.596Z,sell,2.54e-06,2278.0,0.00578612
QLC/BTC,1598421811441,2020-08-26T06:03:31.441Z,buy,2.55e-06,197.0,0.00050235
QLC/BTC,1598421814612,2020-08-26T06:03:34.612Z,buy,2.55e-06,393.0,0.00100215
QLC/BTC,1598421816511,2020-08-26T06:03:36.511Z,buy,2.55e-06,40.0,0.000102
QLC/BTC,1598421817057,2020-08-26T06:03:37.057Z,buy,2.55e-06,59.0,0.00015045
QLC/BTC,1598421837588,2020-08-26T06:03:57.588Z,sell,2.52e-06,685.0,0.0017262
QLC/BTC,1598421837940,2020-08-26T06:03:57.940Z,sell,2.52e-06,10259.0,0.02585268
QLC/BTC,1598421841252,2020-08-26T06:04:01.252Z,sell,2.52e-06,582.0,0.00146664
QLC/BTC,1598421848758,2020-08-26T06:04:08.758Z,buy,2.52e-06,79.0,0.00019908
QLC/BTC,1598421853127,2020-08-26T06:04:13.127Z,buy,2.52e-06,518.0,0.00130536
QLC/BTC,1598421872167,2020-08-26T06:04:32.167Z,sell,2.51e-06,518.0,0.00130018
QLC/BTC,1598421888502,2020-08-26T06:04:48.502Z,sell,2.51e-06,720.0,0.0018072
QLC/BTC,1598421980990,2020-08-26T06:06:20.990Z,sell,2.51e-06,565.0,0.00141815
QLC/BTC,1598421995826,2020-08-26T06:06:35.826Z,sell,2.51e-06,4816.0,0.01208816
QLC/BTC,1598421996953,2020-08-26T06:06:36.953Z,sell,2.51e-06,2708.0,0.00679708
QLC/BTC,1598421997197,2020-08-26T06:06:37.197Z,sell,2.51e-06,114.0,0.00028614
QLC/BTC,1598421999860,2020-08-26T06:06:39.860Z,sell,2.51e-06,49.0,0.00012299
QLC/BTC,1598422021586,2020-08-26T06:07:01.586Z,sell,2.51e-06,606.0,0.00152106
QLC/BTC,1598422024423,2020-08-26T06:07:04.423Z,buy,2.52e-06,120.0,0.0003024
QLC/BTC,1598422079924,2020-08-26T06:07:59.924Z,buy,2.52e-06,4802.0,0.01210104
QLC/BTC,1598422079924,2020-08-26T06:07:59.924Z,buy,2.52e-06,4802.0,0.01210104
QLC/BTC,1598422147910,2020-08-26T06:09:07.910Z,buy,2.52e-06,1366.0,0.00344232
QLC/BTC,1598422196963,2020-08-26T06:09:56.963Z,sell,2.52e-06,93.0,0.00023436
QLC/BTC,1598422219708,2020-08-26T06:10:19.708Z,sell,2.52e-06,1001.0,0.00252252
QLC/BTC,1598422228261,2020-08-26T06:10:28.261Z,sell,2.52e-06,555.0,0.0013986
QLC/BTC,1598422229483,2020-08-26T06:10:29.483Z,sell,2.52e-06,864.0,0.00217728
QLC/BTC,1598422291684,2020-08-26T06:11:31.684Z,sell,2.52e-06,6248.0,0.01574496
QLC/BTC,1598422294433,2020-08-26T06:11:34.433Z,buy,2.53e-06,79.0,0.00019987
QLC/BTC,1598422298763,2020-08-26T06:11:38.763Z,sell,2.53e-06,40.0,0.0001012
QLC/BTC,1598422298763,2020-08-26T06:11:38.763Z,sell,2.52e-06,370.0,0.0009324
QLC/BTC,1598422340002,2020-08-26T06:12:20.002Z,buy,2.53e-06,119.0,0.00030107
QLC/BTC,1598422384419,2020-08-26T06:13:04.419Z,buy,2.53e-06,80.0,0.0002024
QLC/BTC,1598422387965,2020-08-26T06:13:07.965Z,buy,2.53e-06,80.0,0.0002024
QLC/BTC,1598422398251,2020-08-26T06:13:18.251Z,buy,2.53e-06,80.0,0.0002024
QLC/BTC,1598422411335,2020-08-26T06:13:31.335Z,sell,2.52e-06,1984.0,0.00499968
QLC/BTC,1598422416008,2020-08-26T06:13:36.008Z,buy,2.52e-06,80.0,0.0002016
QLC/BTC,1598422518768,2020-08-26T06:15:18.768Z,sell,2.51e-06,472.0,0.00118472
QLC/BTC,1598422531915,2020-08-26T06:15:31.915Z,sell,2.51e-06,1637.0,0.00410887
QLC/BTC,1598422531915,2020-08-26T06:15:31.915Z,sell,2.5e-06,9197.0,0.0229925
QLC/BTC,1598422539001,2020-08-26T06:15:39.001Z,sell,2.5e-06,792.0,0.00198
QLC/BTC,1598422555941,2020-08-26T06:15:55.941Z,sell,2.5e-06,11578.0,0.028945
QLC/BTC,1598422572297,2020-08-26T06:16:12.297Z,buy,2.5e-06,6514.0,0.016285
QLC/BTC,1598422587775,2020-08-26T06:16:27.775Z,buy,2.5e-06,400.0,0.001
QLC/BTC,1598422639268,2020-08-26T06:17:19.268Z,sell,2.49e-06,5000.0,0.01245
QLC/BTC,1598422693615,2020-08-26T06:18:13.615Z,sell,2.49e-06,10108.0,0.0251689199999999
QLC/BTC,1598422693615,2020-08-26T06:18:13.615Z,sell,2.48e-06,24776.0,0.06144448
QLC/BTC,1598422694346,2020-08-26T06:18:14.346Z,buy,2.48e-06,1289.0,0.00319672
QLC/BTC,1598422694428,2020-08-26T06:18:14.428Z,buy,2.48e-06,4544.0,0.01126912
QLC/BTC,1598422694675,2020-08-26T06:18:14.675Z,buy,2.48e-06,48.0,0.00011904
QLC/BTC,1598422698412,2020-08-26T06:18:18.412Z,buy,2.48e-06,400.0,0.000992
QLC/BTC,1598422750436,2020-08-26T06:19:10.436Z,buy,2.49e-06,171.0,0.00042579
QLC/BTC,1598422751598,2020-08-26T06:19:11.598Z,sell,2.48e-06,14578.0,0.03615344
QLC/BTC,1598422758519,2020-08-26T06:19:18.519Z,sell,2.47e-06,10000.0,0.0247
QLC/BTC,1598422759641,2020-08-26T06:19:19.641Z,buy,2.48e-06,81.0,0.00020088
QLC/BTC,1598422770277,2020-08-26T06:19:30.277Z,buy,2.48e-06,3315.0,0.0082212
QLC/BTC,1598422776015,2020-08-26T06:19:36.015Z,buy,2.48e-06,440.0,0.0010912
QLC/BTC,1598422810221,2020-08-26T06:20:10.221Z,buy,2.48e-06,709.0,0.00175832
QLC/BTC,1598422845607,2020-08-26T06:20:45.607Z,sell,2.47e-06,48101.0,0.11880947
QLC/BTC,1598422884084,2020-08-26T06:21:24.084Z,buy,2.48e-06,699.0,0.00173352
QLC/BTC,1598422908797,2020-08-26T06:21:48.797Z,buy,2.48e-06,1019.0,0.00252712
QLC/BTC,1598422969052,2020-08-26T06:22:49.052Z,sell,2.47e-06,64924.0,0.16036228
QLC/BTC,1598422969052,2020-08-26T06:22:49.052Z,sell,2.46e-06,44170.0,0.1086582
QLC/BTC,1598422969052,2020-08-26T06:22:49.052Z,sell,2.45e-06,75778.0,0.1856561
QLC/BTC,1598422969052,2020-08-26T06:22:49.052Z,sell,2.44e-06,41813.0,0.10202372
QLC/BTC,1598422969052,2020-08-26T06:22:49.052Z,sell,2.43e-06,129306.0,0.31421358
QLC/BTC,1598422969052,2020-08-26T06:22:49.052Z,sell,2.42e-06,43014.0,0.10409388
QLC/BTC,1598422969052,2020-08-26T06:22:49.052Z,sell,2.41e-06,39578.0,0.0953829799999999
QLC/BTC,1598422969052,2020-08-26T06:22:49.052Z,sell,2.4e-06,21680.0,0.0520319999999999
QLC/BTC,1598422969052,2020-08-26T06:22:49.052Z,sell,2.4e-06,31131.0,0.0747144
QLC/BTC,1598422969052,2020-08-26T06:22:49.052Z,sell,2.4e-06,4211.0,0.0101064
QLC/BTC,1598422969069,2020-08-26T06:22:49.069Z,buy,2.42e-06,8298.0,0.02008116
QLC/BTC,1598422969139,2020-08-26T06:22:49.139Z,buy,2.44e-06,448.0,0.00109312
QLC/BTC,1598422969148,2020-08-26T06:22:49.148Z,sell,2.43e-06,445.0,0.00108135
QLC/BTC,1598422969176,2020-08-26T06:22:49.176Z,buy,2.45e-06,444.0,0.0010877999999999
QLC/BTC,1598422969176,2020-08-26T06:22:49.176Z,buy,2.46e-06,3338.0,0.00821148
QLC/BTC,1598422969176,2020-08-26T06:22:49.176Z,buy,2.47e-06,4516.0,0.01115452
QLC/BTC,1598422969251,2020-08-26T06:22:49.251Z,sell,2.44e-06,1068.0,0.00260592
QLC/BTC,1598422969273,2020-08-26T06:22:49.273Z,sell,2.44e-06,2977.0,0.0072638799999999
QLC/BTC,1598422969301,2020-08-26T06:22:49.301Z,buy,2.45e-06,444.0,0.0010877999999999
QLC/BTC,1598422969302,2020-08-26T06:22:49.302Z,buy,2.45e-06,84.0,0.0002058
QLC/BTC,1598422969303,2020-08-26T06:22:49.303Z,buy,2.45e-06,444.0,0.0010877999999999
QLC/BTC,1598422969304,2020-08-26T06:22:49.304Z,sell,2.44e-06,4125.0,0.010065
QLC/BTC,1598422969306,2020-08-26T06:22:49.306Z,buy,2.45e-06,372.0,0.0009113999999999
QLC/BTC,1598422969331,2020-08-26T06:22:49.331Z,sell,2.44e-06,73.0,0.0001781199999999
QLC/BTC,1598422969340,2020-08-26T06:22:49.340Z,buy,2.44e-06,1288.0,0.00314272
QLC/BTC,1598422969603,2020-08-26T06:22:49.603Z,buy,2.44e-06,12426.0,0.03031944
QLC/BTC,1598422969681,2020-08-26T06:22:49.681Z,buy,2.44e-06,899.0,0.0021935599999999
QLC/BTC,1598422969700,2020-08-26T06:22:49.700Z,buy,2.44e-06,556.0,0.0013566399999999
QLC/BTC,1598422969988,2020-08-26T06:22:49.988Z,buy,2.45e-06,187.0,0.00045815
QLC/BTC,1598422970145,2020-08-26T06:22:50.145Z,sell,2.44e-06,810.0,0.0019764
QLC/BTC,1598422970306,2020-08-26T06:22:50.306Z,sell,2.44e-06,47.0,0.0001146799999999
QLC/BTC,1598422972486,2020-08-26T06:22:52.486Z,sell,2.44e-06,45.0,0.0001098
QLC/BTC,1598422974545,2020-08-26T06:22:54.545Z,sell,2.44e-06,1164.0,0.00284016
QLC/BTC,1598422974715,2020-08-26T06:22:54.715Z,sell,2.43e-06,795.0,0.00193185
QLC/BTC,1598422974826,2020-08-26T06:22:54.826Z,buy,2.43e-06,1483.0,0.00360369
QLC/BTC,1598422976747,2020-08-26T06:22:56.747Z,buy,2.44e-06,13.0,3.172e-05
QLC/BTC,1598422977739,2020-08-26T06:22:57.739Z,sell,2.43e-06,660.0,0.0016038
QLC/BTC,1598422978306,2020-08-26T06:22:58.306Z,buy,2.44e-06,1101.0,0.00268644
QLC/BTC,1598423001368,2020-08-26T06:23:21.368Z,buy,2.45e-06,10155.0,0.02487975
QLC/BTC,1598423001390,2020-08-26T06:23:21.390Z,buy,2.45e-06,1103.0,0.0027023499999999
QLC/BTC,1598423001403,2020-08-26T06:23:21.403Z,buy,2.45e-06,8328.0,0.0204035999999999
QLC/BTC,1598423001403,2020-08-26T06:23:21.403Z,buy,2.46e-06,3812.0,0.00937752
QLC/BTC,1598423046721,2020-08-26T06:24:06.721Z,buy,2.45e-06,2480.0,0.006076
QLC/BTC,1598423046768,2020-08-26T06:24:06.768Z,buy,2.45e-06,76.0,0.0001862
QLC/BTC,1598423112117,2020-08-26T06:25:12.117Z,buy,2.45e-06,13.0,3.1849999999999995e-05
QLC/BTC,1598423126234,2020-08-26T06:25:26.234Z,buy,2.45e-06,3600.0,0.00882
QLC/BTC,1598423132800,2020-08-26T06:25:32.800Z,buy,2.45e-06,18292.0,0.0448154
QLC/BTC,1598423139550,2020-08-26T06:25:39.550Z,sell,2.44e-06,135.0,0.0003294
QLC/BTC,1598423219655,2020-08-26T06:26:59.655Z,buy,2.45e-06,1443.0,0.0035353499999999
QLC/BTC,1598423220405,2020-08-26T06:27:00.405Z,sell,2.45e-06,1260.0,0.003087
QLC/BTC,1598423225854,2020-08-26T06:27:05.854Z,buy,2.46e-06,52782.0,0.12984372
QLC/BTC,1598423226767,2020-08-26T06:27:06.767Z,sell,2.45e-06,187.0,0.00045815
QLC/BTC,1598423246963,2020-08-26T06:27:26.963Z,sell,2.45e-06,389.0,0.0009530499999999
QLC/BTC,1598423320666,2020-08-26T06:28:40.666Z,sell,2.45e-06,10262.0,0.0251419
QLC/BTC,1598423338743,2020-08-26T06:28:58.743Z,sell,2.45e-06,365.0,0.00089425
QLC/BTC,1598423364186,2020-08-26T06:29:24.186Z,sell,2.45e-06,1078.0,0.0026411
QLC/BTC,1598423390197,2020-08-26T06:29:50.197Z,sell,2.45e-06,42.0,0.0001029
QLC/BTC,1598423445558,2020-08-26T06:30:45.558Z,sell,2.45e-06,698.0,0.0017101
QLC/BTC,1598423458015,2020-08-26T06:30:58.015Z,buy,2.46e-06,1622.0,0.00399012
QLC/BTC,1598423458029,2020-08-26T06:30:58.029Z,sell,2.46e-06,421.0,0.00103566
QLC/BTC,1598423458057,2020-08-26T06:30:58.057Z,sell,2.46e-06,1265.0,0.0031119
QLC/BTC,1598423522947,2020-08-26T06:32:02.947Z,buy,2.47e-06,12161.0,0.03003767
QLC/BTC,1598423530184,2020-08-26T06:32:10.184Z,sell,2.46e-06,7522.0,0.01850412
QLC/BTC,1598423612869,2020-08-26T06:33:32.869Z,buy,2.46e-06,2420.0,0.0059532
QLC/BTC,1598423621275,2020-08-26T06:33:41.275Z,buy,2.46e-06,674.0,0.00165804
QLC/BTC,1598423632906,2020-08-26T06:33:52.906Z,buy,2.46e-06,67.0,0.00016482
QLC/BTC,1598423670249,2020-08-26T06:34:30.249Z,buy,2.46e-06,9721.0,0.02391366
QLC/BTC,1598423672986,2020-08-26T06:34:32.986Z,buy,2.46e-06,3509.0,0.00863214
QLC/BTC,1598423740805,2020-08-26T06:35:40.805Z,sell,2.46e-06,563.0,0.00138498
QLC/BTC,1598423793818,2020-08-26T06:36:33.818Z,buy,2.47e-06,58.0,0.00014326
QLC/BTC,1598423795440,2020-08-26T06:36:35.440Z,buy,2.47e-06,53.0,0.00013091
QLC/BTC,1598423929980,2020-08-26T06:38:49.980Z,sell,2.46e-06,198.0,0.00048708
QLC/BTC,1598423957874,2020-08-26T06:39:17.874Z,sell,2.46e-06,8895.0,0.0218817
QLC/BTC,1598423985878,2020-08-26T06:39:45.878Z,sell,2.45e-06,16757.0,0.04105465
QLC/BTC,1598424082714,2020-08-26T06:41:22.714Z,sell,2.45e-06,1591.0,0.00389795
QLC/BTC,1598424269838,2020-08-26T06:44:29.838Z,sell,2.45e-06,7921.0,0.01940645
QLC/BTC,1598424614910,2020-08-26T06:50:14.910Z,sell,2.45e-06,41593.0,0.1019028499999999
QLC/BTC,1598424631752,2020-08-26T06:50:31.752Z,buy,2.46e-06,1901.0,0.00467646
QLC/BTC,1598424788792,2020-08-26T06:53:08.792Z,sell,2.46e-06,82.0,0.00020172
QLC/BTC,1598424920093,2020-08-26T06:55:20.093Z,buy,2.47e-06,11923.0,0.02944981
QLC/BTC,1598424998844,2020-08-26T06:56:38.844Z,sell,2.46e-06,6910.0,0.0169986
QLC/BTC,1598424998844,2020-08-26T06:56:38.844Z,sell,2.45e-06,8798.0,0.0215550999999999
QLC/BTC,1598425021510,2020-08-26T06:57:01.510Z,sell,2.45e-06,509.0,0.00124705
QLC/BTC,1598425087936,2020-08-26T06:58:07.936Z,buy,2.45e-06,724.0,0.0017737999999999
QLC/BTC,1598425087941,2020-08-26T06:58:07.941Z,buy,2.45e-06,563.0,0.0013793499999999
QLC/BTC,1598425190057,2020-08-26T06:59:50.057Z,buy,2.45e-06,2068.0,0.0050665999999999
QLC/BTC,1598425222797,2020-08-26T07:00:22.797Z,buy,2.45e-06,1091.0,0.00267295
QLC/BTC,1598425239818,2020-08-26T07:00:39.818Z,buy,2.45e-06,9294.0,0.0227702999999999
QLC/BTC,1598425267396,2020-08-26T07:01:07.396Z,sell,2.45e-06,5383.0,0.01318835
QLC/BTC,1598425380559,2020-08-26T07:03:00.559Z,buy,2.45e-06,898.0,0.0022001
QLC/BTC,1598425381041,2020-08-26T07:03:01.041Z,buy,2.45e-06,6190.0,0.0151654999999999
QLC/BTC,1598425432187,2020-08-26T07:03:52.187Z,sell,2.45e-06,1558.0,0.0038171
QLC/BTC,1598425583896,2020-08-26T07:06:23.896Z,sell,2.45e-06,1877.0,0.0045986499999999
QLC/BTC,1598425652553,2020-08-26T07:07:32.553Z,buy,2.46e-06,338.0,0.00083148
QLC/BTC,1598425652553,2020-08-26T07:07:32.553Z,buy,2.46e-06,338.0,0.00083148
QLC/BTC,1598425705226,2020-08-26T07:08:25.226Z,buy,2.46e-06,79.0,0.00019434
QLC/BTC,1598425733748,2020-08-26T07:08:53.748Z,buy,2.46e-06,67.0,0.00016482
QLC/BTC,1598425780342,2020-08-26T07:09:40.342Z,buy,2.45e-06,3059.0,0.0074945499999999
QLC/BTC,1598425796238,2020-08-26T07:09:56.238Z,buy,2.45e-06,3319.0,0.00813155
QLC/BTC,1598425824299,2020-08-26T07:10:24.299Z,sell,2.44e-06,4044.0,0.00986736
QLC/BTC,1598425848238,2020-08-26T07:10:48.238Z,buy,2.45e-06,1058.0,0.0025921
QLC/BTC,1598426051405,2020-08-26T07:14:11.405Z,buy,2.45e-06,1069.0,0.00261905
QLC/BTC,1598426054463,2020-08-26T07:14:14.463Z,buy,2.45e-06,1059.0,0.0025945499999999
QLC/BTC,1598426084156,2020-08-26T07:14:44.156Z,buy,2.45e-06,967.0,0.00236915
QLC/BTC,1598426285783,2020-08-26T07:18:05.783Z,sell,2.44e-06,64522.0,0.15743368
QLC/BTC,1598426407221,2020-08-26T07:20:07.221Z,buy,2.45e-06,54.0,0.0001323
QLC/BTC,1598426511501,2020-08-26T07:21:51.501Z,sell,2.45e-06,971.0,0.00237895
QLC/BTC,1598426524681,2020-08-26T07:22:04.681Z,sell,2.45e-06,95.0,0.00023275
QLC/BTC,1598426546787,2020-08-26T07:22:26.787Z,buy,2.45e-06,95.0,0.00023275
QLC/BTC,1598426649819,2020-08-26T07:24:09.819Z,sell,2.45e-06,216.0,0.0005292
QLC/BTC,1598426649819,2020-08-26T07:24:09.819Z,sell,2.44e-06,57538.0,0.14039272
QLC/BTC,1598426649824,2020-08-26T07:24:09.824Z,buy,2.44e-06,7108.0,0.01734352
QLC/BTC,1598426649826,2020-08-26T07:24:09.826Z,buy,2.44e-06,492.0,0.0012004799999999
