symbol,timestamp,datetime,side,price,amount,btc_volume
QLC/BTC,1566576077981,2019-08-23T16:01:17.981Z,sell,1.47e-06,6867.0,0.01009449
QLC/BTC,1566576291403,2019-08-23T16:04:51.403Z,sell,1.47e-06,27000.0,0.0396899999999999
QLC/BTC,1566576317819,2019-08-23T16:05:17.819Z,sell,1.46e-06,102744.0,0.15000624
QLC/BTC,1566576321394,2019-08-23T16:05:21.394Z,buy,1.47e-06,441.0,0.0006482699999999
QLC/BTC,1566576424584,2019-08-23T16:07:04.584Z,sell,1.47e-06,15349.0,0.0225630299999999
QLC/BTC,1566576475085,2019-08-23T16:07:55.085Z,sell,1.47e-06,147.0,0.0002160899999999
QLC/BTC,1566576535870,2019-08-23T16:08:55.870Z,sell,1.46e-06,5554.0,0.00810884
QLC/BTC,1566576651183,2019-08-23T16:10:51.183Z,buy,1.47e-06,22.0,3.234e-05
QLC/BTC,1566576927480,2019-08-23T16:15:27.480Z,buy,1.47e-06,72.0,0.0001058399999999
QLC/BTC,1566577085948,2019-08-23T16:18:05.948Z,buy,1.47e-06,88.0,0.00012936
QLC/BTC,1566577215118,2019-08-23T16:20:15.118Z,buy,1.47e-06,13605.0,0.01999935
QLC/BTC,1566577249693,2019-08-23T16:20:49.693Z,buy,1.47e-06,6802.0,0.00999894
QLC/BTC,1566577321896,2019-08-23T16:22:01.896Z,buy,1.47e-06,3429.0,0.00504063
QLC/BTC,1566577577686,2019-08-23T16:26:17.686Z,sell,1.47e-06,1110.0,0.0016316999999999
QLC/BTC,1566577588488,2019-08-23T16:26:28.488Z,buy,1.47e-06,4275.0,0.00628425
QLC/BTC,1566577671688,2019-08-23T16:27:51.688Z,sell,1.47e-06,7186.0,0.0105634199999999
QLC/BTC,1566577671813,2019-08-23T16:27:51.813Z,sell,1.46e-06,34535.0,0.0504210999999999
QLC/BTC,1566577741802,2019-08-23T16:29:01.802Z,buy,1.47e-06,13605.0,0.01999935
QLC/BTC,1566577839670,2019-08-23T16:30:39.670Z,buy,1.47e-06,460.0,0.0006762
QLC/BTC,1566577848272,2019-08-23T16:30:48.272Z,buy,1.47e-06,25.0,3.675e-05
QLC/BTC,1566577864590,2019-08-23T16:31:04.590Z,sell,1.46e-06,1109.0,0.00161914
QLC/BTC,1566577897114,2019-08-23T16:31:37.114Z,buy,1.47e-06,2296.0,0.0033751199999999
QLC/BTC,1566577897114,2019-08-23T16:31:37.114Z,buy,1.48e-06,13190.0,0.0195212
QLC/BTC,1566577938164,2019-08-23T16:32:18.164Z,sell,1.47e-06,285.0,0.0004189499999999
QLC/BTC,1566577968173,2019-08-23T16:32:48.173Z,buy,1.48e-06,11405.0,0.0168794
QLC/BTC,1566578004948,2019-08-23T16:33:24.948Z,buy,1.48e-06,958.0,0.00141784
QLC/BTC,1566578014863,2019-08-23T16:33:34.863Z,buy,1.48e-06,19.0,2.812e-05
QLC/BTC,1566578037855,2019-08-23T16:33:57.855Z,buy,1.48e-06,24.0,3.552e-05
QLC/BTC,1566578049151,2019-08-23T16:34:09.151Z,buy,1.48e-06,21.0,3.108e-05
QLC/BTC,1566578069027,2019-08-23T16:34:29.027Z,buy,1.48e-06,7454.0,0.01103192
QLC/BTC,1566578075270,2019-08-23T16:34:35.270Z,buy,1.48e-06,24902.0,0.03685496
QLC/BTC,1566578075377,2019-08-23T16:34:35.377Z,sell,1.48e-06,40541.0,0.06000068
QLC/BTC,1566578136579,2019-08-23T16:35:36.579Z,buy,1.49e-06,4450.0,0.0066304999999999
QLC/BTC,1566578209158,2019-08-23T16:36:49.158Z,buy,1.49e-06,126591.0,0.1886205899999999
QLC/BTC,1566578209184,2019-08-23T16:36:49.184Z,sell,1.49e-06,5727.0,0.00853323
QLC/BTC,1566578209192,2019-08-23T16:36:49.192Z,sell,1.49e-06,10401.0,0.01549749
QLC/BTC,1566578209276,2019-08-23T16:36:49.276Z,sell,1.49e-06,1775.0,0.00264475
QLC/BTC,1566578210039,2019-08-23T16:36:50.039Z,sell,1.49e-06,13156.0,0.01960244
QLC/BTC,1566578210928,2019-08-23T16:36:50.928Z,sell,1.49e-06,6732.0,0.01003068
QLC/BTC,1566578238418,2019-08-23T16:37:18.418Z,sell,1.49e-06,316.0,0.00047084
QLC/BTC,1566578270934,2019-08-23T16:37:50.934Z,buy,1.5e-06,310029.0,0.4650435
QLC/BTC,1566578271027,2019-08-23T16:37:51.027Z,sell,1.5e-06,20143.0,0.0302145
QLC/BTC,1566578271121,2019-08-23T16:37:51.121Z,sell,1.5e-06,67.0,0.0001005
QLC/BTC,1566578271595,2019-08-23T16:37:51.595Z,sell,1.5e-06,67.0,0.0001005
QLC/BTC,1566578271910,2019-08-23T16:37:51.910Z,sell,1.5e-06,3027.0,0.0045405
QLC/BTC,1566578274370,2019-08-23T16:37:54.370Z,buy,1.51e-06,13246.0,0.02000146
QLC/BTC,1566578307842,2019-08-23T16:38:27.842Z,sell,1.5e-06,115.0,0.0001725
QLC/BTC,1566578329704,2019-08-23T16:38:49.704Z,sell,1.5e-06,560.0,0.00084
QLC/BTC,1566578398020,2019-08-23T16:39:58.020Z,buy,1.51e-06,20161.0,0.03044311
QLC/BTC,1566578505220,2019-08-23T16:41:45.220Z,buy,1.51e-06,20175.0,0.03046425
QLC/BTC,1566578506263,2019-08-23T16:41:46.263Z,buy,1.51e-06,450.0,0.0006795
QLC/BTC,1566578507906,2019-08-23T16:41:47.906Z,buy,1.51e-06,12723.0,0.01921173
QLC/BTC,1566578509183,2019-08-23T16:41:49.183Z,buy,1.51e-06,450.0,0.0006795
QLC/BTC,1566578509626,2019-08-23T16:41:49.626Z,buy,1.51e-06,5044.0,0.0076164399999999
QLC/BTC,1566578510425,2019-08-23T16:41:50.425Z,buy,1.51e-06,3603.0,0.00544053
QLC/BTC,1566578510527,2019-08-23T16:41:50.527Z,buy,1.51e-06,2449.0,0.00369799
QLC/BTC,1566578511122,2019-08-23T16:41:51.122Z,buy,1.51e-06,2779.0,0.00419629
QLC/BTC,1566578512120,2019-08-23T16:41:52.120Z,buy,1.51e-06,450.0,0.0006795
QLC/BTC,1566578512204,2019-08-23T16:41:52.204Z,buy,1.51e-06,7249.0,0.01094599
QLC/BTC,1566578616094,2019-08-23T16:43:36.094Z,buy,1.51e-06,1000.0,0.0015099999999999
QLC/BTC,1566578645963,2019-08-23T16:44:05.963Z,sell,1.5e-06,3195.0,0.0047925
QLC/BTC,1566578645964,2019-08-23T16:44:05.964Z,sell,1.5e-06,3195.0,0.0047925
QLC/BTC,1566578646009,2019-08-23T16:44:06.009Z,sell,1.5e-06,264.0,0.000396
QLC/BTC,1566578646231,2019-08-23T16:44:06.231Z,buy,1.51e-06,1471.0,0.00222121
QLC/BTC,1566578699508,2019-08-23T16:44:59.508Z,buy,1.51e-06,7086.0,0.01069986
QLC/BTC,1566578740169,2019-08-23T16:45:40.169Z,buy,1.51e-06,6441.0,0.0097259099999999
QLC/BTC,1566578774753,2019-08-23T16:46:14.753Z,buy,1.51e-06,280.0,0.0004228
QLC/BTC,1566578811261,2019-08-23T16:46:51.261Z,buy,1.51e-06,860.0,0.0012986
QLC/BTC,1566578811303,2019-08-23T16:46:51.303Z,buy,1.51e-06,860.0,0.0012986
QLC/BTC,1566578811342,2019-08-23T16:46:51.342Z,sell,1.5e-06,860.0,0.00129
QLC/BTC,1566578812316,2019-08-23T16:46:52.316Z,buy,1.51e-06,1818.0,0.00274518
QLC/BTC,1566578812671,2019-08-23T16:46:52.671Z,buy,1.51e-06,1480.0,0.0022348
QLC/BTC,1566578814475,2019-08-23T16:46:54.475Z,buy,1.51e-06,1221.0,0.00184371
QLC/BTC,1566578815833,2019-08-23T16:46:55.833Z,buy,1.51e-06,1319.0,0.00199169
QLC/BTC,1566578816765,2019-08-23T16:46:56.765Z,buy,1.51e-06,292.0,0.00044092
QLC/BTC,1566578818698,2019-08-23T16:46:58.698Z,buy,1.51e-06,438.0,0.0006613799999999
QLC/BTC,1566578823889,2019-08-23T16:47:03.889Z,buy,1.51e-06,1678.0,0.00253378
QLC/BTC,1566578826677,2019-08-23T16:47:06.677Z,buy,1.51e-06,613.0,0.00092563
QLC/BTC,1566578827976,2019-08-23T16:47:07.976Z,buy,1.51e-06,887.0,0.0013393699999999
QLC/BTC,1566578831561,2019-08-23T16:47:11.561Z,sell,1.5e-06,7377.0,0.0110655
QLC/BTC,1566578832966,2019-08-23T16:47:12.966Z,buy,1.51e-06,2655.0,0.00400905
QLC/BTC,1566578868516,2019-08-23T16:47:48.516Z,sell,1.5e-06,1000.0,0.0015
QLC/BTC,1566579009778,2019-08-23T16:50:09.778Z,buy,1.51e-06,4772.0,0.00720572
QLC/BTC,1566579011862,2019-08-23T16:50:11.862Z,buy,1.51e-06,4422.0,0.0066772199999999
QLC/BTC,1566579011935,2019-08-23T16:50:11.935Z,buy,1.51e-06,4597.0,0.00694147
QLC/BTC,1566579012891,2019-08-23T16:50:12.891Z,buy,1.51e-06,12466.0,0.01882366
QLC/BTC,1566579012892,2019-08-23T16:50:12.892Z,buy,1.51e-06,10779.0,0.01627629
QLC/BTC,1566579012895,2019-08-23T16:50:12.895Z,buy,1.51e-06,11164.0,0.01685764
QLC/BTC,1566579012898,2019-08-23T16:50:12.898Z,buy,1.51e-06,1015.0,0.00153265
QLC/BTC,1566579013098,2019-08-23T16:50:13.098Z,buy,1.51e-06,1000.0,0.0015099999999999
QLC/BTC,1566579013263,2019-08-23T16:50:13.263Z,sell,1.5e-06,6313.0,0.0094695
QLC/BTC,1566579014107,2019-08-23T16:50:14.107Z,buy,1.51e-06,67.0,0.00010117
QLC/BTC,1566579014763,2019-08-23T16:50:14.763Z,buy,1.51e-06,78.0,0.00011778
QLC/BTC,1566579015087,2019-08-23T16:50:15.087Z,buy,1.51e-06,67.0,0.00010117
QLC/BTC,1566579015815,2019-08-23T16:50:15.815Z,buy,1.51e-06,88.0,0.00013288
QLC/BTC,1566579015939,2019-08-23T16:50:15.939Z,buy,1.51e-06,67.0,0.00010117
QLC/BTC,1566579016821,2019-08-23T16:50:16.821Z,buy,1.51e-06,99.0,0.00014949
QLC/BTC,1566579016930,2019-08-23T16:50:16.930Z,buy,1.51e-06,67.0,0.00010117
QLC/BTC,1566579017821,2019-08-23T16:50:17.821Z,buy,1.51e-06,111.0,0.00016761
QLC/BTC,1566579017933,2019-08-23T16:50:17.933Z,buy,1.51e-06,67.0,0.00010117
QLC/BTC,1566579018834,2019-08-23T16:50:18.834Z,buy,1.51e-06,125.0,0.0001887499999999
QLC/BTC,1566579018937,2019-08-23T16:50:18.937Z,buy,1.51e-06,68.0,0.00010268
QLC/BTC,1566579049021,2019-08-23T16:50:49.021Z,buy,1.51e-06,67.0,0.00010117
QLC/BTC,1566579051088,2019-08-23T16:50:51.088Z,buy,1.51e-06,76.0,0.0001147599999999
QLC/BTC,1566579053104,2019-08-23T16:50:53.104Z,buy,1.51e-06,67.0,0.00010117
QLC/BTC,1566579141828,2019-08-23T16:52:21.828Z,sell,1.5e-06,2430.0,0.003645
QLC/BTC,1566579142108,2019-08-23T16:52:22.108Z,sell,1.5e-06,5084.0,0.007626
QLC/BTC,1566579142254,2019-08-23T16:52:22.254Z,sell,1.5e-06,339.0,0.0005085
QLC/BTC,1566579143983,2019-08-23T16:52:23.983Z,sell,1.5e-06,227.0,0.0003405
QLC/BTC,1566579144996,2019-08-23T16:52:24.996Z,sell,1.5e-06,6280.0,0.00942
QLC/BTC,1566579145730,2019-08-23T16:52:25.730Z,sell,1.5e-06,361.0,0.0005415
QLC/BTC,1566579145964,2019-08-23T16:52:25.964Z,sell,1.5e-06,162.0,0.000243
QLC/BTC,1566579187161,2019-08-23T16:53:07.161Z,sell,1.5e-06,3583.0,0.0053745
QLC/BTC,1566579187954,2019-08-23T16:53:07.954Z,sell,1.5e-06,4423.0,0.0066345
QLC/BTC,1566579207215,2019-08-23T16:53:27.215Z,sell,1.5e-06,32121.0,0.0481815
QLC/BTC,1566579305145,2019-08-23T16:55:05.145Z,buy,1.5e-06,1474.0,0.002211
QLC/BTC,1566579305187,2019-08-23T16:55:05.187Z,buy,1.5e-06,216.0,0.000324
QLC/BTC,1566579305380,2019-08-23T16:55:05.380Z,buy,1.5e-06,67.0,0.0001005
QLC/BTC,1566579305963,2019-08-23T16:55:05.963Z,buy,1.5e-06,89.0,0.0001335
QLC/BTC,1566579306380,2019-08-23T16:55:06.380Z,buy,1.5e-06,67.0,0.0001005
QLC/BTC,1566579306962,2019-08-23T16:55:06.962Z,buy,1.5e-06,102.0,0.000153
QLC/BTC,1566579307393,2019-08-23T16:55:07.393Z,buy,1.5e-06,67.0,0.0001005
QLC/BTC,1566579307956,2019-08-23T16:55:07.956Z,buy,1.5e-06,116.0,0.000174
QLC/BTC,1566579308387,2019-08-23T16:55:08.387Z,buy,1.5e-06,67.0,0.0001005
QLC/BTC,1566579308991,2019-08-23T16:55:08.991Z,buy,1.5e-06,67.0,0.0001005
QLC/BTC,1566579309137,2019-08-23T16:55:09.137Z,buy,1.5e-06,67.0,0.0001005
QLC/BTC,1566579312122,2019-08-23T16:55:12.122Z,buy,1.5e-06,1606.0,0.002409
QLC/BTC,1566579313090,2019-08-23T16:55:13.090Z,buy,1.5e-06,1609.0,0.0024135
QLC/BTC,1566579335127,2019-08-23T16:55:35.127Z,buy,1.5e-06,7083.0,0.0106245
QLC/BTC,1566579343768,2019-08-23T16:55:43.768Z,sell,1.49e-06,8650.0,0.0128884999999999
QLC/BTC,1566579344111,2019-08-23T16:55:44.111Z,sell,1.49e-06,790.0,0.0011771
QLC/BTC,1566579345471,2019-08-23T16:55:45.471Z,sell,1.49e-06,10647.0,0.0158640299999999
QLC/BTC,1566579378668,2019-08-23T16:56:18.668Z,buy,1.5e-06,10556.0,0.015834
QLC/BTC,1566579380233,2019-08-23T16:56:20.233Z,sell,1.49e-06,9050.0,0.0134845
QLC/BTC,1566579383094,2019-08-23T16:56:23.094Z,buy,1.51e-06,67.0,0.00010117
QLC/BTC,1566579383652,2019-08-23T16:56:23.652Z,buy,1.51e-06,81.0,0.0001223099999999
QLC/BTC,1566579384109,2019-08-23T16:56:24.109Z,buy,1.51e-06,67.0,0.00010117
QLC/BTC,1566579384980,2019-08-23T16:56:24.980Z,buy,1.51e-06,146.0,0.00022046
QLC/BTC,1566579385720,2019-08-23T16:56:25.720Z,buy,1.51e-06,114.0,0.00017214
QLC/BTC,1566579385992,2019-08-23T16:56:25.992Z,buy,1.51e-06,67.0,0.00010117
QLC/BTC,1566579387121,2019-08-23T16:56:27.121Z,buy,1.51e-06,180.0,0.0002718
QLC/BTC,1566579387784,2019-08-23T16:56:27.784Z,buy,1.51e-06,133.0,0.0002008299999999
QLC/BTC,1566579407228,2019-08-23T16:56:47.228Z,sell,1.49e-06,80.0,0.0001192
QLC/BTC,1566579425964,2019-08-23T16:57:05.964Z,sell,1.49e-06,855.0,0.00127395
QLC/BTC,1566579483334,2019-08-23T16:58:03.334Z,buy,1.5e-06,2684.0,0.004026
QLC/BTC,1566579511067,2019-08-23T16:58:31.067Z,sell,1.49e-06,500.0,0.000745
QLC/BTC,1566579511067,2019-08-23T16:58:31.067Z,sell,1.49e-06,500.0,0.000745
QLC/BTC,1566579656307,2019-08-23T17:00:56.307Z,buy,1.5e-06,177945.0,0.2669175
QLC/BTC,1566579656435,2019-08-23T17:00:56.435Z,sell,1.5e-06,1460.0,0.00219
QLC/BTC,1566579657295,2019-08-23T17:00:57.295Z,sell,1.5e-06,11164.0,0.016746
QLC/BTC,1566579758561,2019-08-23T17:02:38.561Z,buy,1.51e-06,7852.0,0.0118565199999999
QLC/BTC,1566579776035,2019-08-23T17:02:56.035Z,buy,1.51e-06,33792.0,0.0510259199999999
QLC/BTC,1566579778114,2019-08-23T17:02:58.114Z,buy,1.51e-06,74220.0,0.1120722
QLC/BTC,1566579856740,2019-08-23T17:04:16.740Z,sell,1.5e-06,125.0,0.0001875
QLC/BTC,1566579909992,2019-08-23T17:05:09.992Z,buy,1.51e-06,3394.0,0.00512494
QLC/BTC,1566579910025,2019-08-23T17:05:10.025Z,sell,1.51e-06,3493.0,0.00527443
QLC/BTC,1566579910078,2019-08-23T17:05:10.078Z,sell,1.51e-06,214.0,0.0003231399999999
QLC/BTC,1566579910091,2019-08-23T17:05:10.091Z,buy,1.51e-06,86.0,0.00012986
QLC/BTC,1566580019604,2019-08-23T17:06:59.604Z,sell,1.51e-06,83.0,0.00012533
QLC/BTC,1566580237714,2019-08-23T17:10:37.714Z,sell,1.51e-06,89.0,0.00013439
QLC/BTC,1566580397888,2019-08-23T17:13:17.888Z,buy,1.52e-06,4468.0,0.00679136
QLC/BTC,1566580433013,2019-08-23T17:13:53.013Z,sell,1.51e-06,277.0,0.00041827
QLC/BTC,1566580500513,2019-08-23T17:15:00.513Z,sell,1.51e-06,12922.0,0.01951222
QLC/BTC,1566580526411,2019-08-23T17:15:26.411Z,sell,1.51e-06,137.0,0.00020687
QLC/BTC,1566580585795,2019-08-23T17:16:25.795Z,sell,1.51e-06,4446.0,0.00671346
QLC/BTC,1566580585829,2019-08-23T17:16:25.829Z,sell,1.51e-06,237.0,0.00035787
QLC/BTC,1566580588777,2019-08-23T17:16:28.777Z,sell,1.51e-06,239.0,0.00036089
QLC/BTC,1566580669472,2019-08-23T17:17:49.472Z,sell,1.51e-06,431.0,0.0006508099999999
QLC/BTC,1566580695900,2019-08-23T17:18:15.900Z,sell,1.51e-06,207.0,0.0003125699999999
QLC/BTC,1566580755446,2019-08-23T17:19:15.446Z,sell,1.51e-06,90.0,0.0001359
QLC/BTC,1566581164782,2019-08-23T17:26:04.782Z,buy,1.52e-06,192673.0,0.29286296
QLC/BTC,1566581169075,2019-08-23T17:26:09.075Z,buy,1.53e-06,13072.0,0.02000016
QLC/BTC,1566581170492,2019-08-23T17:26:10.492Z,sell,1.52e-06,126836.0,0.19279072
QLC/BTC,1566581171030,2019-08-23T17:26:11.030Z,buy,1.52e-06,26316.0,0.04000032
QLC/BTC,1566581176570,2019-08-23T17:26:16.570Z,sell,1.51e-06,4222.0,0.00637522
QLC/BTC,1566581228657,2019-08-23T17:27:08.657Z,buy,1.52e-06,300.0,0.000456
QLC/BTC,1566581266436,2019-08-23T17:27:46.436Z,buy,1.52e-06,6912.0,0.01050624
QLC/BTC,1566581267611,2019-08-23T17:27:47.611Z,buy,1.52e-06,17583.0,0.02672616
QLC/BTC,1566581295240,2019-08-23T17:28:15.240Z,sell,1.51e-06,581.0,0.00087731
QLC/BTC,1566581406692,2019-08-23T17:30:06.692Z,sell,1.51e-06,52364.0,0.07906964
QLC/BTC,1566581424427,2019-08-23T17:30:24.427Z,buy,1.51e-06,557.0,0.00084107
QLC/BTC,1566581425931,2019-08-23T17:30:25.931Z,buy,1.51e-06,895.0,0.00135145
QLC/BTC,1566581425972,2019-08-23T17:30:25.972Z,buy,1.51e-06,544.0,0.00082144
QLC/BTC,1566582381896,2019-08-23T17:46:21.896Z,sell,1.5e-06,877.0,0.0013155
QLC/BTC,1566582381897,2019-08-23T17:46:21.897Z,sell,1.5e-06,877.0,0.0013155
QLC/BTC,1566582382021,2019-08-23T17:46:22.021Z,sell,1.5e-06,402.0,0.000603
QLC/BTC,1566582382936,2019-08-23T17:46:22.936Z,sell,1.5e-06,852.0,0.001278
QLC/BTC,1566582402245,2019-08-23T17:46:42.245Z,buy,1.51e-06,3834.0,0.00578934
QLC/BTC,1566582430979,2019-08-23T17:47:10.979Z,sell,1.5e-06,328.0,0.000492
QLC/BTC,1566582441234,2019-08-23T17:47:21.234Z,sell,1.5e-06,300.0,0.00045
QLC/BTC,1566582457249,2019-08-23T17:47:37.249Z,sell,1.5e-06,8981.0,0.0134715
QLC/BTC,1566582889547,2019-08-23T17:54:49.547Z,buy,1.51e-06,1000.0,0.0015099999999999
QLC/BTC,1566583064211,2019-08-23T17:57:44.211Z,buy,1.51e-06,13245.0,0.01999995
QLC/BTC,1566583087351,2019-08-23T17:58:07.351Z,buy,1.51e-06,113107.0,0.17079157
QLC/BTC,1566583087351,2019-08-23T17:58:07.351Z,buy,1.51e-06,113107.0,0.17079157
QLC/BTC,1566583238818,2019-08-23T18:00:38.818Z,sell,1.5e-06,119812.0,0.179718
QLC/BTC,1566583250259,2019-08-23T18:00:50.259Z,sell,1.49e-06,1003.0,0.00149447
QLC/BTC,1566583299869,2019-08-23T18:01:39.869Z,buy,1.5e-06,7213.0,0.0108195
QLC/BTC,1566583307179,2019-08-23T18:01:47.179Z,buy,1.5e-06,2030.0,0.003045
QLC/BTC,1566583307239,2019-08-23T18:01:47.239Z,buy,1.5e-06,201.0,0.0003015
QLC/BTC,1566583413102,2019-08-23T18:03:33.102Z,buy,1.5e-06,2000.0,0.003
QLC/BTC,1566583461452,2019-08-23T18:04:21.452Z,buy,1.5e-06,82.0,0.000123
QLC/BTC,1566583503764,2019-08-23T18:05:03.764Z,buy,1.5e-06,551.0,0.0008265
QLC/BTC,1566583603540,2019-08-23T18:06:43.540Z,sell,1.49e-06,2590.0,0.0038591
QLC/BTC,1566583616695,2019-08-23T18:06:56.695Z,buy,1.5e-06,59059.0,0.0885885
QLC/BTC,1566584270094,2019-08-23T18:17:50.094Z,buy,1.51e-06,80.0,0.0001208
QLC/BTC,1566584361255,2019-08-23T18:19:21.255Z,sell,1.5e-06,33758.0,0.050637
QLC/BTC,1566584534060,2019-08-23T18:22:14.060Z,sell,1.5e-06,11000.0,0.0165
QLC/BTC,1566584534113,2019-08-23T18:22:14.113Z,sell,1.5e-06,306.0,0.000459
QLC/BTC,1566584899419,2019-08-23T18:28:19.419Z,sell,1.5e-06,77.0,0.0001155
QLC/BTC,1566585425130,2019-08-23T18:37:05.130Z,sell,1.5e-06,8378.0,0.012567
QLC/BTC,1566585492248,2019-08-23T18:38:12.248Z,sell,1.5e-06,404.0,0.000606
QLC/BTC,1566585724147,2019-08-23T18:42:04.147Z,buy,1.51e-06,75188.0,0.1135338799999999
QLC/BTC,1566585905103,2019-08-23T18:45:05.103Z,buy,1.51e-06,69069.0,0.10429419
QLC/BTC,1566586010434,2019-08-23T18:46:50.434Z,buy,1.51e-06,7736.0,0.01168136
QLC/BTC,1566586017333,2019-08-23T18:46:57.333Z,sell,1.51e-06,1321.0,0.00199471
QLC/BTC,1566586271781,2019-08-23T18:51:11.781Z,sell,1.51e-06,49423.0,0.0746287299999999
QLC/BTC,1566586319767,2019-08-23T18:51:59.767Z,buy,1.51e-06,19973.0,0.03015923
QLC/BTC,1566586342184,2019-08-23T18:52:22.184Z,sell,1.51e-06,440.0,0.0006644
QLC/BTC,1566586342184,2019-08-23T18:52:22.184Z,sell,1.51e-06,440.0,0.0006644
QLC/BTC,1566586988915,2019-08-23T19:03:08.915Z,buy,1.52e-06,238.0,0.00036176
QLC/BTC,1566586997348,2019-08-23T19:03:17.348Z,buy,1.52e-06,77.0,0.00011704
QLC/BTC,1566587255084,2019-08-23T19:07:35.084Z,buy,1.52e-06,139.0,0.00021128
QLC/BTC,1566587284497,2019-08-23T19:08:04.497Z,sell,1.51e-06,157.0,0.0002370699999999
QLC/BTC,1566587688159,2019-08-23T19:14:48.159Z,buy,1.52e-06,5639.0,0.00857128
QLC/BTC,1566587688187,2019-08-23T19:14:48.187Z,sell,1.52e-06,3416.0,0.00519232
QLC/BTC,1566587801884,2019-08-23T19:16:41.884Z,sell,1.52e-06,4679.0,0.00711208
QLC/BTC,1566587863417,2019-08-23T19:17:43.417Z,sell,1.51e-06,120.0,0.0001811999999999
QLC/BTC,1566588626174,2019-08-23T19:30:26.174Z,sell,1.51e-06,11393.0,0.01720343
QLC/BTC,1566589015957,2019-08-23T19:36:55.957Z,buy,1.53e-06,1307.0,0.00199971
QLC/BTC,1566589077334,2019-08-23T19:37:57.334Z,buy,1.53e-06,3137.0,0.00479961
QLC/BTC,1566589083838,2019-08-23T19:38:03.838Z,sell,1.51e-06,5926.0,0.00894826
QLC/BTC,1566589155443,2019-08-23T19:39:15.443Z,sell,1.51e-06,143.0,0.00021593
QLC/BTC,1566589156496,2019-08-23T19:39:16.496Z,sell,1.51e-06,12661.0,0.01911811
QLC/BTC,1566589359477,2019-08-23T19:42:39.477Z,sell,1.51e-06,192.0,0.00028992
QLC/BTC,1566589723423,2019-08-23T19:48:43.423Z,sell,1.51e-06,9055.0,0.0136730499999999
QLC/BTC,1566589723423,2019-08-23T19:48:43.423Z,sell,1.51e-06,9055.0,0.0136730499999999
QLC/BTC,1566590422057,2019-08-23T20:00:22.057Z,buy,1.52e-06,3809.0,0.00578968
QLC/BTC,1566590599186,2019-08-23T20:03:19.186Z,sell,1.51e-06,24372.0,0.0368017199999999
QLC/BTC,1566591026290,2019-08-23T20:10:26.290Z,buy,1.52e-06,482.0,0.00073264
QLC/BTC,1566591026315,2019-08-23T20:10:26.315Z,sell,1.52e-06,1561.0,0.00237272
QLC/BTC,1566591237809,2019-08-23T20:13:57.809Z,buy,1.52e-06,45584.0,0.06928768
QLC/BTC,1566591356530,2019-08-23T20:15:56.530Z,buy,1.52e-06,29318.0,0.04456336
QLC/BTC,1566591467616,2019-08-23T20:17:47.616Z,buy,1.52e-06,77.0,0.00011704
QLC/BTC,1566591643910,2019-08-23T20:20:43.910Z,buy,1.52e-06,24989.0,0.03798328
QLC/BTC,1566591649973,2019-08-23T20:20:49.973Z,buy,1.52e-06,571.0,0.00086792
QLC/BTC,1566591651619,2019-08-23T20:20:51.619Z,buy,1.52e-06,892.0,0.00135584
QLC/BTC,1566592082846,2019-08-23T20:28:02.846Z,buy,1.52e-06,17043.0,0.02590536
QLC/BTC,1566592489072,2019-08-23T20:34:49.072Z,buy,1.52e-06,8854.0,0.01345808
QLC/BTC,1566592531634,2019-08-23T20:35:31.634Z,buy,1.52e-06,45163.0,0.06864776
QLC/BTC,1566592551287,2019-08-23T20:35:51.287Z,buy,1.52e-06,20838.0,0.03167376
QLC/BTC,1566592857660,2019-08-23T20:40:57.660Z,sell,1.51e-06,13582.0,0.02050882
QLC/BTC,1566592857660,2019-08-23T20:40:57.660Z,sell,1.51e-06,13582.0,0.02050882
QLC/BTC,1566593441717,2019-08-23T20:50:41.717Z,sell,1.51e-06,17891.0,0.02701541
QLC/BTC,1566593870255,2019-08-23T20:57:50.255Z,buy,1.52e-06,1668.0,0.00253536
QLC/BTC,1566593890361,2019-08-23T20:58:10.361Z,buy,1.52e-06,11601.0,0.01763352
QLC/BTC,1566593918915,2019-08-23T20:58:38.915Z,buy,1.52e-06,19238.0,0.02924176
QLC/BTC,1566594010686,2019-08-23T21:00:10.686Z,buy,1.52e-06,2318.0,0.00352336
QLC/BTC,1566594055333,2019-08-23T21:00:55.333Z,buy,1.52e-06,6842.0,0.01039984
QLC/BTC,1566594152701,2019-08-23T21:02:32.701Z,sell,1.51e-06,3068.0,0.00463268
QLC/BTC,1566594291713,2019-08-23T21:04:51.713Z,buy,1.52e-06,3547.0,0.00539144
QLC/BTC,1566594587595,2019-08-23T21:09:47.595Z,buy,1.52e-06,4061.0,0.00617272
QLC/BTC,1566594591044,2019-08-23T21:09:51.044Z,buy,1.52e-06,2342.0,0.00355984
QLC/BTC,1566594592163,2019-08-23T21:09:52.163Z,buy,1.52e-06,2331.0,0.00354312
QLC/BTC,1566594624054,2019-08-23T21:10:24.054Z,buy,1.52e-06,14048.0,0.02135296
QLC/BTC,1566594798772,2019-08-23T21:13:18.772Z,sell,1.5e-06,12430.0,0.018645
QLC/BTC,1566594800310,2019-08-23T21:13:20.310Z,buy,1.52e-06,3421.0,0.00519992
QLC/BTC,1566594831061,2019-08-23T21:13:51.061Z,buy,1.52e-06,5968.0,0.00907136
QLC/BTC,1566594832209,2019-08-23T21:13:52.209Z,sell,1.5e-06,21862.0,0.032793
QLC/BTC,1566594849831,2019-08-23T21:14:09.831Z,sell,1.51e-06,16506.0,0.0249240599999999
QLC/BTC,1566594956576,2019-08-23T21:15:56.576Z,sell,1.51e-06,20101.0,0.03035251
QLC/BTC,1566594961617,2019-08-23T21:16:01.617Z,sell,1.52e-06,1343.0,0.00204136
QLC/BTC,1566594970750,2019-08-23T21:16:10.750Z,buy,1.53e-06,979.0,0.0014978699999999
QLC/BTC,1566595016987,2019-08-23T21:16:56.987Z,sell,1.52e-06,300.0,0.000456
QLC/BTC,1566595027915,2019-08-23T21:17:07.915Z,sell,1.52e-06,5352.0,0.00813504
QLC/BTC,1566595531798,2019-08-23T21:25:31.798Z,buy,1.52e-06,634.0,0.00096368
QLC/BTC,1566595580932,2019-08-23T21:26:20.932Z,sell,1.52e-06,200.0,0.000304
QLC/BTC,1566595718630,2019-08-23T21:28:38.630Z,buy,1.53e-06,25112.0,0.03842136
QLC/BTC,1566595916748,2019-08-23T21:31:56.748Z,sell,1.52e-06,403.0,0.00061256
QLC/BTC,1566596055716,2019-08-23T21:34:15.716Z,sell,1.51e-06,85.0,0.00012835
QLC/BTC,1566596337161,2019-08-23T21:38:57.161Z,sell,1.51e-06,13418.0,0.02026118
QLC/BTC,1566596337161,2019-08-23T21:38:57.161Z,sell,1.51e-06,13418.0,0.02026118
QLC/BTC,1566596493174,2019-08-23T21:41:33.174Z,sell,1.51e-06,832.0,0.00125632
QLC/BTC,1566596540428,2019-08-23T21:42:20.428Z,sell,1.5e-06,17043.0,0.0255645
QLC/BTC,1566596771792,2019-08-23T21:46:11.792Z,buy,1.51e-06,3321.0,0.0050147099999999
QLC/BTC,1566596789139,2019-08-23T21:46:29.139Z,sell,1.5e-06,61579.0,0.0923685
QLC/BTC,1566597334825,2019-08-23T21:55:34.825Z,sell,1.51e-06,5370.0,0.0081087
QLC/BTC,1566597343091,2019-08-23T21:55:43.091Z,sell,1.51e-06,2440.0,0.0036844
QLC/BTC,1566597343091,2019-08-23T21:55:43.091Z,sell,1.5e-06,1587.0,0.0023805
QLC/BTC,1566597350735,2019-08-23T21:55:50.735Z,sell,1.5e-06,3020.0,0.00453
QLC/BTC,1566597474582,2019-08-23T21:57:54.582Z,sell,1.5e-06,2119.0,0.0031785
QLC/BTC,1566597694536,2019-08-23T22:01:34.536Z,sell,1.5e-06,754.0,0.001131
QLC/BTC,1566597929308,2019-08-23T22:05:29.308Z,sell,1.5e-06,6591.0,0.0098865
QLC/BTC,1566598189910,2019-08-23T22:09:49.910Z,sell,1.5e-06,6435.0,0.0096525
QLC/BTC,1566598266610,2019-08-23T22:11:06.610Z,sell,1.5e-06,14618.0,0.021927
QLC/BTC,1566598408042,2019-08-23T22:13:28.042Z,buy,1.51e-06,800.0,0.0012079999999999
QLC/BTC,1566599511250,2019-08-23T22:31:51.250Z,sell,1.51e-06,1592.0,0.00240392
QLC/BTC,1566599511307,2019-08-23T22:31:51.307Z,sell,1.51e-06,2.0,3.02e-06
QLC/BTC,1566599515123,2019-08-23T22:31:55.123Z,buy,1.51e-06,9320.0,0.0140732
QLC/BTC,1566599612714,2019-08-23T22:33:32.714Z,sell,1.5e-06,40255.0,0.0603825
QLC/BTC,1566599822059,2019-08-23T22:37:02.059Z,sell,1.5e-06,6199.0,0.0092985
QLC/BTC,1566599822059,2019-08-23T22:37:02.059Z,sell,1.5e-06,6199.0,0.0092985
QLC/BTC,1566600578616,2019-08-23T22:49:38.616Z,buy,1.51e-06,94.0,0.0001419399999999
QLC/BTC,1566602055228,2019-08-23T23:14:15.228Z,buy,1.51e-06,696.0,0.0010509599999999
QLC/BTC,1566602055245,2019-08-23T23:14:15.245Z,buy,1.51e-06,331.0,0.00049981
QLC/BTC,1566602084424,2019-08-23T23:14:44.424Z,buy,1.51e-06,417.0,0.0006296699999999
QLC/BTC,1566602228538,2019-08-23T23:17:08.538Z,buy,1.51e-06,417.0,0.0006296699999999
QLC/BTC,1566602298147,2019-08-23T23:18:18.147Z,buy,1.51e-06,90.0,0.0001359
QLC/BTC,1566602936165,2019-08-23T23:28:56.165Z,sell,1.5e-06,20800.0,0.0312
QLC/BTC,1566602936165,2019-08-23T23:28:56.165Z,sell,1.49e-06,52858.0,0.07875842
QLC/BTC,1566602936165,2019-08-23T23:28:56.165Z,sell,1.5e-06,20800.0,0.0312
QLC/BTC,1566602936165,2019-08-23T23:28:56.165Z,sell,1.49e-06,52858.0,0.07875842
QLC/BTC,1566603529365,2019-08-23T23:38:49.365Z,sell,1.5e-06,1163.0,0.0017445
QLC/BTC,1566605211461,2019-08-24T00:06:51.461Z,buy,1.51e-06,1644.0,0.00248244
QLC/BTC,1566605384700,2019-08-24T00:09:44.700Z,buy,1.51e-06,454.0,0.00068554
QLC/BTC,1566605384714,2019-08-24T00:09:44.714Z,buy,1.51e-06,454.0,0.00068554
QLC/BTC,1566605384723,2019-08-24T00:09:44.723Z,buy,1.51e-06,331.0,0.00049981
QLC/BTC,1566605384909,2019-08-24T00:09:44.909Z,buy,1.51e-06,454.0,0.00068554
QLC/BTC,1566605386445,2019-08-24T00:09:46.445Z,buy,1.51e-06,457.0,0.00069007
QLC/BTC,1566605764791,2019-08-24T00:16:04.791Z,buy,1.51e-06,241.0,0.00036391
QLC/BTC,1566605869721,2019-08-24T00:17:49.721Z,buy,1.51e-06,84.0,0.00012684
QLC/BTC,1566606373736,2019-08-24T00:26:13.736Z,buy,1.51e-06,16064.0,0.02425664
QLC/BTC,1566606373993,2019-08-24T00:26:13.993Z,buy,1.51e-06,65000.0,0.09815
QLC/BTC,1566606405975,2019-08-24T00:26:45.975Z,buy,1.51e-06,15740.0,0.0237673999999999
QLC/BTC,1566606406352,2019-08-24T00:26:46.352Z,buy,1.51e-06,15733.0,0.02375683
QLC/BTC,1566606419438,2019-08-24T00:26:59.438Z,buy,1.51e-06,25807.0,0.03896857
QLC/BTC,1566606438078,2019-08-24T00:27:18.078Z,buy,1.51e-06,22597.0,0.03412147
QLC/BTC,1566606457399,2019-08-24T00:27:37.399Z,buy,1.51e-06,1051.0,0.00158701
QLC/BTC,1566606457399,2019-08-24T00:27:37.399Z,buy,1.51e-06,1051.0,0.00158701
QLC/BTC,1566606588348,2019-08-24T00:29:48.348Z,buy,1.51e-06,278.0,0.0004197799999999
QLC/BTC,1566606588840,2019-08-24T00:29:48.840Z,buy,1.51e-06,285.0,0.0004303499999999
QLC/BTC,1566606736996,2019-08-24T00:32:16.996Z,buy,1.51e-06,25366.0,0.0383026599999999
QLC/BTC,1566607037829,2019-08-24T00:37:17.829Z,buy,1.51e-06,960.0,0.0014495999999999
QLC/BTC,1566607038087,2019-08-24T00:37:18.087Z,buy,1.51e-06,60000.0,0.0906
QLC/BTC,1566607038088,2019-08-24T00:37:18.088Z,buy,1.51e-06,38644.0,0.05835244
QLC/BTC,1566607738216,2019-08-24T00:48:58.216Z,sell,1.51e-06,23545.0,0.03555295
QLC/BTC,1566607738216,2019-08-24T00:48:58.216Z,sell,1.5e-06,48377.0,0.0725655
QLC/BTC,1566607738231,2019-08-24T00:48:58.231Z,buy,1.5e-06,23997.0,0.0359955
QLC/BTC,1566607738232,2019-08-24T00:48:58.232Z,buy,1.5e-06,23991.0,0.0359865
QLC/BTC,1566607738240,2019-08-24T00:48:58.240Z,buy,1.5e-06,4946.0,0.007419
QLC/BTC,1566607739758,2019-08-24T00:48:59.758Z,sell,1.49e-06,23545.0,0.03508205
QLC/BTC,1566607778361,2019-08-24T00:49:38.361Z,sell,1.5e-06,300.0,0.00045
QLC/BTC,1566607918312,2019-08-24T00:51:58.312Z,sell,1.5e-06,285.0,0.0004275
QLC/BTC,1566607946017,2019-08-24T00:52:26.017Z,buy,1.51e-06,323.0,0.0004877299999999
QLC/BTC,1566607946142,2019-08-24T00:52:26.142Z,buy,1.51e-06,323.0,0.0004877299999999
QLC/BTC,1566607946263,2019-08-24T00:52:26.263Z,buy,1.51e-06,276.0,0.0004167599999999
QLC/BTC,1566608205028,2019-08-24T00:56:45.028Z,buy,1.51e-06,5342.0,0.00806642
QLC/BTC,1566608420096,2019-08-24T01:00:20.096Z,buy,1.51e-06,39735.0,0.05999985
QLC/BTC,1566608420361,2019-08-24T01:00:20.361Z,buy,1.51e-06,5000.0,0.0075499999999999
QLC/BTC,1566608420401,2019-08-24T01:00:20.401Z,buy,1.51e-06,2147.0,0.00324197
QLC/BTC,1566609469143,2019-08-24T01:17:49.143Z,sell,1.51e-06,91.0,0.00013741
QLC/BTC,1566609762881,2019-08-24T01:22:42.881Z,sell,1.51e-06,253.0,0.00038203
QLC/BTC,1566609762881,2019-08-24T01:22:42.881Z,sell,1.51e-06,253.0,0.00038203
QLC/BTC,1566610172400,2019-08-24T01:29:32.400Z,buy,1.52e-06,23307.0,0.03542664
QLC/BTC,1566610175998,2019-08-24T01:29:35.998Z,buy,1.52e-06,744.0,0.00113088
QLC/BTC,1566610176254,2019-08-24T01:29:36.254Z,buy,1.52e-06,9000.0,0.01368
QLC/BTC,1566610264430,2019-08-24T01:31:04.430Z,buy,1.52e-06,3272.0,0.00497344
QLC/BTC,1566610264601,2019-08-24T01:31:04.601Z,sell,1.52e-06,278.0,0.00042256
QLC/BTC,1566610457763,2019-08-24T01:34:17.763Z,sell,1.52e-06,90.0,0.0001368
QLC/BTC,1566610617324,2019-08-24T01:36:57.324Z,buy,1.53e-06,32894.0,0.0503278199999999
QLC/BTC,1566610791468,2019-08-24T01:39:51.468Z,sell,1.52e-06,4238.0,0.00644176
QLC/BTC,1566610904698,2019-08-24T01:41:44.698Z,sell,1.51e-06,3442.0,0.0051974199999999
QLC/BTC,1566610904698,2019-08-24T01:41:44.698Z,sell,1.5e-06,57392.0,0.086088
QLC/BTC,1566611063420,2019-08-24T01:44:23.420Z,sell,1.5e-06,1902.0,0.002853
QLC/BTC,1566611613224,2019-08-24T01:53:33.224Z,buy,1.51e-06,3311.0,0.00499961
QLC/BTC,1566611613309,2019-08-24T01:53:33.309Z,buy,1.51e-06,6622.0,0.00999922
QLC/BTC,1566611615636,2019-08-24T01:53:35.636Z,buy,1.51e-06,2108.0,0.00318308
QLC/BTC,1566611621063,2019-08-24T01:53:41.063Z,buy,1.51e-06,3311.0,0.00499961
QLC/BTC,1566611711298,2019-08-24T01:55:11.298Z,buy,1.51e-06,6622.0,0.00999922
QLC/BTC,1566611711557,2019-08-24T01:55:11.557Z,buy,1.51e-06,8122.0,0.01226422
QLC/BTC,1566613023680,2019-08-24T02:17:03.680Z,sell,1.51e-06,25128.0,0.0379432799999999
QLC/BTC,1566613023680,2019-08-24T02:17:03.680Z,sell,1.51e-06,25128.0,0.0379432799999999
QLC/BTC,1566613438934,2019-08-24T02:23:58.934Z,sell,1.51e-06,8599.0,0.01298449
QLC/BTC,1566614349685,2019-08-24T02:39:09.685Z,sell,1.51e-06,8172.0,0.01233972
QLC/BTC,1566614405944,2019-08-24T02:40:05.944Z,sell,1.5e-06,28387.0,0.0425805
QLC/BTC,1566614406018,2019-08-24T02:40:06.018Z,buy,1.5e-06,833.0,0.0012495
QLC/BTC,1566614409284,2019-08-24T02:40:09.284Z,sell,1.49e-06,744.0,0.00110856
QLC/BTC,1566614418597,2019-08-24T02:40:18.597Z,buy,1.5e-06,140.0,0.00021
QLC/BTC,1566614418637,2019-08-24T02:40:18.637Z,buy,1.5e-06,402.0,0.000603
QLC/BTC,1566614421470,2019-08-24T02:40:21.470Z,buy,1.5e-06,2537.0,0.0038055
QLC/BTC,1566614421470,2019-08-24T02:40:21.470Z,buy,1.51e-06,4085.0,0.0061683499999999
QLC/BTC,1566614586295,2019-08-24T02:43:06.295Z,sell,1.49e-06,1444.0,0.00215156
QLC/BTC,1566614628912,2019-08-24T02:43:48.912Z,sell,1.49e-06,12354.0,0.01840746
QLC/BTC,1566614766580,2019-08-24T02:46:06.580Z,sell,1.49e-06,285.0,0.00042465
QLC/BTC,1566614775044,2019-08-24T02:46:15.044Z,buy,1.5e-06,17522.0,0.026283
QLC/BTC,1566614829886,2019-08-24T02:47:09.886Z,buy,1.51e-06,1468.0,0.00221668
QLC/BTC,1566614872216,2019-08-24T02:47:52.216Z,sell,1.5e-06,84.0,0.000126
QLC/BTC,1566614872218,2019-08-24T02:47:52.218Z,buy,1.51e-06,24.0,3.624e-05
QLC/BTC,1566615742566,2019-08-24T03:02:22.566Z,buy,1.51e-06,1350.0,0.0020385
QLC/BTC,1566615766285,2019-08-24T03:02:46.285Z,sell,1.5e-06,7086.0,0.010629
QLC/BTC,1566615781093,2019-08-24T03:03:01.093Z,sell,1.5e-06,1689.0,0.0025335
QLC/BTC,1566615784090,2019-08-24T03:03:04.090Z,sell,1.5e-06,1644.0,0.002466
QLC/BTC,1566615868559,2019-08-24T03:04:28.559Z,buy,1.51e-06,113.0,0.0001706299999999
QLC/BTC,1566616233042,2019-08-24T03:10:33.042Z,buy,1.51e-06,1033.0,0.00155983
QLC/BTC,1566616233042,2019-08-24T03:10:33.042Z,buy,1.51e-06,1033.0,0.00155983
QLC/BTC,1566616670241,2019-08-24T03:17:50.241Z,buy,1.51e-06,116.0,0.00017516
QLC/BTC,1566616700840,2019-08-24T03:18:20.840Z,buy,1.51e-06,71.0,0.00010721
QLC/BTC,1566616939312,2019-08-24T03:22:19.312Z,sell,1.5e-06,158.0,0.000237
QLC/BTC,1566617288540,2019-08-24T03:28:08.540Z,sell,1.5e-06,5628.0,0.008442
QLC/BTC,1566617288572,2019-08-24T03:28:08.572Z,buy,1.5e-06,6463.0,0.0096945
QLC/BTC,1566617311239,2019-08-24T03:28:31.239Z,sell,1.49e-06,1000.0,0.00149
QLC/BTC,1566617695953,2019-08-24T03:34:55.953Z,buy,1.5e-06,548.0,0.000822
QLC/BTC,1566617696712,2019-08-24T03:34:56.712Z,buy,1.5e-06,452.0,0.000678
QLC/BTC,1566617696712,2019-08-24T03:34:56.712Z,buy,1.51e-06,90.0,0.0001359
QLC/BTC,1566617706183,2019-08-24T03:35:06.183Z,buy,1.51e-06,332.0,0.00050132
QLC/BTC,1566619155502,2019-08-24T03:59:15.502Z,buy,1.51e-06,93222.0,0.14076522
QLC/BTC,1566619331988,2019-08-24T04:02:11.988Z,buy,1.51e-06,19121.0,0.02887271
QLC/BTC,1566619331988,2019-08-24T04:02:11.988Z,buy,1.51e-06,19121.0,0.02887271
QLC/BTC,1566620259598,2019-08-24T04:17:39.598Z,sell,1.51e-06,397.0,0.00059947
QLC/BTC,1566620259598,2019-08-24T04:17:39.598Z,sell,1.5e-06,2876.0,0.004314
QLC/BTC,1566620264456,2019-08-24T04:17:44.456Z,sell,1.5e-06,139.0,0.0002085
QLC/BTC,1566620787460,2019-08-24T04:26:27.460Z,buy,1.51e-06,699.0,0.0010554899999999
QLC/BTC,1566620980307,2019-08-24T04:29:40.307Z,buy,1.52e-06,734.0,0.00111568
QLC/BTC,1566620980307,2019-08-24T04:29:40.307Z,buy,1.52e-06,734.0,0.00111568
QLC/BTC,1566623093498,2019-08-24T05:04:53.498Z,sell,1.51e-06,649.0,0.00097999
QLC/BTC,1566623093585,2019-08-24T05:04:53.585Z,sell,1.51e-06,308.0,0.00046508
QLC/BTC,1566623128865,2019-08-24T05:05:28.865Z,sell,1.51e-06,8644.0,0.01305244
QLC/BTC,1566623146685,2019-08-24T05:05:46.685Z,sell,1.51e-06,10513.0,0.01587463
QLC/BTC,1566623867225,2019-08-24T05:17:47.225Z,buy,1.51e-06,107.0,0.0001615699999999
QLC/BTC,1566623968828,2019-08-24T05:19:28.828Z,buy,1.51e-06,77.0,0.00011627
QLC/BTC,1566624120551,2019-08-24T05:22:00.551Z,buy,1.51e-06,662.0,0.00099962
QLC/BTC,1566624120590,2019-08-24T05:22:00.590Z,buy,1.51e-06,199.0,0.00030049
QLC/BTC,1566624120590,2019-08-24T05:22:00.590Z,buy,1.51e-06,199.0,0.00030049
QLC/BTC,1566624655064,2019-08-24T05:30:55.064Z,buy,1.51e-06,244.0,0.00036844
QLC/BTC,1566624655197,2019-08-24T05:30:55.197Z,buy,1.51e-06,243.0,0.00036693
QLC/BTC,1566624655327,2019-08-24T05:30:55.327Z,buy,1.51e-06,5000.0,0.0075499999999999
QLC/BTC,1566624657331,2019-08-24T05:30:57.331Z,buy,1.51e-06,244.0,0.00036844
QLC/BTC,1566624904919,2019-08-24T05:35:04.919Z,sell,1.5e-06,59814.0,0.089721
QLC/BTC,1566624904943,2019-08-24T05:35:04.943Z,buy,1.5e-06,8538.0,0.012807
QLC/BTC,1566624904971,2019-08-24T05:35:04.971Z,buy,1.51e-06,8538.0,0.01289238
QLC/BTC,1566625229598,2019-08-24T05:40:29.598Z,sell,1.5e-06,10000.0,0.015
QLC/BTC,1566625229598,2019-08-24T05:40:29.598Z,sell,1.49e-06,21143.0,0.03150307
QLC/BTC,1566625326403,2019-08-24T05:42:06.403Z,sell,1.5e-06,86.0,0.000129
QLC/BTC,1566625681176,2019-08-24T05:48:01.176Z,sell,1.5e-06,334.0,0.000501
QLC/BTC,1566625734119,2019-08-24T05:48:54.119Z,buy,1.51e-06,7262.0,0.0109656199999999
QLC/BTC,1566625790967,2019-08-24T05:49:50.967Z,buy,1.52e-06,33195.0,0.0504564
QLC/BTC,1566625791004,2019-08-24T05:49:51.004Z,sell,1.52e-06,1330.0,0.0020216
QLC/BTC,1566625791113,2019-08-24T05:49:51.113Z,sell,1.52e-06,454.0,0.00069008
QLC/BTC,1566625802921,2019-08-24T05:50:02.921Z,buy,1.53e-06,137.0,0.00020961
QLC/BTC,1566626054531,2019-08-24T05:54:14.531Z,sell,1.52e-06,26352.0,0.04005504
QLC/BTC,1566626439795,2019-08-24T06:00:39.795Z,buy,1.52e-06,7577.0,0.01151704
QLC/BTC,1566626439909,2019-08-24T06:00:39.909Z,buy,1.52e-06,198.0,0.00030096
QLC/BTC,1566626440061,2019-08-24T06:00:40.061Z,buy,1.52e-06,198.0,0.00030096
QLC/BTC,1566626440073,2019-08-24T06:00:40.073Z,buy,1.52e-06,198.0,0.00030096
QLC/BTC,1566626440310,2019-08-24T06:00:40.310Z,buy,1.52e-06,18799.0,0.02857448
QLC/BTC,1566627283798,2019-08-24T06:14:43.798Z,buy,1.53e-06,11264.0,0.01723392
QLC/BTC,1566627287653,2019-08-24T06:14:47.653Z,buy,1.53e-06,13072.0,0.02000016
QLC/BTC,1566627470539,2019-08-24T06:17:50.539Z,sell,1.52e-06,143.0,0.00021736
QLC/BTC,1566627470539,2019-08-24T06:17:50.539Z,sell,1.52e-06,143.0,0.00021736
QLC/BTC,1566627759754,2019-08-24T06:22:39.754Z,buy,1.53e-06,197.0,0.00030141
QLC/BTC,1566627759859,2019-08-24T06:22:39.859Z,buy,1.53e-06,197.0,0.00030141
QLC/BTC,1566627805202,2019-08-24T06:23:25.202Z,buy,1.53e-06,11264.0,0.01723392
QLC/BTC,1566627905897,2019-08-24T06:25:05.897Z,buy,1.53e-06,46803.0,0.07160859
QLC/BTC,1566628269421,2019-08-24T06:31:09.421Z,buy,1.53e-06,29131.0,0.04457043
QLC/BTC,1566628314310,2019-08-24T06:31:54.310Z,sell,1.53e-06,789.0,0.00120717
QLC/BTC,1566628356102,2019-08-24T06:32:36.102Z,buy,1.54e-06,53983.0,0.08313382
QLC/BTC,1566628356120,2019-08-24T06:32:36.120Z,sell,1.54e-06,1366.0,0.00210364
QLC/BTC,1566628357544,2019-08-24T06:32:37.544Z,sell,1.54e-06,776.0,0.00119504
QLC/BTC,1566628359046,2019-08-24T06:32:39.046Z,sell,1.54e-06,300.0,0.000462
QLC/BTC,1566628425531,2019-08-24T06:33:45.531Z,sell,1.54e-06,86.0,0.00013244
QLC/BTC,1566628458430,2019-08-24T06:34:18.430Z,sell,1.54e-06,217.0,0.00033418
QLC/BTC,1566628496092,2019-08-24T06:34:56.092Z,sell,1.54e-06,770.0,0.0011858
QLC/BTC,1566628537565,2019-08-24T06:35:37.565Z,buy,1.55e-06,151810.0,0.2353055
QLC/BTC,1566628541292,2019-08-24T06:35:41.292Z,buy,1.56e-06,12821.0,0.02000076
QLC/BTC,1566628543272,2019-08-24T06:35:43.272Z,sell,1.55e-06,137.0,0.0002123499999999
QLC/BTC,1566628543300,2019-08-24T06:35:43.300Z,sell,1.55e-06,337.0,0.00052235
QLC/BTC,1566628545734,2019-08-24T06:35:45.734Z,sell,1.55e-06,205.0,0.00031775
QLC/BTC,1566628546494,2019-08-24T06:35:46.494Z,sell,1.55e-06,923.0,0.0014306499999999
QLC/BTC,1566628548802,2019-08-24T06:35:48.802Z,sell,1.55e-06,164.0,0.0002542
QLC/BTC,1566628558601,2019-08-24T06:35:58.601Z,sell,1.55e-06,337.0,0.00052235
QLC/BTC,1566628570537,2019-08-24T06:36:10.537Z,sell,1.55e-06,2202.0,0.0034131
QLC/BTC,1566628580687,2019-08-24T06:36:20.687Z,sell,1.55e-06,979.0,0.00151745
QLC/BTC,1566628676516,2019-08-24T06:37:56.516Z,buy,1.56e-06,2746.0,0.00428376
QLC/BTC,1566628733123,2019-08-24T06:38:53.123Z,sell,1.55e-06,170.0,0.0002635
QLC/BTC,1566628792321,2019-08-24T06:39:52.321Z,sell,1.55e-06,711.0,0.00110205
QLC/BTC,1566628824341,2019-08-24T06:40:24.341Z,buy,1.56e-06,5129.0,0.00800124
QLC/BTC,1566628843107,2019-08-24T06:40:43.107Z,sell,1.55e-06,2625.0,0.00406875
QLC/BTC,1566629053849,2019-08-24T06:44:13.849Z,buy,1.56e-06,146485.0,0.2285166
QLC/BTC,1566629054117,2019-08-24T06:44:14.117Z,sell,1.56e-06,450.0,0.000702
QLC/BTC,1566629117799,2019-08-24T06:45:17.799Z,sell,1.56e-06,56425.0,0.088023
QLC/BTC,1566629340742,2019-08-24T06:49:00.742Z,buy,1.57e-06,42108.0,0.06610956
QLC/BTC,1566629345675,2019-08-24T06:49:05.675Z,buy,1.58e-06,12659.0,0.02000122
QLC/BTC,1566629621231,2019-08-24T06:53:41.231Z,buy,1.58e-06,17358.0,0.0274256399999999
QLC/BTC,1566629647757,2019-08-24T06:54:07.757Z,sell,1.57e-06,682.0,0.00107074
QLC/BTC,1566629647757,2019-08-24T06:54:07.757Z,sell,1.56e-06,106913.0,0.16678428
QLC/BTC,1566629649466,2019-08-24T06:54:09.466Z,sell,1.56e-06,789.0,0.00123084
QLC/BTC,1566629650449,2019-08-24T06:54:10.449Z,sell,1.56e-06,3930.0,0.0061308
QLC/BTC,1566629663305,2019-08-24T06:54:23.305Z,sell,1.56e-06,17606.0,0.02746536
QLC/BTC,1566629729067,2019-08-24T06:55:29.067Z,sell,1.56e-06,714.0,0.00111384
QLC/BTC,1566629761268,2019-08-24T06:56:01.268Z,sell,1.56e-06,2585.0,0.0040326
QLC/BTC,1566629761434,2019-08-24T06:56:01.434Z,sell,1.56e-06,197.0,0.00030732
QLC/BTC,1566630060857,2019-08-24T07:01:00.857Z,buy,1.57e-06,637.0,0.00100009
QLC/BTC,1566630068167,2019-08-24T07:01:08.167Z,buy,1.57e-06,637.0,0.00100009
QLC/BTC,1566630189370,2019-08-24T07:03:09.370Z,sell,1.56e-06,43803.0,0.06833268
QLC/BTC,1566630222679,2019-08-24T07:03:42.679Z,sell,1.55e-06,28386.0,0.0439983
QLC/BTC,1566630327738,2019-08-24T07:05:27.738Z,sell,1.55e-06,9101.0,0.01410655
QLC/BTC,1566630895001,2019-08-24T07:14:55.001Z,sell,1.55e-06,5686.0,0.0088133
QLC/BTC,1566630896155,2019-08-24T07:14:56.155Z,buy,1.55e-06,936.0,0.0014508
QLC/BTC,1566630899166,2019-08-24T07:14:59.166Z,buy,1.55e-06,2892.0,0.0044826
QLC/BTC,1566630926755,2019-08-24T07:15:26.755Z,sell,1.54e-06,96.0,0.00014784
QLC/BTC,1566631064474,2019-08-24T07:17:44.474Z,sell,1.55e-06,240.0,0.000372
QLC/BTC,1566631064474,2019-08-24T07:17:44.474Z,sell,1.55e-06,240.0,0.000372
QLC/BTC,1566631752542,2019-08-24T07:29:12.542Z,buy,1.56e-06,300.0,0.000468
QLC/BTC,1566631752709,2019-08-24T07:29:12.709Z,buy,1.56e-06,193.0,0.00030108
QLC/BTC,1566631803210,2019-08-24T07:30:03.210Z,buy,1.56e-06,12820.0,0.0199992
QLC/BTC,1566631807801,2019-08-24T07:30:07.801Z,buy,1.56e-06,5795.0,0.0090402
QLC/BTC,1566631807824,2019-08-24T07:30:07.824Z,sell,1.56e-06,616.0,0.00096096
QLC/BTC,1566631826406,2019-08-24T07:30:26.406Z,buy,1.57e-06,32254.0,0.05063878
QLC/BTC,1566632114583,2019-08-24T07:35:14.583Z,buy,1.57e-06,26486.0,0.04158302
QLC/BTC,1566632114687,2019-08-24T07:35:14.687Z,buy,1.57e-06,1.0,1.57e-06
QLC/BTC,1566632230971,2019-08-24T07:37:10.971Z,sell,1.57e-06,136.0,0.00021352
QLC/BTC,1566632329796,2019-08-24T07:38:49.796Z,buy,1.58e-06,18311.0,0.02893138
QLC/BTC,1566632359751,2019-08-24T07:39:19.751Z,buy,1.58e-06,705.0,0.0011139
QLC/BTC,1566632359845,2019-08-24T07:39:19.845Z,buy,1.58e-06,234.0,0.00036972
QLC/BTC,1566632359876,2019-08-24T07:39:19.876Z,buy,1.58e-06,705.0,0.0011139
QLC/BTC,1566632359915,2019-08-24T07:39:19.915Z,buy,1.58e-06,705.0,0.0011139
QLC/BTC,1566632466396,2019-08-24T07:41:06.396Z,buy,1.58e-06,719.0,0.00113602
QLC/BTC,1566632466867,2019-08-24T07:41:06.867Z,buy,1.58e-06,880.0,0.0013904
QLC/BTC,1566632689563,2019-08-24T07:44:49.563Z,sell,1.57e-06,3911.0,0.00614027
QLC/BTC,1566632795762,2019-08-24T07:46:35.762Z,buy,1.57e-06,384.0,0.00060288
QLC/BTC,1566632802640,2019-08-24T07:46:42.640Z,sell,1.57e-06,20967.0,0.03291819
QLC/BTC,1566632861934,2019-08-24T07:47:41.934Z,buy,1.57e-06,384.0,0.00060288
QLC/BTC,1566633357959,2019-08-24T07:55:57.959Z,buy,1.57e-06,955.0,0.00149935
QLC/BTC,1566633408159,2019-08-24T07:56:48.159Z,buy,1.57e-06,193.0,0.00030301
QLC/BTC,1566633610448,2019-08-24T08:00:10.448Z,sell,1.57e-06,2318.0,0.00363926
QLC/BTC,1566633869329,2019-08-24T08:04:29.329Z,sell,1.57e-06,1180.0,0.0018526
QLC/BTC,1566633869368,2019-08-24T08:04:29.368Z,sell,1.57e-06,62.0,9.734e-05
QLC/BTC,1566633869460,2019-08-24T08:04:29.460Z,buy,1.57e-06,291.0,0.00045687
QLC/BTC,1566634160709,2019-08-24T08:09:20.709Z,sell,1.57e-06,641.0,0.00100637
QLC/BTC,1566634235724,2019-08-24T08:10:35.724Z,sell,1.57e-06,21641.0,0.03397637
QLC/BTC,1566634241014,2019-08-24T08:10:41.014Z,sell,1.57e-06,3000.0,0.00471
QLC/BTC,1566634331255,2019-08-24T08:12:11.255Z,sell,1.57e-06,3176.0,0.00498632
QLC/BTC,1566634331255,2019-08-24T08:12:11.255Z,sell,1.56e-06,12655.0,0.0197418
QLC/BTC,1566634421462,2019-08-24T08:13:41.462Z,buy,1.58e-06,21109.0,0.0333522199999999
QLC/BTC,1566634424126,2019-08-24T08:13:44.126Z,buy,1.59e-06,12579.0,0.02000061
QLC/BTC,1566634424185,2019-08-24T08:13:44.185Z,buy,1.59e-06,189.0,0.00030051
QLC/BTC,1566634424186,2019-08-24T08:13:44.186Z,buy,1.59e-06,189.0,0.00030051
QLC/BTC,1566634424192,2019-08-24T08:13:44.192Z,buy,1.59e-06,189.0,0.00030051
QLC/BTC,1566634424196,2019-08-24T08:13:44.196Z,buy,1.59e-06,189.0,0.00030051
QLC/BTC,1566634445917,2019-08-24T08:14:05.917Z,sell,1.58e-06,300.0,0.000474
QLC/BTC,1566634451338,2019-08-24T08:14:11.338Z,buy,1.59e-06,651.0,0.00103509
QLC/BTC,1566634480112,2019-08-24T08:14:40.112Z,buy,1.59e-06,1937.0,0.00307983
QLC/BTC,1566634521152,2019-08-24T08:15:21.152Z,sell,1.58e-06,3809.0,0.0060182199999999
QLC/BTC,1566634540971,2019-08-24T08:15:40.971Z,sell,1.58e-06,345.0,0.0005451
QLC/BTC,1566634540971,2019-08-24T08:15:40.971Z,sell,1.58e-06,345.0,0.0005451
QLC/BTC,1566634667869,2019-08-24T08:17:47.869Z,sell,1.58e-06,187.0,0.00029546
QLC/BTC,1566634697624,2019-08-24T08:18:17.624Z,buy,1.59e-06,791.0,0.00125769
QLC/BTC,1566634706560,2019-08-24T08:18:26.560Z,sell,1.58e-06,80.0,0.0001263999999999
QLC/BTC,1566634756444,2019-08-24T08:19:16.444Z,sell,1.58e-06,96.0,0.0001516799999999
QLC/BTC,1566634902427,2019-08-24T08:21:42.427Z,buy,1.59e-06,27619.0,0.04391421
QLC/BTC,1566634905090,2019-08-24T08:21:45.090Z,buy,1.6e-06,1875.0,0.003
QLC/BTC,1566634905156,2019-08-24T08:21:45.156Z,buy,1.6e-06,188.0,0.0003008
QLC/BTC,1566634905156,2019-08-24T08:21:45.156Z,buy,1.6e-06,188.0,0.0003008
QLC/BTC,1566634905158,2019-08-24T08:21:45.158Z,buy,1.6e-06,188.0,0.0003008
QLC/BTC,1566634905163,2019-08-24T08:21:45.163Z,buy,1.6e-06,188.0,0.0003008
QLC/BTC,1566634936055,2019-08-24T08:22:16.055Z,sell,1.59e-06,759.0,0.00120681
QLC/BTC,1566634944983,2019-08-24T08:22:24.983Z,buy,1.6e-06,53084.0,0.0849344
QLC/BTC,1566634951352,2019-08-24T08:22:31.352Z,buy,1.6e-06,23937.0,0.0382992
QLC/BTC,1566635067210,2019-08-24T08:24:27.210Z,buy,1.61e-06,418.0,0.00067298
QLC/BTC,1566635067251,2019-08-24T08:24:27.251Z,buy,1.61e-06,187.0,0.00030107
QLC/BTC,1566635079139,2019-08-24T08:24:39.139Z,buy,1.61e-06,33824.0,0.05445664
QLC/BTC,1566635082685,2019-08-24T08:24:42.685Z,buy,1.61e-06,12423.0,0.02000103
QLC/BTC,1566635088395,2019-08-24T08:24:48.395Z,buy,1.61e-06,687.0,0.00110607
QLC/BTC,1566635111383,2019-08-24T08:25:11.383Z,buy,1.61e-06,1429.0,0.00230069
QLC/BTC,1566635114703,2019-08-24T08:25:14.703Z,buy,1.61e-06,6459.0,0.01039899
QLC/BTC,1566635147711,2019-08-24T08:25:47.711Z,buy,1.61e-06,375.0,0.00060375
QLC/BTC,1566635156257,2019-08-24T08:25:56.257Z,buy,1.62e-06,106749.0,0.17293338
QLC/BTC,1566635239398,2019-08-24T08:27:19.398Z,sell,1.61e-06,10638.0,0.01712718
QLC/BTC,1566635247152,2019-08-24T08:27:27.152Z,sell,1.61e-06,2296.0,0.00369656
QLC/BTC,1566635247195,2019-08-24T08:27:27.195Z,sell,1.61e-06,262.0,0.00042182
QLC/BTC,1566635260584,2019-08-24T08:27:40.584Z,sell,1.61e-06,5809.0,0.00935249
QLC/BTC,1566635262932,2019-08-24T08:27:42.932Z,sell,1.6e-06,6404.0,0.0102464
QLC/BTC,1566635267458,2019-08-24T08:27:47.458Z,sell,1.6e-06,2720.0,0.004352
QLC/BTC,1566635267881,2019-08-24T08:27:47.881Z,sell,1.6e-06,61339.0,0.0981423999999999
QLC/BTC,1566635274821,2019-08-24T08:27:54.821Z,sell,1.6e-06,328.0,0.0005248
QLC/BTC,1566635287889,2019-08-24T08:28:07.889Z,sell,1.6e-06,10000.0,0.016
QLC/BTC,1566635320696,2019-08-24T08:28:40.696Z,buy,1.61e-06,100005.0,0.16100805
QLC/BTC,1566635320933,2019-08-24T08:28:40.933Z,sell,1.6e-06,34967.0,0.0559471999999999
QLC/BTC,1566635331421,2019-08-24T08:28:51.421Z,sell,1.6e-06,10955.0,0.017528
QLC/BTC,1566635341045,2019-08-24T08:29:01.045Z,sell,1.6e-06,34968.0,0.0559488
QLC/BTC,1566635343431,2019-08-24T08:29:03.431Z,sell,1.6e-06,20176.0,0.0322816
QLC/BTC,1566635372635,2019-08-24T08:29:32.635Z,buy,1.6e-06,312.0,0.0004992
QLC/BTC,1566635372688,2019-08-24T08:29:32.688Z,buy,1.6e-06,188.0,0.0003008
QLC/BTC,1566635382843,2019-08-24T08:29:42.843Z,buy,1.6e-06,9318.0,0.0149088
QLC/BTC,1566635459634,2019-08-24T08:30:59.634Z,sell,1.6e-06,651.0,0.0010416
QLC/BTC,1566635460148,2019-08-24T08:31:00.148Z,sell,1.6e-06,636.0,0.0010176
QLC/BTC,1566635524876,2019-08-24T08:32:04.876Z,sell,1.6e-06,20170.0,0.0322719999999999
QLC/BTC,1566635567560,2019-08-24T08:32:47.560Z,buy,1.6e-06,2742.0,0.0043872
QLC/BTC,1566635575480,2019-08-24T08:32:55.480Z,buy,1.6e-06,625.0,0.001
QLC/BTC,1566635615767,2019-08-24T08:33:35.767Z,buy,1.6e-06,2172.0,0.0034752
QLC/BTC,1566635615807,2019-08-24T08:33:35.807Z,buy,1.6e-06,188.0,0.0003008
QLC/BTC,1566635783904,2019-08-24T08:36:23.904Z,sell,1.59e-06,2452.0,0.00389868
QLC/BTC,1566635787056,2019-08-24T08:36:27.056Z,buy,1.6e-06,487.0,0.0007792
QLC/BTC,1566635787056,2019-08-24T08:36:27.056Z,buy,1.61e-06,2742.0,0.00441462
QLC/BTC,1566635805152,2019-08-24T08:36:45.152Z,sell,1.6e-06,300.0,0.0004799999999999
QLC/BTC,1566635805331,2019-08-24T08:36:45.331Z,sell,1.6e-06,75.0,0.0001199999999999
QLC/BTC,1566635961237,2019-08-24T08:39:21.237Z,sell,1.59e-06,6200.0,0.009858
QLC/BTC,1566636089044,2019-08-24T08:41:29.044Z,sell,1.59e-06,32861.0,0.05224899
QLC/BTC,1566636170099,2019-08-24T08:42:50.099Z,buy,1.6e-06,405.0,0.0006479999999999
QLC/BTC,1566636171350,2019-08-24T08:42:51.350Z,buy,1.6e-06,1565.0,0.0025039999999999
QLC/BTC,1566636177426,2019-08-24T08:42:57.426Z,buy,1.6e-06,3690.0,0.0059039999999999
QLC/BTC,1566636487929,2019-08-24T08:48:07.929Z,buy,1.6e-06,69.0,0.0001104
QLC/BTC,1566636494371,2019-08-24T08:48:14.371Z,buy,1.6e-06,5338.0,0.0085408
QLC/BTC,1566636915873,2019-08-24T08:55:15.873Z,sell,1.6e-06,3647.0,0.0058352
QLC/BTC,1566637178403,2019-08-24T08:59:38.403Z,buy,1.61e-06,46738.0,0.07524818
QLC/BTC,1566637182653,2019-08-24T08:59:42.653Z,buy,1.62e-06,12346.0,0.02000052
QLC/BTC,1566637208359,2019-08-24T09:00:08.359Z,sell,1.61e-06,323.0,0.00052003
QLC/BTC,1566637208539,2019-08-24T09:00:08.539Z,sell,1.61e-06,49.0,7.889e-05
QLC/BTC,1566637210773,2019-08-24T09:00:10.773Z,buy,1.62e-06,13259.0,0.0214795799999999
QLC/BTC,1566637374355,2019-08-24T09:02:54.355Z,sell,1.61e-06,20000.0,0.0322
QLC/BTC,1566637458791,2019-08-24T09:04:18.791Z,sell,1.61e-06,167.0,0.00026887
QLC/BTC,1566637472366,2019-08-24T09:04:32.366Z,sell,1.61e-06,243.0,0.00039123
QLC/BTC,1566637664558,2019-08-24T09:07:44.558Z,buy,1.62e-06,6290.0,0.0101897999999999
QLC/BTC,1566637688896,2019-08-24T09:08:08.896Z,sell,1.61e-06,68.0,0.00010948
QLC/BTC,1566637816954,2019-08-24T09:10:16.954Z,sell,1.61e-06,5760.0,0.0092736
QLC/BTC,1566638109892,2019-08-24T09:15:09.892Z,buy,1.62e-06,9277.0,0.0150287399999999
QLC/BTC,1566638125731,2019-08-24T09:15:25.731Z,sell,1.61e-06,109.0,0.00017549
QLC/BTC,1566638125731,2019-08-24T09:15:25.731Z,sell,1.61e-06,109.0,0.00017549
QLC/BTC,1566638191043,2019-08-24T09:16:31.043Z,sell,1.61e-06,15613.0,0.02513693
QLC/BTC,1566638267856,2019-08-24T09:17:47.856Z,sell,1.6e-06,135.0,0.000216
QLC/BTC,1566638390781,2019-08-24T09:19:50.781Z,sell,1.6e-06,12400.0,0.01984
QLC/BTC,1566638503916,2019-08-24T09:21:43.916Z,sell,1.61e-06,25000.0,0.04025
QLC/BTC,1566638555695,2019-08-24T09:22:35.695Z,sell,1.61e-06,9852.0,0.01586172
QLC/BTC,1566638570875,2019-08-24T09:22:50.875Z,sell,1.61e-06,3351.0,0.00539511
QLC/BTC,1566638598536,2019-08-24T09:23:18.536Z,buy,1.62e-06,500.0,0.00081
QLC/BTC,1566638705126,2019-08-24T09:25:05.126Z,buy,1.62e-06,234.0,0.00037908
QLC/BTC,1566639277254,2019-08-24T09:34:37.254Z,sell,1.61e-06,4542.0,0.00731262
QLC/BTC,1566639278295,2019-08-24T09:34:38.295Z,buy,1.61e-06,651.0,0.00104811
QLC/BTC,1566639278435,2019-08-24T09:34:38.435Z,sell,1.6e-06,187.0,0.0002992
QLC/BTC,1566639278668,2019-08-24T09:34:38.668Z,sell,1.6e-06,187.0,0.0002992
QLC/BTC,1566639309852,2019-08-24T09:35:09.852Z,buy,1.61e-06,179.0,0.00028819
QLC/BTC,1566639503438,2019-08-24T09:38:23.438Z,buy,1.61e-06,1058.0,0.00170338
QLC/BTC,1566639676136,2019-08-24T09:41:16.136Z,buy,1.61e-06,5000.0,0.00805
QLC/BTC,1566639873983,2019-08-24T09:44:33.983Z,buy,1.61e-06,11850.0,0.0190785
QLC/BTC,1566640496193,2019-08-24T09:54:56.193Z,buy,1.61e-06,4893.0,0.00787773
QLC/BTC,1566640562808,2019-08-24T09:56:02.808Z,buy,1.61e-06,550.0,0.0008855
QLC/BTC,1566640562863,2019-08-24T09:56:02.863Z,buy,1.61e-06,3016.0,0.00485576
QLC/BTC,1566640562917,2019-08-24T09:56:02.917Z,buy,1.61e-06,964.0,0.00155204
QLC/BTC,1566640563230,2019-08-24T09:56:03.230Z,buy,1.61e-06,964.0,0.00155204
QLC/BTC,1566640563333,2019-08-24T09:56:03.333Z,buy,1.61e-06,282.0,0.00045402
QLC/BTC,1566640743488,2019-08-24T09:59:03.488Z,sell,1.6e-06,1929.0,0.0030864
QLC/BTC,1566640743535,2019-08-24T09:59:03.535Z,sell,1.6e-06,187.0,0.0002992
QLC/BTC,1566640871963,2019-08-24T10:01:11.963Z,buy,1.61e-06,300.0,0.000483
QLC/BTC,1566641096434,2019-08-24T10:04:56.434Z,sell,1.6e-06,37748.0,0.0603968
QLC/BTC,1566641226873,2019-08-24T10:07:06.873Z,sell,1.6e-06,69.0,0.0001104
QLC/BTC,1566641247425,2019-08-24T10:07:27.425Z,buy,1.61e-06,4152.0,0.00668472
QLC/BTC,1566641247800,2019-08-24T10:07:27.800Z,buy,1.61e-06,4148.0,0.00667828
QLC/BTC,1566641248552,2019-08-24T10:07:28.552Z,buy,1.61e-06,4144.0,0.00667184
QLC/BTC,1566641326731,2019-08-24T10:08:46.731Z,buy,1.61e-06,312.0,0.00050232
QLC/BTC,1566641326891,2019-08-24T10:08:46.891Z,buy,1.61e-06,316.0,0.00050876
QLC/BTC,1566641327626,2019-08-24T10:08:47.626Z,buy,1.61e-06,318.0,0.00051198
QLC/BTC,1566641639109,2019-08-24T10:13:59.109Z,sell,1.6e-06,63.0,0.0001008
QLC/BTC,1566641639109,2019-08-24T10:13:59.109Z,sell,1.59e-06,124146.0,0.19739214
QLC/BTC,1566641639137,2019-08-24T10:13:59.137Z,buy,1.59e-06,1387.0,0.00220533
QLC/BTC,1566641639139,2019-08-24T10:13:59.139Z,buy,1.59e-06,1387.0,0.00220533
QLC/BTC,1566641639144,2019-08-24T10:13:59.144Z,buy,1.59e-06,314.0,0.00049926
QLC/BTC,1566641639151,2019-08-24T10:13:59.151Z,buy,1.59e-06,13220.0,0.0210198
QLC/BTC,1566641679430,2019-08-24T10:14:39.430Z,sell,1.59e-06,2231.0,0.00354729
QLC/BTC,1566641714449,2019-08-24T10:15:14.449Z,sell,1.59e-06,10904.0,0.01733736
QLC/BTC,1566641714449,2019-08-24T10:15:14.449Z,sell,1.59e-06,10904.0,0.01733736
QLC/BTC,1566641752873,2019-08-24T10:15:52.873Z,buy,1.6e-06,330.0,0.0005279999999999
QLC/BTC,1566641753882,2019-08-24T10:15:53.882Z,buy,1.6e-06,330.0,0.0005279999999999
QLC/BTC,1566641754005,2019-08-24T10:15:54.005Z,buy,1.6e-06,331.0,0.0005296
QLC/BTC,1566641810413,2019-08-24T10:16:50.413Z,buy,1.6e-06,1500.0,0.0024
QLC/BTC,1566641874463,2019-08-24T10:17:54.463Z,buy,1.6e-06,100.0,0.0001599999999999
QLC/BTC,1566642057064,2019-08-24T10:20:57.064Z,sell,1.59e-06,1387.0,0.00220533
QLC/BTC,1566642079990,2019-08-24T10:21:19.990Z,buy,1.6e-06,12469.0,0.0199504
QLC/BTC,1566642165106,2019-08-24T10:22:45.106Z,sell,1.59e-06,5333.0,0.00847947
QLC/BTC,1566642266409,2019-08-24T10:24:26.409Z,buy,1.6e-06,1900.0,0.0030399999999999
QLC/BTC,1566642281557,2019-08-24T10:24:41.557Z,sell,1.6e-06,15717.0,0.0251471999999999
QLC/BTC,1566642398109,2019-08-24T10:26:38.109Z,sell,1.6e-06,164.0,0.0002624
QLC/BTC,1566642570303,2019-08-24T10:29:30.303Z,sell,1.6e-06,73213.0,0.1171407999999999
QLC/BTC,1566642654792,2019-08-24T10:30:54.792Z,sell,1.6e-06,18142.0,0.0290272
QLC/BTC,1566642666792,2019-08-24T10:31:06.792Z,sell,1.6e-06,8481.0,0.0135696
QLC/BTC,1566642843180,2019-08-24T10:34:03.180Z,sell,1.6e-06,1062.0,0.0016991999999999
QLC/BTC,1566642843180,2019-08-24T10:34:03.180Z,sell,1.59e-06,3371.0,0.00535989
QLC/BTC,1566642843180,2019-08-24T10:34:03.180Z,sell,1.58e-06,18850.0,0.0297829999999999
QLC/BTC,1566642937660,2019-08-24T10:35:37.660Z,buy,1.59e-06,203.0,0.00032277
QLC/BTC,1566642942807,2019-08-24T10:35:42.807Z,buy,1.6e-06,2274.0,0.0036384
QLC/BTC,1566642944095,2019-08-24T10:35:44.095Z,buy,1.61e-06,4665.0,0.00751065
QLC/BTC,1566643102325,2019-08-24T10:38:22.325Z,buy,1.61e-06,189104.0,0.30445744
QLC/BTC,1566643102364,2019-08-24T10:38:22.364Z,sell,1.61e-06,25000.0,0.04025
QLC/BTC,1566643103350,2019-08-24T10:38:23.350Z,buy,1.62e-06,3878.0,0.00628236
QLC/BTC,1566643103388,2019-08-24T10:38:23.388Z,buy,1.62e-06,186.0,0.00030132
QLC/BTC,1566643103388,2019-08-24T10:38:23.388Z,buy,1.62e-06,186.0,0.00030132
QLC/BTC,1566643159965,2019-08-24T10:39:19.965Z,buy,1.62e-06,11334.0,0.01836108
QLC/BTC,1566643162412,2019-08-24T10:39:22.412Z,buy,1.62e-06,2848.0,0.00461376
QLC/BTC,1566643185870,2019-08-24T10:39:45.870Z,sell,1.61e-06,38269.0,0.06161309
QLC/BTC,1566643266558,2019-08-24T10:41:06.558Z,buy,1.62e-06,10702.0,0.01733724
QLC/BTC,1566643303566,2019-08-24T10:41:43.566Z,buy,1.62e-06,7077.0,0.01146474
QLC/BTC,1566643338150,2019-08-24T10:42:18.150Z,buy,1.62e-06,9136.0,0.0148003199999999
QLC/BTC,1566643338154,2019-08-24T10:42:18.154Z,buy,1.62e-06,12466.0,0.0201949199999999
QLC/BTC,1566643338184,2019-08-24T10:42:18.184Z,buy,1.62e-06,3090.0,0.0050057999999999
QLC/BTC,1566643338184,2019-08-24T10:42:18.184Z,buy,1.62e-06,5914.0,0.00958068
QLC/BTC,1566643338189,2019-08-24T10:42:18.189Z,buy,1.62e-06,4325.0,0.0070065
QLC/BTC,1566643338966,2019-08-24T10:42:18.966Z,sell,1.62e-06,372.0,0.00060264
QLC/BTC,1566643340825,2019-08-24T10:42:20.825Z,buy,1.63e-06,12270.0,0.0200001
QLC/BTC,1566643340825,2019-08-24T10:42:20.825Z,buy,1.63e-06,5000.0,0.00815
QLC/BTC,1566643342848,2019-08-24T10:42:22.848Z,sell,1.62e-06,4325.0,0.0070065
QLC/BTC,1566643437892,2019-08-24T10:43:57.892Z,buy,1.63e-06,36807.0,0.05999541
QLC/BTC,1566643438174,2019-08-24T10:43:58.174Z,sell,1.63e-06,65.0,0.00010595
QLC/BTC,1566643438865,2019-08-24T10:43:58.865Z,sell,1.63e-06,6326.0,0.01031138
QLC/BTC,1566643439063,2019-08-24T10:43:59.063Z,sell,1.63e-06,450.0,0.0007335
QLC/BTC,1566643439245,2019-08-24T10:43:59.245Z,sell,1.63e-06,257.0,0.00041891
QLC/BTC,1566643440023,2019-08-24T10:44:00.023Z,buy,1.64e-06,1830.0,0.0030012
QLC/BTC,1566643440363,2019-08-24T10:44:00.363Z,sell,1.63e-06,63.0,0.00010269
QLC/BTC,1566643440448,2019-08-24T10:44:00.448Z,sell,1.63e-06,8897.0,0.01450211
QLC/BTC,1566643440875,2019-08-24T10:44:00.875Z,sell,1.63e-06,2779.0,0.00452977
QLC/BTC,1566643440921,2019-08-24T10:44:00.921Z,sell,1.63e-06,7943.0,0.01294709
QLC/BTC,1566643445539,2019-08-24T10:44:05.539Z,sell,1.62e-06,624.0,0.00101088
QLC/BTC,1566643445572,2019-08-24T10:44:05.572Z,sell,1.62e-06,1500.0,0.00243
QLC/BTC,1566643451079,2019-08-24T10:44:11.079Z,buy,1.63e-06,18614.0,0.03034082
QLC/BTC,1566643452115,2019-08-24T10:44:12.115Z,sell,1.63e-06,450.0,0.0007335
QLC/BTC,1566643453740,2019-08-24T10:44:13.740Z,sell,1.63e-06,1199.0,0.00195437
QLC/BTC,1566643453857,2019-08-24T10:44:13.857Z,sell,1.63e-06,4891.0,0.00797233
QLC/BTC,1566643454918,2019-08-24T10:44:14.918Z,sell,1.63e-06,6526.0,0.01063738
QLC/BTC,1566643455037,2019-08-24T10:44:15.037Z,sell,1.63e-06,450.0,0.0007335
QLC/BTC,1566643455060,2019-08-24T10:44:15.060Z,sell,1.63e-06,15652.0,0.02551276
QLC/BTC,1566643459688,2019-08-24T10:44:19.688Z,buy,1.63e-06,370.0,0.0006031
QLC/BTC,1566643459688,2019-08-24T10:44:19.688Z,buy,1.64e-06,30304.0,0.0496985599999999
QLC/BTC,1566643463881,2019-08-24T10:44:23.881Z,sell,1.63e-06,5827.0,0.00949801
QLC/BTC,1566643464089,2019-08-24T10:44:24.089Z,sell,1.63e-06,450.0,0.0007335
QLC/BTC,1566643470555,2019-08-24T10:44:30.555Z,sell,1.63e-06,109820.0,0.1790066
QLC/BTC,1566643509921,2019-08-24T10:45:09.921Z,buy,1.64e-06,3800.0,0.006232
QLC/BTC,1566643510254,2019-08-24T10:45:10.254Z,buy,1.64e-06,3650.0,0.005986
QLC/BTC,1566643522240,2019-08-24T10:45:22.240Z,buy,1.64e-06,406.0,0.00066584
QLC/BTC,1566643549778,2019-08-24T10:45:49.778Z,buy,1.64e-06,8824.0,0.0144713599999999
QLC/BTC,1566643558975,2019-08-24T10:45:58.975Z,buy,1.64e-06,610.0,0.0010004
QLC/BTC,1566643572008,2019-08-24T10:46:12.008Z,buy,1.64e-06,22375.0,0.036695
QLC/BTC,1566643581414,2019-08-24T10:46:21.414Z,buy,1.64e-06,32516.0,0.05332624
QLC/BTC,1566643585535,2019-08-24T10:46:25.535Z,buy,1.64e-06,12196.0,0.02000144
QLC/BTC,1566643759451,2019-08-24T10:49:19.451Z,sell,1.63e-06,65.0,0.00010595
QLC/BTC,1566643764017,2019-08-24T10:49:24.017Z,sell,1.63e-06,1235.0,0.00201305
QLC/BTC,1566643785763,2019-08-24T10:49:45.763Z,sell,1.63e-06,37115.0,0.06049745
QLC/BTC,1566643805235,2019-08-24T10:50:05.235Z,sell,1.62e-06,6587.0,0.01067094
QLC/BTC,1566643834758,2019-08-24T10:50:34.758Z,buy,1.64e-06,21355.0,0.0350221999999999
QLC/BTC,1566643834758,2019-08-24T10:50:34.758Z,buy,1.65e-06,1199.0,0.00197835
QLC/BTC,1566643835037,2019-08-24T10:50:35.037Z,sell,1.64e-06,736.0,0.00120704
QLC/BTC,1566643840212,2019-08-24T10:50:40.212Z,buy,1.64e-06,1220.0,0.0020008
QLC/BTC,1566643921221,2019-08-24T10:52:01.221Z,sell,1.63e-06,647.0,0.00105461
QLC/BTC,1566643963375,2019-08-24T10:52:43.375Z,sell,1.63e-06,1062.0,0.00173106
QLC/BTC,1566643974133,2019-08-24T10:52:54.133Z,sell,1.63e-06,4125.0,0.00672375
QLC/BTC,1566643988150,2019-08-24T10:53:08.150Z,sell,1.62e-06,1960.0,0.0031752
QLC/BTC,1566644011129,2019-08-24T10:53:31.129Z,sell,1.62e-06,47350.0,0.076707
QLC/BTC,1566644011157,2019-08-24T10:53:31.157Z,buy,1.62e-06,943.0,0.00152766
QLC/BTC,1566644011189,2019-08-24T10:53:31.189Z,buy,1.62e-06,141.0,0.0002284199999999
QLC/BTC,1566644012044,2019-08-24T10:53:32.044Z,buy,1.62e-06,141.0,0.0002284199999999
QLC/BTC,1566644038183,2019-08-24T10:53:58.183Z,buy,1.62e-06,300.0,0.000486
QLC/BTC,1566644040185,2019-08-24T10:54:00.185Z,buy,1.62e-06,300.0,0.000486
QLC/BTC,1566644041328,2019-08-24T10:54:01.328Z,buy,1.62e-06,4726.0,0.00765612
QLC/BTC,1566644046175,2019-08-24T10:54:06.175Z,sell,1.61e-06,300.0,0.000483
QLC/BTC,1566644062835,2019-08-24T10:54:22.835Z,buy,1.62e-06,300.0,0.000486
QLC/BTC,1566644069215,2019-08-24T10:54:29.215Z,buy,1.62e-06,300.0,0.000486
QLC/BTC,1566644196676,2019-08-24T10:56:36.676Z,buy,1.62e-06,919.0,0.0014887799999999
QLC/BTC,1566644196723,2019-08-24T10:56:36.723Z,buy,1.62e-06,186.0,0.00030132
QLC/BTC,1566644252723,2019-08-24T10:57:32.723Z,buy,1.62e-06,2851.0,0.0046186199999999
QLC/BTC,1566644382432,2019-08-24T10:59:42.432Z,sell,1.61e-06,1088.0,0.00175168
QLC/BTC,1566644505690,2019-08-24T11:01:45.690Z,buy,1.62e-06,8101.0,0.0131236199999999
QLC/BTC,1566644522138,2019-08-24T11:02:02.138Z,buy,1.62e-06,488.0,0.0007905599999999
QLC/BTC,1566644527070,2019-08-24T11:02:07.070Z,buy,1.62e-06,926.0,0.00150012
QLC/BTC,1566644602204,2019-08-24T11:03:22.204Z,buy,1.62e-06,366.0,0.0005929199999999
QLC/BTC,1566644645525,2019-08-24T11:04:05.525Z,buy,1.62e-06,366.0,0.0005929199999999
QLC/BTC,1566644882162,2019-08-24T11:08:02.162Z,sell,1.61e-06,1180.0,0.0018998
QLC/BTC,1566644961102,2019-08-24T11:09:21.102Z,buy,1.63e-06,1238.0,0.00201794
QLC/BTC,1566644961102,2019-08-24T11:09:21.102Z,buy,1.63e-06,1238.0,0.00201794
QLC/BTC,1566645461602,2019-08-24T11:17:41.602Z,sell,1.62e-06,205.0,0.0003321
QLC/BTC,1566645482278,2019-08-24T11:18:02.278Z,sell,1.62e-06,72.0,0.00011664
QLC/BTC,1566645570839,2019-08-24T11:19:30.839Z,sell,1.62e-06,31381.0,0.0508372199999999
QLC/BTC,1566645570873,2019-08-24T11:19:30.873Z,buy,1.62e-06,8752.0,0.01417824
QLC/BTC,1566645750794,2019-08-24T11:22:30.794Z,buy,1.62e-06,10000.0,0.0162
QLC/BTC,1566645834178,2019-08-24T11:23:54.178Z,buy,1.63e-06,5322.0,0.00867486
QLC/BTC,1566645834224,2019-08-24T11:23:54.224Z,buy,1.63e-06,185.0,0.00030155
QLC/BTC,1566645834228,2019-08-24T11:23:54.228Z,buy,1.63e-06,185.0,0.00030155
QLC/BTC,1566645897459,2019-08-24T11:24:57.459Z,sell,1.62e-06,562.0,0.00091044
QLC/BTC,1566645988088,2019-08-24T11:26:28.088Z,sell,1.62e-06,5182.0,0.0083948399999999
QLC/BTC,1566646037313,2019-08-24T11:27:17.313Z,sell,1.62e-06,26419.0,0.04279878
QLC/BTC,1566646384915,2019-08-24T11:33:04.915Z,sell,1.62e-06,958.0,0.00155196
QLC/BTC,1566646411083,2019-08-24T11:33:31.083Z,buy,1.63e-06,5912.0,0.00963656
QLC/BTC,1566646418133,2019-08-24T11:33:38.133Z,buy,1.63e-06,1955.0,0.00318665
QLC/BTC,1566646700771,2019-08-24T11:38:20.771Z,buy,1.63e-06,6380.0,0.0103994
QLC/BTC,1566646946616,2019-08-24T11:42:26.616Z,buy,1.63e-06,5184.0,0.00844992
QLC/BTC,1566647022736,2019-08-24T11:43:42.736Z,buy,1.63e-06,52700.0,0.085901
QLC/BTC,1566647037074,2019-08-24T11:43:57.074Z,sell,1.63e-06,800.0,0.001304
QLC/BTC,1566647038159,2019-08-24T11:43:58.159Z,sell,1.63e-06,800.0,0.001304
QLC/BTC,1566647220204,2019-08-24T11:47:00.204Z,sell,1.63e-06,35000.0,0.05705
QLC/BTC,1566647375376,2019-08-24T11:49:35.376Z,buy,1.63e-06,147.0,0.00023961
QLC/BTC,1566647576684,2019-08-24T11:52:56.684Z,sell,1.62e-06,229.0,0.00037098
QLC/BTC,1566647650891,2019-08-24T11:54:10.891Z,buy,1.63e-06,69422.0,0.11315786
QLC/BTC,1566647670573,2019-08-24T11:54:30.573Z,sell,1.63e-06,300.0,0.000489
QLC/BTC,1566647671188,2019-08-24T11:54:31.188Z,sell,1.63e-06,310.0,0.0005053
QLC/BTC,1566647741108,2019-08-24T11:55:41.108Z,buy,1.64e-06,30056.0,0.0492918399999999
QLC/BTC,1566647801303,2019-08-24T11:56:41.303Z,sell,1.63e-06,18633.0,0.03037179
QLC/BTC,1566647987114,2019-08-24T11:59:47.114Z,buy,1.63e-06,863.0,0.00140669
QLC/BTC,1566647987169,2019-08-24T11:59:47.169Z,buy,1.63e-06,1618.0,0.00263734
QLC/BTC,1566647987172,2019-08-24T11:59:47.172Z,buy,1.63e-06,1123.0,0.00183049
QLC/BTC,1566648008094,2019-08-24T12:00:08.094Z,buy,1.63e-06,3556.0,0.00579628
QLC/BTC,1566648095540,2019-08-24T12:01:35.540Z,buy,1.63e-06,800.0,0.001304
QLC/BTC,1566648096411,2019-08-24T12:01:36.411Z,buy,1.63e-06,800.0,0.001304
QLC/BTC,1566648233719,2019-08-24T12:03:53.719Z,sell,1.62e-06,4053.0,0.00656586
QLC/BTC,1566648406246,2019-08-24T12:06:46.246Z,sell,1.62e-06,11334.0,0.01836108
QLC/BTC,1566648406246,2019-08-24T12:06:46.246Z,sell,1.62e-06,11334.0,0.01836108
QLC/BTC,1566648633051,2019-08-24T12:10:33.051Z,sell,1.62e-06,2814.0,0.00455868
QLC/BTC,1566648682101,2019-08-24T12:11:22.101Z,buy,1.63e-06,655.0,0.00106765
QLC/BTC,1566648774517,2019-08-24T12:12:54.517Z,buy,1.63e-06,838.0,0.00136594
QLC/BTC,1566648776125,2019-08-24T12:12:56.125Z,buy,1.63e-06,18878.0,0.03077114
QLC/BTC,1566648776486,2019-08-24T12:12:56.486Z,buy,1.63e-06,1104.0,0.00179952
QLC/BTC,1566648928945,2019-08-24T12:15:28.945Z,buy,1.63e-06,624.0,0.00101712
QLC/BTC,1566649074495,2019-08-24T12:17:54.495Z,buy,1.63e-06,65.0,0.00010595
QLC/BTC,1566649360832,2019-08-24T12:22:40.832Z,buy,1.63e-06,42925.0,0.06996775
QLC/BTC,1566649593024,2019-08-24T12:26:33.024Z,sell,1.62e-06,2149.0,0.00348138
QLC/BTC,1566649718656,2019-08-24T12:28:38.656Z,buy,1.63e-06,88823.0,0.14478149
QLC/BTC,1566649751371,2019-08-24T12:29:11.371Z,buy,1.64e-06,598.0,0.00098072
QLC/BTC,1566649751426,2019-08-24T12:29:11.426Z,buy,1.64e-06,184.0,0.00030176
QLC/BTC,1566649902881,2019-08-24T12:31:42.881Z,buy,1.64e-06,203785.0,0.3342074
QLC/BTC,1566649908024,2019-08-24T12:31:48.024Z,buy,1.65e-06,12122.0,0.0200013
QLC/BTC,1566649986416,2019-08-24T12:33:06.416Z,sell,1.64e-06,3993.0,0.0065485199999999
QLC/BTC,1566650038904,2019-08-24T12:33:58.904Z,sell,1.64e-06,20000.0,0.0328
QLC/BTC,1566650065609,2019-08-24T12:34:25.609Z,sell,1.64e-06,36610.0,0.0600404
QLC/BTC,1566650065610,2019-08-24T12:34:25.610Z,sell,1.64e-06,6700.0,0.010988
QLC/BTC,1566650069209,2019-08-24T12:34:29.209Z,sell,1.64e-06,6688.0,0.01096832
QLC/BTC,1566650081806,2019-08-24T12:34:41.806Z,sell,1.64e-06,7808.0,0.01280512
QLC/BTC,1566650205995,2019-08-24T12:36:45.995Z,buy,1.64e-06,4232.0,0.00694048
QLC/BTC,1566650420623,2019-08-24T12:40:20.623Z,sell,1.64e-06,732.0,0.00120048
QLC/BTC,1566650420719,2019-08-24T12:40:20.719Z,sell,1.64e-06,2882.0,0.00472648
QLC/BTC,1566650420831,2019-08-24T12:40:20.831Z,sell,1.64e-06,3952.0,0.00648128
QLC/BTC,1566650619507,2019-08-24T12:43:39.507Z,buy,1.65e-06,126053.0,0.20798745
QLC/BTC,1566650630716,2019-08-24T12:43:50.716Z,buy,1.65e-06,24182.0,0.0399003
QLC/BTC,1566650630792,2019-08-24T12:43:50.792Z,sell,1.65e-06,4729.0,0.00780285
QLC/BTC,1566650630796,2019-08-24T12:43:50.796Z,sell,1.65e-06,11424.0,0.0188496
QLC/BTC,1566650636901,2019-08-24T12:43:56.901Z,sell,1.65e-06,197.0,0.00032505
QLC/BTC,1566650652935,2019-08-24T12:44:12.935Z,buy,1.66e-06,38735.0,0.0643001
QLC/BTC,1566650652935,2019-08-24T12:44:12.935Z,buy,1.66e-06,38745.0,0.0643167
QLC/BTC,1566650652977,2019-08-24T12:44:12.977Z,buy,1.66e-06,36816.0,0.06111456
QLC/BTC,1566650652979,2019-08-24T12:44:12.979Z,buy,1.66e-06,36782.0,0.06105812
QLC/BTC,1566650652981,2019-08-24T12:44:12.981Z,buy,1.66e-06,2048.0,0.00339968
QLC/BTC,1566650656109,2019-08-24T12:44:16.109Z,sell,1.65e-06,36816.0,0.0607464
QLC/BTC,1566650656144,2019-08-24T12:44:16.144Z,sell,1.65e-06,36816.0,0.0607464
QLC/BTC,1566650665202,2019-08-24T12:44:25.202Z,sell,1.65e-06,73.0,0.00012045
QLC/BTC,1566650687995,2019-08-24T12:44:47.995Z,sell,1.65e-06,4660.0,0.007689
QLC/BTC,1566650708947,2019-08-24T12:45:08.947Z,buy,1.66e-06,1061.0,0.00176126
QLC/BTC,1566650720561,2019-08-24T12:45:20.561Z,sell,1.65e-06,225.0,0.00037125
QLC/BTC,1566650769824,2019-08-24T12:46:09.824Z,buy,1.66e-06,46830.0,0.0777378
QLC/BTC,1566650771385,2019-08-24T12:46:11.385Z,sell,1.66e-06,2527.0,0.00419482
QLC/BTC,1566650774268,2019-08-24T12:46:14.268Z,sell,1.65e-06,683.0,0.00112695
QLC/BTC,1566650780644,2019-08-24T12:46:20.644Z,sell,1.65e-06,926.0,0.0015279
QLC/BTC,1566650808850,2019-08-24T12:46:48.850Z,buy,1.66e-06,2469.0,0.00409854
QLC/BTC,1566650836779,2019-08-24T12:47:16.779Z,sell,1.65e-06,6447.0,0.01063755
QLC/BTC,1566650929083,2019-08-24T12:48:49.083Z,buy,1.65e-06,403.0,0.00066495
QLC/BTC,1566650946580,2019-08-24T12:49:06.580Z,buy,1.66e-06,7678.0,0.01274548
QLC/BTC,1566651111066,2019-08-24T12:51:51.066Z,buy,1.66e-06,725.0,0.0012035
QLC/BTC,1566651111264,2019-08-24T12:51:51.264Z,buy,1.66e-06,450.0,0.0007469999999999
QLC/BTC,1566651117305,2019-08-24T12:51:57.305Z,buy,1.66e-06,450.0,0.0007469999999999
QLC/BTC,1566651118495,2019-08-24T12:51:58.495Z,buy,1.66e-06,2775.0,0.0046065
QLC/BTC,1566651118579,2019-08-24T12:51:58.579Z,buy,1.66e-06,2775.0,0.0046065
QLC/BTC,1566651123162,2019-08-24T12:52:03.162Z,buy,1.66e-06,61.0,0.00010126
QLC/BTC,1566651201092,2019-08-24T12:53:21.092Z,buy,1.66e-06,27912.0,0.04633392
QLC/BTC,1566651231024,2019-08-24T12:53:51.024Z,buy,1.66e-06,96.0,0.00015936
QLC/BTC,1566651276594,2019-08-24T12:54:36.594Z,sell,1.64e-06,18983.0,0.03113212
QLC/BTC,1566651276594,2019-08-24T12:54:36.594Z,sell,1.63e-06,18474.0,0.03011262
QLC/BTC,1566651277644,2019-08-24T12:54:37.644Z,buy,1.64e-06,450.0,0.0007379999999999
QLC/BTC,1566651277840,2019-08-24T12:54:37.840Z,buy,1.64e-06,184.0,0.00030176
QLC/BTC,1566651278115,2019-08-24T12:54:38.115Z,buy,1.64e-06,5376.0,0.00881664
QLC/BTC,1566651279237,2019-08-24T12:54:39.237Z,buy,1.64e-06,919.0,0.00150716
QLC/BTC,1566651279279,2019-08-24T12:54:39.279Z,buy,1.64e-06,4423.0,0.00725372
QLC/BTC,1566651281330,2019-08-24T12:54:41.330Z,buy,1.64e-06,3912.0,0.00641568
QLC/BTC,1566651281462,2019-08-24T12:54:41.462Z,buy,1.64e-06,3018.0,0.00494952
QLC/BTC,1566651282268,2019-08-24T12:54:42.268Z,buy,1.64e-06,2977.0,0.00488228
QLC/BTC,1566651290748,2019-08-24T12:54:50.748Z,sell,1.63e-06,13138.0,0.02141494
QLC/BTC,1566651310371,2019-08-24T12:55:10.371Z,buy,1.64e-06,121.0,0.00019844
QLC/BTC,1566651312069,2019-08-24T12:55:12.069Z,buy,1.65e-06,3138.0,0.0051777
QLC/BTC,1566651334061,2019-08-24T12:55:34.061Z,buy,1.65e-06,4087.0,0.00674355
QLC/BTC,1566651430527,2019-08-24T12:57:10.527Z,sell,1.64e-06,335.0,0.0005494
QLC/BTC,1566651462832,2019-08-24T12:57:42.832Z,sell,1.64e-06,226.0,0.00037064
QLC/BTC,1566651467265,2019-08-24T12:57:47.265Z,sell,1.64e-06,5487.0,0.00899868
QLC/BTC,1566651547506,2019-08-24T12:59:07.506Z,buy,1.65e-06,33452.0,0.0551958
QLC/BTC,1566651552114,2019-08-24T12:59:12.114Z,buy,1.66e-06,2706.0,0.00449196
QLC/BTC,1566651552416,2019-08-24T12:59:12.416Z,sell,1.66e-06,8774.0,0.0145648399999999
QLC/BTC,1566651570101,2019-08-24T12:59:30.101Z,sell,1.66e-06,569.0,0.00094454
QLC/BTC,1566651588649,2019-08-24T12:59:48.649Z,sell,1.65e-06,837.0,0.00138105
QLC/BTC,1566651600272,2019-08-24T13:00:00.272Z,sell,1.65e-06,107.0,0.00017655
QLC/BTC,1566651606600,2019-08-24T13:00:06.600Z,sell,1.66e-06,78.0,0.00012948
QLC/BTC,1566651674210,2019-08-24T13:01:14.210Z,sell,1.66e-06,26742.0,0.04439172
QLC/BTC,1566651678379,2019-08-24T13:01:18.379Z,sell,1.65e-06,1075.0,0.00177375
QLC/BTC,1566651686099,2019-08-24T13:01:26.099Z,sell,1.65e-06,1220.0,0.002013
QLC/BTC,1566651702642,2019-08-24T13:01:42.642Z,buy,1.66e-06,53892.0,0.08946072
QLC/BTC,1566651702642,2019-08-24T13:01:42.642Z,buy,1.67e-06,48071.0,0.08027857
QLC/BTC,1566651702898,2019-08-24T13:01:42.898Z,sell,1.66e-06,2887.0,0.00479242
QLC/BTC,1566651705542,2019-08-24T13:01:45.542Z,buy,1.66e-06,1808.0,0.00300128
QLC/BTC,1566651707320,2019-08-24T13:01:47.320Z,buy,1.66e-06,1205.0,0.0020003
QLC/BTC,1566651738026,2019-08-24T13:02:18.026Z,sell,1.65e-06,128.0,0.0002112
QLC/BTC,1566651849768,2019-08-24T13:04:09.768Z,buy,1.66e-06,4233.0,0.00702678
QLC/BTC,1566651924400,2019-08-24T13:05:24.400Z,buy,1.66e-06,48867.0,0.08111922
QLC/BTC,1566651946557,2019-08-24T13:05:46.557Z,sell,1.67e-06,2794.0,0.00466598
QLC/BTC,1566651950821,2019-08-24T13:05:50.821Z,sell,1.66e-06,609.0,0.0010109399999999
QLC/BTC,1566651972519,2019-08-24T13:06:12.519Z,sell,1.66e-06,2742.0,0.0045517199999999
QLC/BTC,1566651979497,2019-08-24T13:06:19.497Z,sell,1.66e-06,56246.0,0.09336836
QLC/BTC,1566651979497,2019-08-24T13:06:19.497Z,sell,1.66e-06,56246.0,0.09336836
QLC/BTC,1566652063630,2019-08-24T13:07:43.630Z,buy,1.68e-06,596.0,0.00100128
QLC/BTC,1566652066647,2019-08-24T13:07:46.647Z,sell,1.66e-06,163.0,0.00027058
QLC/BTC,1566652139540,2019-08-24T13:08:59.540Z,sell,1.66e-06,2791.0,0.00463306
QLC/BTC,1566652162732,2019-08-24T13:09:22.732Z,sell,1.66e-06,12407.0,0.02059562
QLC/BTC,1566652489436,2019-08-24T13:14:49.436Z,sell,1.65e-06,125926.0,0.2077779
QLC/BTC,1566652490500,2019-08-24T13:14:50.500Z,sell,1.65e-06,8712.0,0.0143748
QLC/BTC,1566652526815,2019-08-24T13:15:26.815Z,sell,1.64e-06,67.0,0.00010988
QLC/BTC,1566652539990,2019-08-24T13:15:39.990Z,buy,1.65e-06,3250.0,0.0053625
QLC/BTC,1566652540175,2019-08-24T13:15:40.175Z,sell,1.65e-06,3306.0,0.0054549
QLC/BTC,1566652540875,2019-08-24T13:15:40.875Z,sell,1.65e-06,363.0,0.00059895
QLC/BTC,1566652540875,2019-08-24T13:15:40.875Z,sell,1.64e-06,14353.0,0.0235389199999999
QLC/BTC,1566652579936,2019-08-24T13:16:19.936Z,sell,1.64e-06,2799.0,0.00459036
QLC/BTC,1566652579936,2019-08-24T13:16:19.936Z,sell,1.63e-06,66402.0,0.10823526
QLC/BTC,1566652580001,2019-08-24T13:16:20.001Z,buy,1.63e-06,1218.0,0.00198534
QLC/BTC,1566652580019,2019-08-24T13:16:20.019Z,buy,1.63e-06,3068.0,0.00500084
QLC/BTC,1566652580078,2019-08-24T13:16:20.078Z,buy,1.63e-06,184.0,0.00029992
QLC/BTC,1566652580176,2019-08-24T13:16:20.176Z,buy,1.63e-06,654.0,0.00106602
QLC/BTC,1566652582047,2019-08-24T13:16:22.047Z,buy,1.63e-06,105.0,0.00017115
QLC/BTC,1566652593449,2019-08-24T13:16:33.449Z,buy,1.63e-06,18726.0,0.03052338
QLC/BTC,1566652639078,2019-08-24T13:17:19.078Z,sell,1.62e-06,18054.0,0.02924748
QLC/BTC,1566652646662,2019-08-24T13:17:26.662Z,sell,1.62e-06,43920.0,0.0711504
QLC/BTC,1566652667814,2019-08-24T13:17:47.814Z,sell,1.62e-06,27087.0,0.04388094
QLC/BTC,1566652680210,2019-08-24T13:18:00.210Z,sell,1.61e-06,2978.0,0.00479458
QLC/BTC,1566652680740,2019-08-24T13:18:00.740Z,buy,1.63e-06,1227.0,0.00200001
QLC/BTC,1566652744303,2019-08-24T13:19:04.303Z,sell,1.62e-06,300.0,0.000486
QLC/BTC,1566652777308,2019-08-24T13:19:37.308Z,buy,1.63e-06,614.0,0.00100082
QLC/BTC,1566652802466,2019-08-24T13:20:02.466Z,buy,1.63e-06,41081.0,0.06696203
QLC/BTC,1566652812853,2019-08-24T13:20:12.853Z,sell,1.62e-06,2780.0,0.0045036
QLC/BTC,1566652818153,2019-08-24T13:20:18.153Z,sell,1.61e-06,46326.0,0.07458486
QLC/BTC,1566652823817,2019-08-24T13:20:23.817Z,sell,1.61e-06,27220.0,0.0438242
QLC/BTC,1566652837390,2019-08-24T13:20:37.390Z,buy,1.62e-06,18726.0,0.0303361199999999
QLC/BTC,1566652841442,2019-08-24T13:20:41.442Z,buy,1.63e-06,441.0,0.00071883
QLC/BTC,1566652841499,2019-08-24T13:20:41.499Z,buy,1.63e-06,2314.0,0.00377182
QLC/BTC,1566652841535,2019-08-24T13:20:41.535Z,buy,1.63e-06,15497.0,0.02526011
QLC/BTC,1566652841562,2019-08-24T13:20:41.562Z,buy,1.63e-06,185.0,0.00030155
QLC/BTC,1566652841562,2019-08-24T13:20:41.562Z,buy,1.63e-06,185.0,0.00030155
QLC/BTC,1566652841635,2019-08-24T13:20:41.635Z,buy,1.63e-06,4015.0,0.00654445
QLC/BTC,1566652841750,2019-08-24T13:20:41.750Z,buy,1.63e-06,185.0,0.00030155
QLC/BTC,1566652841761,2019-08-24T13:20:41.761Z,buy,1.63e-06,920.0,0.0014996
QLC/BTC,1566652842357,2019-08-24T13:20:42.357Z,buy,1.63e-06,61349.0,0.09999887
QLC/BTC,1566652843077,2019-08-24T13:20:43.077Z,buy,1.63e-06,265.0,0.00043195
QLC/BTC,1566652843860,2019-08-24T13:20:43.860Z,buy,1.64e-06,1524.0,0.00249936
QLC/BTC,1566652904723,2019-08-24T13:21:44.723Z,sell,1.63e-06,9139.0,0.01489657
QLC/BTC,1566652962074,2019-08-24T13:22:42.074Z,buy,1.63e-06,2593.0,0.00422659
QLC/BTC,1566652962111,2019-08-24T13:22:42.111Z,buy,1.63e-06,185.0,0.00030155
QLC/BTC,1566653081693,2019-08-24T13:24:41.693Z,buy,1.63e-06,2676.0,0.00436188
QLC/BTC,1566653098408,2019-08-24T13:24:58.408Z,sell,1.62e-06,756.0,0.0012247199999999
QLC/BTC,1566653111658,2019-08-24T13:25:11.658Z,sell,1.62e-06,139.0,0.0002251799999999
QLC/BTC,1566653231197,2019-08-24T13:27:11.197Z,sell,1.62e-06,4943.0,0.00800766
QLC/BTC,1566653370331,2019-08-24T13:29:30.331Z,buy,1.63e-06,9972.0,0.01625436
QLC/BTC,1566653370331,2019-08-24T13:29:30.331Z,buy,1.64e-06,5952.0,0.00976128
QLC/BTC,1566653388385,2019-08-24T13:29:48.385Z,buy,1.64e-06,58079.0,0.09524956
QLC/BTC,1566653416226,2019-08-24T13:30:16.226Z,sell,1.62e-06,5000.0,0.0081
QLC/BTC,1566653555478,2019-08-24T13:32:35.478Z,buy,1.64e-06,3239.0,0.00531196
QLC/BTC,1566653557001,2019-08-24T13:32:37.001Z,sell,1.63e-06,2164.0,0.00352732
QLC/BTC,1566653567467,2019-08-24T13:32:47.467Z,buy,1.63e-06,110.0,0.0001793
QLC/BTC,1566653567467,2019-08-24T13:32:47.467Z,buy,1.64e-06,2409.0,0.00395076
QLC/BTC,1566653573445,2019-08-24T13:32:53.445Z,buy,1.64e-06,60226.0,0.0987706399999999
QLC/BTC,1566653573483,2019-08-24T13:32:53.483Z,sell,1.64e-06,5727.0,0.00939228
QLC/BTC,1566653575583,2019-08-24T13:32:55.583Z,sell,1.64e-06,954.0,0.00156456
QLC/BTC,1566653626770,2019-08-24T13:33:46.770Z,sell,1.64e-06,2314.0,0.00379496
QLC/BTC,1566653667004,2019-08-24T13:34:27.004Z,sell,1.64e-06,2672.0,0.00438208
QLC/BTC,1566653762266,2019-08-24T13:36:02.266Z,buy,1.65e-06,1278.0,0.0021087
QLC/BTC,1566653910231,2019-08-24T13:38:30.231Z,sell,1.64e-06,71.0,0.00011644
QLC/BTC,1566653910231,2019-08-24T13:38:30.231Z,sell,1.64e-06,850.0,0.001394
QLC/BTC,1566654036891,2019-08-24T13:40:36.891Z,buy,1.65e-06,20566.0,0.0339339
QLC/BTC,1566654229304,2019-08-24T13:43:49.304Z,buy,1.65e-06,903.0,0.00148995
QLC/BTC,1566654280465,2019-08-24T13:44:40.465Z,buy,1.65e-06,10909.0,0.01799985
QLC/BTC,1566654322347,2019-08-24T13:45:22.347Z,buy,1.65e-06,63081.0,0.10408365
QLC/BTC,1566654325008,2019-08-24T13:45:25.008Z,buy,1.66e-06,5656.0,0.00938896
QLC/BTC,1566654325087,2019-08-24T13:45:25.087Z,sell,1.66e-06,1830.0,0.0030378
QLC/BTC,1566654325089,2019-08-24T13:45:25.089Z,sell,1.66e-06,926.0,0.00153716
QLC/BTC,1566654373839,2019-08-24T13:46:13.839Z,buy,1.67e-06,3609.0,0.00602703
QLC/BTC,1566654375956,2019-08-24T13:46:15.956Z,sell,1.65e-06,1227.0,0.00202455
QLC/BTC,1566654383179,2019-08-24T13:46:23.179Z,sell,1.65e-06,441.0,0.00072765
QLC/BTC,1566654399050,2019-08-24T13:46:39.050Z,sell,1.65e-06,614.0,0.0010131
QLC/BTC,1566654399260,2019-08-24T13:46:39.260Z,sell,1.65e-06,920.0,0.001518
QLC/BTC,1566654402854,2019-08-24T13:46:42.854Z,sell,1.65e-06,235.0,0.00038775
QLC/BTC,1566654771834,2019-08-24T13:52:51.834Z,buy,1.66e-06,692.0,0.00114872
QLC/BTC,1566654795183,2019-08-24T13:53:15.183Z,buy,1.66e-06,1203.0,0.00199698
QLC/BTC,1566654799855,2019-08-24T13:53:19.855Z,buy,1.66e-06,1203.0,0.00199698
QLC/BTC,1566654805257,2019-08-24T13:53:25.257Z,buy,1.66e-06,601.0,0.00099766
QLC/BTC,1566654839304,2019-08-24T13:53:59.304Z,buy,1.66e-06,4819.0,0.00799954
QLC/BTC,1566654844466,2019-08-24T13:54:04.466Z,buy,1.66e-06,140.0,0.0002324
QLC/BTC,1566655321706,2019-08-24T14:02:01.706Z,buy,1.66e-06,40000.0,0.0664
QLC/BTC,1566655370990,2019-08-24T14:02:50.990Z,buy,1.66e-06,9036.0,0.01499976
QLC/BTC,1566655371035,2019-08-24T14:02:51.035Z,buy,1.66e-06,181.0,0.00030046
QLC/BTC,1566655422374,2019-08-24T14:03:42.374Z,buy,1.66e-06,159.0,0.00026394
QLC/BTC,1566655453222,2019-08-24T14:04:13.222Z,buy,1.66e-06,437.0,0.00072542
QLC/BTC,1566655453222,2019-08-24T14:04:13.222Z,buy,1.66e-06,437.0,0.00072542
QLC/BTC,1566655715654,2019-08-24T14:08:35.654Z,sell,1.66e-06,27884.0,0.04628744
QLC/BTC,1566655751920,2019-08-24T14:09:11.920Z,buy,1.67e-06,3517.0,0.00587339
QLC/BTC,1566655751920,2019-08-24T14:09:11.920Z,buy,1.68e-06,2507.0,0.00421176
QLC/BTC,1566655752128,2019-08-24T14:09:12.128Z,sell,1.66e-06,180.0,0.0002988
QLC/BTC,1566655782096,2019-08-24T14:09:42.096Z,sell,1.66e-06,920.0,0.0015272
QLC/BTC,1566655870253,2019-08-24T14:11:10.253Z,buy,1.67e-06,300.0,0.000501
QLC/BTC,1566655872052,2019-08-24T14:11:12.052Z,buy,1.67e-06,300.0,0.000501
QLC/BTC,1566655878911,2019-08-24T14:11:18.911Z,sell,1.66e-06,300.0,0.000498
QLC/BTC,1566655878911,2019-08-24T14:11:18.911Z,sell,1.66e-06,1699.0,0.00282034
QLC/BTC,1566656002440,2019-08-24T14:13:22.440Z,sell,1.66e-06,300.0,0.000498
QLC/BTC,1566656002446,2019-08-24T14:13:22.446Z,sell,1.66e-06,630.0,0.0010458
QLC/BTC,1566656263016,2019-08-24T14:17:43.016Z,sell,1.66e-06,252.0,0.00041832
QLC/BTC,1566656272525,2019-08-24T14:17:52.525Z,sell,1.66e-06,132.0,0.00021912
QLC/BTC,1566656272705,2019-08-24T14:17:52.705Z,buy,1.67e-06,1584.0,0.00264528
QLC/BTC,1566656368676,2019-08-24T14:19:28.676Z,buy,1.67e-06,340.0,0.0005678
QLC/BTC,1566656395699,2019-08-24T14:19:55.699Z,buy,1.67e-06,808.0,0.00134936
QLC/BTC,1566656396107,2019-08-24T14:19:56.107Z,buy,1.67e-06,808.0,0.00134936
QLC/BTC,1566656396520,2019-08-24T14:19:56.520Z,buy,1.67e-06,808.0,0.00134936
QLC/BTC,1566656396936,2019-08-24T14:19:56.936Z,buy,1.67e-06,808.0,0.00134936
QLC/BTC,1566656397351,2019-08-24T14:19:57.351Z,buy,1.67e-06,808.0,0.00134936
QLC/BTC,1566656397767,2019-08-24T14:19:57.767Z,buy,1.67e-06,808.0,0.00134936
QLC/BTC,1566656398676,2019-08-24T14:19:58.676Z,buy,1.67e-06,808.0,0.00134936
QLC/BTC,1566656399089,2019-08-24T14:19:59.089Z,buy,1.67e-06,808.0,0.00134936
QLC/BTC,1566656411866,2019-08-24T14:20:11.866Z,buy,1.67e-06,399.0,0.00066633
QLC/BTC,1566656547998,2019-08-24T14:22:27.998Z,buy,1.67e-06,300.0,0.000501
QLC/BTC,1566656551779,2019-08-24T14:22:31.779Z,buy,1.67e-06,300.0,0.000501
QLC/BTC,1566656662415,2019-08-24T14:24:22.415Z,buy,1.67e-06,11976.0,0.01999992
QLC/BTC,1566656741243,2019-08-24T14:25:41.243Z,buy,1.67e-06,4355.0,0.00727285
QLC/BTC,1566657017671,2019-08-24T14:30:17.671Z,buy,1.68e-06,2724.0,0.00457632
QLC/BTC,1566657036452,2019-08-24T14:30:36.452Z,buy,1.68e-06,800.0,0.001344
QLC/BTC,1566657038601,2019-08-24T14:30:38.601Z,buy,1.68e-06,4576.0,0.00768768
QLC/BTC,1566657071339,2019-08-24T14:31:11.339Z,buy,1.68e-06,119124.0,0.20012832
QLC/BTC,1566657180673,2019-08-24T14:33:00.673Z,buy,1.68e-06,19327.0,0.03246936
QLC/BTC,1566657181955,2019-08-24T14:33:01.955Z,sell,1.68e-06,68.0,0.00011424
QLC/BTC,1566657185883,2019-08-24T14:33:05.883Z,buy,1.69e-06,1776.0,0.0030014399999999
QLC/BTC,1566657185950,2019-08-24T14:33:05.950Z,buy,1.69e-06,178.0,0.00030082
QLC/BTC,1566657185958,2019-08-24T14:33:05.958Z,buy,1.69e-06,178.0,0.00030082
QLC/BTC,1566657185966,2019-08-24T14:33:05.966Z,buy,1.69e-06,178.0,0.00030082
QLC/BTC,1566657189531,2019-08-24T14:33:09.531Z,buy,1.69e-06,11835.0,0.02000115
QLC/BTC,1566657250815,2019-08-24T14:34:10.815Z,buy,1.69e-06,574.0,0.0009700599999999
QLC/BTC,1566657250815,2019-08-24T14:34:10.815Z,buy,1.7e-06,76096.0,0.1293632
QLC/BTC,1566657266074,2019-08-24T14:34:26.074Z,buy,1.7e-06,392.0,0.0006664
QLC/BTC,1566657273763,2019-08-24T14:34:33.763Z,sell,1.69e-06,8572.0,0.01448668
QLC/BTC,1566657287667,2019-08-24T14:34:47.667Z,sell,1.69e-06,3082.0,0.00520858
QLC/BTC,1566657291300,2019-08-24T14:34:51.300Z,sell,1.69e-06,12398.0,0.0209526199999999
QLC/BTC,1566657311544,2019-08-24T14:35:11.544Z,sell,1.69e-06,3137.0,0.00530153
QLC/BTC,1566657316127,2019-08-24T14:35:16.127Z,sell,1.69e-06,743.0,0.00125567
QLC/BTC,1566657316127,2019-08-24T14:35:16.127Z,sell,1.68e-06,1933.0,0.00324744
QLC/BTC,1566657316127,2019-08-24T14:35:16.127Z,sell,1.68e-06,1201.0,0.00201768
QLC/BTC,1566657322931,2019-08-24T14:35:22.931Z,sell,1.68e-06,1205.0,0.0020244
QLC/BTC,1566657328333,2019-08-24T14:35:28.333Z,sell,1.68e-06,1826.0,0.00306768
QLC/BTC,1566657329980,2019-08-24T14:35:29.980Z,sell,1.68e-06,99.0,0.00016632
QLC/BTC,1566657344920,2019-08-24T14:35:44.920Z,buy,1.68e-06,803.0,0.00134904
QLC/BTC,1566657345261,2019-08-24T14:35:45.261Z,buy,1.68e-06,179.0,0.00030072
QLC/BTC,1566657358877,2019-08-24T14:35:58.877Z,buy,1.68e-06,596.0,0.00100128
QLC/BTC,1566657644409,2019-08-24T14:40:44.409Z,sell,1.68e-06,13804.0,0.02319072
QLC/BTC,1566657744148,2019-08-24T14:42:24.148Z,sell,1.67e-06,4571.0,0.00763357
QLC/BTC,1566657744148,2019-08-24T14:42:24.148Z,sell,1.67e-06,9986.0,0.01667662
QLC/BTC,1566657750386,2019-08-24T14:42:30.386Z,sell,1.67e-06,2333.0,0.00389611
QLC/BTC,1566657755280,2019-08-24T14:42:35.280Z,sell,1.67e-06,350.0,0.0005845
QLC/BTC,1566657861530,2019-08-24T14:44:21.530Z,sell,1.68e-06,800.0,0.001344
QLC/BTC,1566657870016,2019-08-24T14:44:30.016Z,buy,1.69e-06,1183.0,0.00199927
QLC/BTC,1566657924066,2019-08-24T14:45:24.066Z,sell,1.68e-06,719.0,0.00120792
QLC/BTC,1566657924317,2019-08-24T14:45:24.317Z,sell,1.68e-06,127.0,0.00021336
QLC/BTC,1566657931534,2019-08-24T14:45:31.534Z,sell,1.68e-06,323.0,0.00054264
QLC/BTC,1566657949416,2019-08-24T14:45:49.416Z,sell,1.68e-06,300.0,0.000504
QLC/BTC,1566658021676,2019-08-24T14:47:01.676Z,buy,1.69e-06,21030.0,0.0355407
QLC/BTC,1566658021676,2019-08-24T14:47:01.676Z,buy,1.7e-06,52521.0,0.0892857
QLC/BTC,1566658021676,2019-08-24T14:47:01.676Z,buy,1.71e-06,50648.0,0.0866080799999999
QLC/BTC,1566658021676,2019-08-24T14:47:01.676Z,buy,1.72e-06,24742.0,0.04255624
QLC/BTC,1566658022049,2019-08-24T14:47:02.049Z,buy,1.7e-06,140.0,0.000238
QLC/BTC,1566658022141,2019-08-24T14:47:02.141Z,sell,1.7e-06,300.0,0.00051
QLC/BTC,1566658022237,2019-08-24T14:47:02.237Z,sell,1.7e-06,180.0,0.000306
QLC/BTC,1566658022479,2019-08-24T14:47:02.479Z,sell,1.69e-06,594.0,0.0010038599999999
QLC/BTC,1566658023556,2019-08-24T14:47:03.556Z,sell,1.69e-06,1057.0,0.0017863299999999
QLC/BTC,1566658024606,2019-08-24T14:47:04.606Z,sell,1.69e-06,385.0,0.00065065
QLC/BTC,1566658024810,2019-08-24T14:47:04.810Z,sell,1.7e-06,141.0,0.0002397
QLC/BTC,1566658025392,2019-08-24T14:47:05.392Z,buy,1.71e-06,5187.0,0.0088697699999999
QLC/BTC,1566658025421,2019-08-24T14:47:05.421Z,sell,1.71e-06,6509.0,0.01113039
QLC/BTC,1566658026819,2019-08-24T14:47:06.819Z,sell,1.7e-06,141.0,0.0002397
QLC/BTC,1566658028661,2019-08-24T14:47:08.661Z,sell,1.7e-06,198.0,0.0003366
QLC/BTC,1566658029067,2019-08-24T14:47:09.067Z,sell,1.7e-06,141.0,0.0002397
QLC/BTC,1566658032039,2019-08-24T14:47:12.039Z,sell,1.7e-06,141.0,0.0002397
QLC/BTC,1566658035082,2019-08-24T14:47:15.082Z,sell,1.7e-06,141.0,0.0002397
QLC/BTC,1566658037842,2019-08-24T14:47:17.842Z,sell,1.7e-06,141.0,0.0002397
QLC/BTC,1566658041066,2019-08-24T14:47:21.066Z,sell,1.7e-06,141.0,0.0002397
QLC/BTC,1566658044060,2019-08-24T14:47:24.060Z,sell,1.7e-06,141.0,0.0002397
QLC/BTC,1566658052299,2019-08-24T14:47:32.299Z,sell,1.7e-06,674.0,0.0011458
QLC/BTC,1566658070230,2019-08-24T14:47:50.230Z,sell,1.69e-06,218.0,0.00036842
QLC/BTC,1566658070230,2019-08-24T14:47:50.230Z,sell,1.69e-06,455.0,0.0007689499999999
QLC/BTC,1566658070230,2019-08-24T14:47:50.230Z,sell,1.69e-06,691.0,0.00116779
QLC/BTC,1566658078899,2019-08-24T14:47:58.899Z,buy,1.7e-06,12109.0,0.0205853
QLC/BTC,1566658086172,2019-08-24T14:48:06.172Z,sell,1.69e-06,218.0,0.00036842
QLC/BTC,1566658150580,2019-08-24T14:49:10.580Z,sell,1.69e-06,6509.0,0.01100021
QLC/BTC,1566658158796,2019-08-24T14:49:18.796Z,sell,1.69e-06,373.0,0.00063037
QLC/BTC,1566658210371,2019-08-24T14:50:10.371Z,buy,1.7e-06,108703.0,0.1847951
QLC/BTC,1566658215079,2019-08-24T14:50:15.079Z,sell,1.7e-06,3853.0,0.0065501
QLC/BTC,1566658251376,2019-08-24T14:50:51.376Z,buy,1.71e-06,764.0,0.0013064399999999
QLC/BTC,1566658251400,2019-08-24T14:50:51.400Z,sell,1.71e-06,705.0,0.00120555
QLC/BTC,1566658251455,2019-08-24T14:50:51.455Z,sell,1.71e-06,141.0,0.00024111
QLC/BTC,1566658251988,2019-08-24T14:50:51.988Z,sell,1.71e-06,141.0,0.00024111
QLC/BTC,1566658264455,2019-08-24T14:51:04.455Z,sell,1.71e-06,323.0,0.00055233
QLC/BTC,1566658287849,2019-08-24T14:51:27.849Z,buy,1.72e-06,38918.0,0.06693896
QLC/BTC,1566658289354,2019-08-24T14:51:29.354Z,buy,1.72e-06,14600.0,0.025112
QLC/BTC,1566658295977,2019-08-24T14:51:35.977Z,buy,1.72e-06,10865.0,0.0186878
QLC/BTC,1566658298508,2019-08-24T14:51:38.508Z,buy,1.72e-06,45931.0,0.07900132
QLC/BTC,1566658298906,2019-08-24T14:51:38.906Z,buy,1.72e-06,28937.0,0.04977164
QLC/BTC,1566658302204,2019-08-24T14:51:42.204Z,buy,1.73e-06,11561.0,0.02000053
QLC/BTC,1566658305731,2019-08-24T14:51:45.731Z,buy,1.73e-06,385.0,0.00066605
QLC/BTC,1566658305766,2019-08-24T14:51:45.766Z,buy,1.73e-06,174.0,0.00030102
QLC/BTC,1566658314358,2019-08-24T14:51:54.358Z,sell,1.72e-06,218.0,0.00037496
QLC/BTC,1566658314358,2019-08-24T14:51:54.358Z,sell,1.72e-06,3403.0,0.00585316
QLC/BTC,1566658321752,2019-08-24T14:52:01.752Z,sell,1.71e-06,654.0,0.00111834
QLC/BTC,1566658325790,2019-08-24T14:52:05.790Z,sell,1.71e-06,1183.0,0.00202293
QLC/BTC,1566658359346,2019-08-24T14:52:39.346Z,buy,1.73e-06,4825.0,0.00834725
QLC/BTC,1566658364983,2019-08-24T14:52:44.983Z,buy,1.73e-06,1156.0,0.00199988
QLC/BTC,1566658368259,2019-08-24T14:52:48.259Z,buy,1.73e-06,1735.0,0.00300155
QLC/BTC,1566658370904,2019-08-24T14:52:50.904Z,buy,1.73e-06,1037.0,0.00179401
QLC/BTC,1566658379050,2019-08-24T14:52:59.050Z,buy,1.73e-06,13293.0,0.02299689
QLC/BTC,1566658379050,2019-08-24T14:52:59.050Z,buy,1.74e-06,74060.0,0.1288644
QLC/BTC,1566658379356,2019-08-24T14:52:59.356Z,sell,1.74e-06,88.0,0.00015312
QLC/BTC,1566658381052,2019-08-24T14:53:01.052Z,sell,1.74e-06,800.0,0.001392
QLC/BTC,1566658382804,2019-08-24T14:53:02.804Z,sell,1.74e-06,6024.0,0.01048176
QLC/BTC,1566658383073,2019-08-24T14:53:03.073Z,sell,1.74e-06,24006.0,0.04177044
QLC/BTC,1566658383483,2019-08-24T14:53:03.483Z,sell,1.74e-06,1007.0,0.00175218
QLC/BTC,1566658408504,2019-08-24T14:53:28.504Z,buy,1.75e-06,4513.0,0.00789775
QLC/BTC,1566658408504,2019-08-24T14:53:28.504Z,sell,1.74e-06,250.0,0.000435
QLC/BTC,1566658412301,2019-08-24T14:53:32.301Z,sell,1.74e-06,8101.0,0.01409574
QLC/BTC,1566658412708,2019-08-24T14:53:32.708Z,buy,1.75e-06,3359.0,0.00587825
QLC/BTC,1566658416518,2019-08-24T14:53:36.518Z,buy,1.75e-06,2520.0,0.00441
QLC/BTC,1566658420813,2019-08-24T14:53:40.813Z,buy,1.75e-06,1601.0,0.00280175
QLC/BTC,1566658442583,2019-08-24T14:54:02.583Z,sell,1.74e-06,31952.0,0.05559648
QLC/BTC,1566658448505,2019-08-24T14:54:08.505Z,sell,1.74e-06,1156.0,0.00201144
QLC/BTC,1566658456045,2019-08-24T14:54:16.045Z,buy,1.75e-06,2695.0,0.00471625
QLC/BTC,1566658457590,2019-08-24T14:54:17.590Z,buy,1.75e-06,2664.0,0.004662
QLC/BTC,1566658463303,2019-08-24T14:54:23.303Z,buy,1.75e-06,1143.0,0.00200025
QLC/BTC,1566658472783,2019-08-24T14:54:32.783Z,buy,1.75e-06,19944.0,0.034902
QLC/BTC,1566658473067,2019-08-24T14:54:33.067Z,buy,1.75e-06,1643.0,0.0028752499999999
QLC/BTC,1566658474641,2019-08-24T14:54:34.641Z,buy,1.75e-06,1644.0,0.002877
QLC/BTC,1566658476950,2019-08-24T14:54:36.950Z,buy,1.75e-06,16905.0,0.02958375
QLC/BTC,1566658479021,2019-08-24T14:54:39.021Z,buy,1.76e-06,11364.0,0.02000064
QLC/BTC,1566658482633,2019-08-24T14:54:42.633Z,sell,1.75e-06,212.0,0.000371
QLC/BTC,1566658489086,2019-08-24T14:54:49.086Z,sell,1.75e-06,2174.0,0.0038045
QLC/BTC,1566658499872,2019-08-24T14:54:59.872Z,sell,1.75e-06,159.0,0.00027825
QLC/BTC,1566658503230,2019-08-24T14:55:03.230Z,sell,1.75e-06,1294.0,0.0022645
QLC/BTC,1566658504656,2019-08-24T14:55:04.656Z,sell,1.75e-06,3856.0,0.006748
QLC/BTC,1566658505336,2019-08-24T14:55:05.336Z,sell,1.75e-06,5056.0,0.008848
QLC/BTC,1566658505855,2019-08-24T14:55:05.855Z,sell,1.75e-06,2874.0,0.0050295
QLC/BTC,1566658518090,2019-08-24T14:55:18.090Z,sell,1.75e-06,6000.0,0.0105
QLC/BTC,1566658519134,2019-08-24T14:55:19.134Z,sell,1.75e-06,2869.0,0.00502075
QLC/BTC,1566658574111,2019-08-24T14:56:14.111Z,buy,1.76e-06,1652.0,0.00290752
QLC/BTC,1566658576259,2019-08-24T14:56:16.259Z,sell,1.75e-06,8034.0,0.0140594999999999
QLC/BTC,1566658583277,2019-08-24T14:56:23.277Z,buy,1.76e-06,300.0,0.000528
QLC/BTC,1566658585510,2019-08-24T14:56:25.510Z,sell,1.75e-06,300.0,0.000525
QLC/BTC,1566658585510,2019-08-24T14:56:25.510Z,sell,1.74e-06,295.0,0.0005133
QLC/BTC,1566658587509,2019-08-24T14:56:27.509Z,buy,1.76e-06,826.0,0.00145376
QLC/BTC,1566658589008,2019-08-24T14:56:29.008Z,sell,1.74e-06,9193.0,0.01599582
QLC/BTC,1566658589491,2019-08-24T14:56:29.491Z,buy,1.76e-06,807.0,0.00142032
QLC/BTC,1566658590471,2019-08-24T14:56:30.471Z,buy,1.76e-06,140.0,0.0002464
QLC/BTC,1566658605828,2019-08-24T14:56:45.828Z,buy,1.76e-06,569.0,0.00100144
QLC/BTC,1566658623286,2019-08-24T14:57:03.286Z,sell,1.74e-06,22274.0,0.03875676
QLC/BTC,1566658627387,2019-08-24T14:57:07.387Z,sell,1.73e-06,3164.0,0.00547372
QLC/BTC,1566658632662,2019-08-24T14:57:12.662Z,sell,1.73e-06,835.0,0.00144455
QLC/BTC,1566658632687,2019-08-24T14:57:12.687Z,sell,1.73e-06,1312.0,0.00226976
QLC/BTC,1566658632707,2019-08-24T14:57:12.707Z,sell,1.73e-06,1312.0,0.00226976
QLC/BTC,1566658632711,2019-08-24T14:57:12.711Z,sell,1.73e-06,1312.0,0.00226976
QLC/BTC,1566658633612,2019-08-24T14:57:13.612Z,sell,1.73e-06,1593.0,0.00275589
QLC/BTC,1566658633652,2019-08-24T14:57:13.652Z,sell,1.73e-06,282.0,0.00048786
QLC/BTC,1566658663772,2019-08-24T14:57:43.772Z,buy,1.75e-06,1312.0,0.002296
QLC/BTC,1566658666202,2019-08-24T14:57:46.202Z,sell,1.74e-06,300.0,0.000522
QLC/BTC,1566658692504,2019-08-24T14:58:12.504Z,sell,1.74e-06,1044.0,0.00181656
QLC/BTC,1566658712034,2019-08-24T14:58:32.034Z,buy,1.74e-06,591.0,0.00102834
QLC/BTC,1566658732488,2019-08-24T14:58:52.488Z,sell,1.73e-06,2426.0,0.0041969799999999
QLC/BTC,1566658734813,2019-08-24T14:58:54.813Z,buy,1.73e-06,1312.0,0.00226976
QLC/BTC,1566658734824,2019-08-24T14:58:54.824Z,buy,1.73e-06,835.0,0.00144455
QLC/BTC,1566658738244,2019-08-24T14:58:58.244Z,buy,1.73e-06,1312.0,0.00226976
QLC/BTC,1566658744797,2019-08-24T14:59:04.797Z,buy,1.73e-06,300.0,0.000519
QLC/BTC,1566658767086,2019-08-24T14:59:27.086Z,sell,1.72e-06,38065.0,0.0654718
QLC/BTC,1566658786629,2019-08-24T14:59:46.629Z,sell,1.72e-06,8070.0,0.0138804
QLC/BTC,1566658791979,2019-08-24T14:59:51.979Z,sell,1.72e-06,12744.0,0.02191968
QLC/BTC,1566658795659,2019-08-24T14:59:55.659Z,sell,1.71e-06,140.0,0.0002394
QLC/BTC,1566658797866,2019-08-24T14:59:57.866Z,sell,1.71e-06,127.0,0.0002171699999999
QLC/BTC,1566658801253,2019-08-24T15:00:01.253Z,sell,1.71e-06,743.0,0.00127053
QLC/BTC,1566658807672,2019-08-24T15:00:07.672Z,buy,1.72e-06,2325.0,0.003999
QLC/BTC,1566658807718,2019-08-24T15:00:07.718Z,buy,1.72e-06,175.0,0.000301
QLC/BTC,1566658819250,2019-08-24T15:00:19.250Z,buy,1.72e-06,4537.0,0.00780364
QLC/BTC,1566658821147,2019-08-24T15:00:21.147Z,buy,1.72e-06,21765.0,0.0374358
QLC/BTC,1566658833744,2019-08-24T15:00:33.744Z,sell,1.72e-06,41039.0,0.07058708
QLC/BTC,1566658836315,2019-08-24T15:00:36.315Z,sell,1.72e-06,38911.0,0.06692692
QLC/BTC,1566658904309,2019-08-24T15:01:44.309Z,sell,1.72e-06,590.0,0.0010148
QLC/BTC,1566658919524,2019-08-24T15:01:59.524Z,buy,1.73e-06,300.0,0.000519
QLC/BTC,1566658939825,2019-08-24T15:02:19.825Z,sell,1.72e-06,5959.0,0.01024948
QLC/BTC,1566658973533,2019-08-24T15:02:53.533Z,sell,1.72e-06,853.0,0.00146716
QLC/BTC,1566658982777,2019-08-24T15:03:02.777Z,sell,1.72e-06,5960.0,0.0102512
QLC/BTC,1566658982777,2019-08-24T15:03:02.777Z,sell,1.72e-06,5960.0,0.0102512
QLC/BTC,1566659065322,2019-08-24T15:04:25.322Z,sell,1.72e-06,791.0,0.00136052
QLC/BTC,1566659073912,2019-08-24T15:04:33.912Z,sell,1.72e-06,529.0,0.00090988
QLC/BTC,1566659115408,2019-08-24T15:05:15.408Z,buy,1.74e-06,2913.0,0.00506862
QLC/BTC,1566659115408,2019-08-24T15:05:15.408Z,buy,1.75e-06,30468.0,0.053319
QLC/BTC,1566659115410,2019-08-24T15:05:15.410Z,buy,1.75e-06,22758.0,0.0398265
QLC/BTC,1566659115410,2019-08-24T15:05:15.410Z,buy,1.76e-06,1550.0,0.002728
QLC/BTC,1566659115529,2019-08-24T15:05:15.529Z,sell,1.75e-06,599.0,0.00104825
QLC/BTC,1566659115622,2019-08-24T15:05:15.622Z,sell,1.75e-06,1718.0,0.0030065
QLC/BTC,1566659139425,2019-08-24T15:05:39.425Z,buy,1.75e-06,5425.0,0.00949375
QLC/BTC,1566659139434,2019-08-24T15:05:39.434Z,buy,1.75e-06,5425.0,0.00949375
QLC/BTC,1566659173064,2019-08-24T15:06:13.064Z,sell,1.74e-06,351.0,0.00061074
QLC/BTC,1566659173604,2019-08-24T15:06:13.604Z,sell,1.74e-06,557.0,0.00096918
QLC/BTC,1566659177988,2019-08-24T15:06:17.988Z,sell,1.73e-06,6768.0,0.01170864
QLC/BTC,1566659204787,2019-08-24T15:06:44.787Z,sell,1.73e-06,556.0,0.00096188
QLC/BTC,1566659221312,2019-08-24T15:07:01.312Z,sell,1.73e-06,10674.0,0.01846602
QLC/BTC,1566659252480,2019-08-24T15:07:32.480Z,sell,1.73e-06,201.0,0.00034773
QLC/BTC,1566659272218,2019-08-24T15:07:52.218Z,sell,1.73e-06,8614.0,0.0149022199999999
QLC/BTC,1566659274198,2019-08-24T15:07:54.198Z,sell,1.73e-06,107.0,0.00018511
QLC/BTC,1566659481053,2019-08-24T15:11:21.053Z,sell,1.72e-06,37711.0,0.06486292
QLC/BTC,1566659489453,2019-08-24T15:11:29.453Z,sell,1.72e-06,49357.0,0.08489404
QLC/BTC,1566659620115,2019-08-24T15:13:40.115Z,sell,1.72e-06,255.0,0.0004386
QLC/BTC,1566659656843,2019-08-24T15:14:16.843Z,sell,1.72e-06,557.0,0.00095804
QLC/BTC,1566659697689,2019-08-24T15:14:57.689Z,sell,1.72e-06,35766.0,0.06151752
QLC/BTC,1566659697786,2019-08-24T15:14:57.786Z,buy,1.72e-06,3408.0,0.00586176
QLC/BTC,1566659725723,2019-08-24T15:15:25.723Z,sell,1.71e-06,169.0,0.00028899
QLC/BTC,1566659757035,2019-08-24T15:15:57.035Z,sell,1.71e-06,18753.0,0.03206763
QLC/BTC,1566659758980,2019-08-24T15:15:58.980Z,buy,1.71e-06,168.0,0.00028728
QLC/BTC,1566659760190,2019-08-24T15:16:00.190Z,buy,1.71e-06,993.0,0.00169803
QLC/BTC,1566659760225,2019-08-24T15:16:00.225Z,buy,1.71e-06,176.0,0.0003009599999999
QLC/BTC,1566659776818,2019-08-24T15:16:16.818Z,sell,1.7e-06,6897.0,0.0117249
QLC/BTC,1566659779735,2019-08-24T15:16:19.735Z,buy,1.7e-06,1128.0,0.0019176
QLC/BTC,1566659780076,2019-08-24T15:16:20.076Z,buy,1.7e-06,60.0,0.000102
QLC/BTC,1566659780077,2019-08-24T15:16:20.077Z,buy,1.7e-06,139.0,0.0002363
QLC/BTC,1566659787972,2019-08-24T15:16:27.972Z,buy,1.71e-06,631.0,0.00107901
QLC/BTC,1566659798850,2019-08-24T15:16:38.850Z,sell,1.7e-06,60.0,0.000102
QLC/BTC,1566659798850,2019-08-24T15:16:38.850Z,sell,1.69e-06,3955.0,0.0066839499999999
QLC/BTC,1566659798850,2019-08-24T15:16:38.850Z,sell,1.69e-06,1306.0,0.00220714
QLC/BTC,1566659798870,2019-08-24T15:16:38.870Z,sell,1.68e-06,183.0,0.00030744
QLC/BTC,1566659798914,2019-08-24T15:16:38.914Z,sell,1.68e-06,509.0,0.00085512
QLC/BTC,1566659799196,2019-08-24T15:16:39.196Z,buy,1.69e-06,450.0,0.0007605
QLC/BTC,1566659799239,2019-08-24T15:16:39.239Z,buy,1.69e-06,178.0,0.00030082
QLC/BTC,1566659799619,2019-08-24T15:16:39.619Z,sell,1.68e-06,1226.0,0.00205968
QLC/BTC,1566659802595,2019-08-24T15:16:42.595Z,buy,1.69e-06,419.0,0.00070811
QLC/BTC,1566659804316,2019-08-24T15:16:44.316Z,buy,1.69e-06,253.0,0.00042757
QLC/BTC,1566659804748,2019-08-24T15:16:44.748Z,buy,1.69e-06,141.0,0.00023829
QLC/BTC,1566659817909,2019-08-24T15:16:57.909Z,sell,1.68e-06,15875.0,0.02667
QLC/BTC,1566659828075,2019-08-24T15:17:08.075Z,buy,1.69e-06,60.0,0.0001014
QLC/BTC,1566659835918,2019-08-24T15:17:15.918Z,buy,1.69e-06,3705.0,0.00626145
QLC/BTC,1566659835920,2019-08-24T15:17:15.920Z,buy,1.69e-06,3705.0,0.00626145
QLC/BTC,1566659835928,2019-08-24T15:17:15.928Z,buy,1.69e-06,4499.0,0.0076033099999999
QLC/BTC,1566659835932,2019-08-24T15:17:15.932Z,buy,1.69e-06,3705.0,0.00626145
QLC/BTC,1566659835937,2019-08-24T15:17:15.937Z,buy,1.69e-06,3705.0,0.00626145
QLC/BTC,1566659837311,2019-08-24T15:17:17.311Z,buy,1.69e-06,1588.0,0.0026837199999999
QLC/BTC,1566659837486,2019-08-24T15:17:17.486Z,buy,1.69e-06,3705.0,0.00626145
QLC/BTC,1566659865413,2019-08-24T15:17:45.413Z,sell,1.68e-06,142.0,0.00023856
QLC/BTC,1566659886242,2019-08-24T15:18:06.242Z,sell,1.68e-06,82.0,0.00013776
QLC/BTC,1566659927844,2019-08-24T15:18:47.844Z,sell,1.68e-06,21116.0,0.03547488
QLC/BTC,1566659927883,2019-08-24T15:18:47.883Z,buy,1.68e-06,218.0,0.00036624
QLC/BTC,1566659927887,2019-08-24T15:18:47.887Z,buy,1.68e-06,218.0,0.00036624
QLC/BTC,1566659941616,2019-08-24T15:19:01.616Z,buy,1.68e-06,2596.0,0.00436128
QLC/BTC,1566659964622,2019-08-24T15:19:24.622Z,buy,1.68e-06,95.0,0.0001596
QLC/BTC,1566660004240,2019-08-24T15:20:04.240Z,sell,1.67e-06,15408.0,0.02573136
QLC/BTC,1566660004240,2019-08-24T15:20:04.240Z,sell,1.67e-06,2206.0,0.00368402
QLC/BTC,1566660004240,2019-08-24T15:20:04.240Z,sell,1.67e-06,1987.0,0.00331829
QLC/BTC,1566660004240,2019-08-24T15:20:04.240Z,sell,1.67e-06,1866.0,0.00311622
QLC/BTC,1566660004240,2019-08-24T15:20:04.240Z,sell,1.66e-06,117.0,0.00019422
QLC/BTC,1566660015431,2019-08-24T15:20:15.431Z,sell,1.66e-06,11906.0,0.01976396
QLC/BTC,1566660022210,2019-08-24T15:20:22.210Z,sell,1.66e-06,3708.0,0.00615528
QLC/BTC,1566660022210,2019-08-24T15:20:22.210Z,sell,1.65e-06,32012.0,0.0528198
QLC/BTC,1566660022210,2019-08-24T15:20:22.210Z,sell,1.65e-06,27174.0,0.0448371
QLC/BTC,1566660022210,2019-08-24T15:20:22.210Z,sell,1.65e-06,1566.0,0.0025839
QLC/BTC,1566660023901,2019-08-24T15:20:23.901Z,buy,1.66e-06,63.0,0.00010458
QLC/BTC,1566660024606,2019-08-24T15:20:24.606Z,buy,1.66e-06,1807.0,0.00299962
QLC/BTC,1566660026041,2019-08-24T15:20:26.041Z,sell,1.66e-06,602.0,0.00099932
QLC/BTC,1566660040808,2019-08-24T15:20:40.808Z,buy,1.66e-06,15849.0,0.02630934
QLC/BTC,1566660060132,2019-08-24T15:21:00.132Z,buy,1.66e-06,2975.0,0.0049385
QLC/BTC,1566660060855,2019-08-24T15:21:00.855Z,buy,1.66e-06,1188.0,0.00197208
QLC/BTC,1566660091500,2019-08-24T15:21:31.500Z,buy,1.66e-06,311.0,0.00051626
QLC/BTC,1566660091684,2019-08-24T15:21:31.684Z,buy,1.66e-06,281.0,0.00046646
QLC/BTC,1566660109238,2019-08-24T15:21:49.238Z,sell,1.65e-06,2577.0,0.00425205
QLC/BTC,1566660130881,2019-08-24T15:22:10.881Z,sell,1.65e-06,42736.0,0.0705144
QLC/BTC,1566660156723,2019-08-24T15:22:36.723Z,sell,1.65e-06,36144.0,0.0596376
QLC/BTC,1566660243114,2019-08-24T15:24:03.114Z,sell,1.64e-06,19572.0,0.03209808
QLC/BTC,1566660254930,2019-08-24T15:24:14.930Z,buy,1.65e-06,2149.0,0.00354585
QLC/BTC,1566660267495,2019-08-24T15:24:27.495Z,buy,1.65e-06,24474.0,0.0403821
QLC/BTC,1566660286493,2019-08-24T15:24:46.493Z,buy,1.66e-06,216.0,0.00035856
QLC/BTC,1566660286541,2019-08-24T15:24:46.541Z,buy,1.66e-06,181.0,0.00030046
QLC/BTC,1566660297050,2019-08-24T15:24:57.050Z,sell,1.65e-06,300.0,0.000495
QLC/BTC,1566660320594,2019-08-24T15:25:20.594Z,buy,1.66e-06,500.0,0.00083
QLC/BTC,1566660346149,2019-08-24T15:25:46.149Z,buy,1.66e-06,6899.0,0.01145234
QLC/BTC,1566660346290,2019-08-24T15:25:46.290Z,sell,1.66e-06,218.0,0.0003618799999999
QLC/BTC,1566660385000,2019-08-24T15:26:25.000Z,sell,1.66e-06,2409.0,0.00399894
