symbol,timestamp,datetime,side,price,amount,btc_volume
QLC/BTC,1608912379696,2020-12-25T16:06:19.696Z,buy,6e-07,10000.0,0.006
QLC/BTC,1608912711142,2020-12-25T16:11:51.142Z,buy,6e-07,181.0,0.0001086
QLC/BTC,1608912904549,2020-12-25T16:15:04.549Z,buy,6e-07,6086.0,0.0036515999999999
QLC/BTC,1608913075548,2020-12-25T16:17:55.548Z,sell,5.9e-07,12160.0,0.0071743999999999
QLC/BTC,1608913075712,2020-12-25T16:17:55.712Z,sell,5.9e-07,268.0,0.0001581199999999
QLC/BTC,1608913541725,2020-12-25T16:25:41.725Z,buy,6e-07,188.0,0.0001127999999999
QLC/BTC,1608913740093,2020-12-25T16:29:00.093Z,buy,6e-07,10235.0,0.006141
QLC/BTC,1608915439146,2020-12-25T16:57:19.146Z,sell,5.9e-07,243.0,0.0001433699999999
QLC/BTC,1608915439146,2020-12-25T16:57:19.146Z,sell,5.9e-07,243.0,0.0001433699999999
QLC/BTC,1608915641389,2020-12-25T17:00:41.389Z,sell,5.9e-07,10741.0,0.0063371899999999
QLC/BTC,1608916235550,2020-12-25T17:10:35.550Z,sell,5.9e-07,204.0,0.0001203599999999
QLC/BTC,1608916439442,2020-12-25T17:13:59.442Z,sell,5.9e-07,10224.0,0.00603216
QLC/BTC,1608916539692,2020-12-25T17:15:39.692Z,sell,5.9e-07,2406.0,0.00141954
QLC/BTC,1608917135110,2020-12-25T17:25:35.110Z,sell,5.9e-07,2500.0,0.001475
QLC/BTC,1608917243798,2020-12-25T17:27:23.798Z,sell,5.9e-07,6885.0,0.00406215
QLC/BTC,1608917341243,2020-12-25T17:29:01.243Z,sell,5.9e-07,2945.0,0.0017375499999999
QLC/BTC,1608917418973,2020-12-25T17:30:18.973Z,sell,5.9e-07,11597.0,0.0068422299999999
QLC/BTC,1608918277096,2020-12-25T17:44:37.096Z,sell,5.8e-07,5293.0,0.0030699399999999
QLC/BTC,1608918967358,2020-12-25T17:56:07.358Z,sell,5.8e-07,207663.0,0.1204445399999999
QLC/BTC,1608918967358,2020-12-25T17:56:07.358Z,sell,5.8e-07,207663.0,0.1204445399999999
QLC/BTC,1608919048451,2020-12-25T17:57:28.451Z,sell,5.8e-07,3000.0,0.0017399999999999
QLC/BTC,1608919509586,2020-12-25T18:05:09.586Z,buy,5.9e-07,6295.0,0.0037140499999999
QLC/BTC,1608919842987,2020-12-25T18:10:42.987Z,buy,5.9e-07,202.0,0.00011918
QLC/BTC,1608919842987,2020-12-25T18:10:42.987Z,buy,5.9e-07,202.0,0.00011918
QLC/BTC,1608922906531,2020-12-25T19:01:46.531Z,sell,5.8e-07,10332.0,0.0059925599999999
QLC/BTC,1608922952959,2020-12-25T19:02:32.959Z,buy,5.9e-07,2592.0,0.0015292799999999
QLC/BTC,1608922952959,2020-12-25T19:02:32.959Z,buy,5.9e-07,2592.0,0.0015292799999999
QLC/BTC,1608924522051,2020-12-25T19:28:42.051Z,buy,5.9e-07,9090.0,0.0053631
QLC/BTC,1608924687147,2020-12-25T19:31:27.147Z,sell,5.8e-07,95005.0,0.0551028999999999
QLC/BTC,1608924689770,2020-12-25T19:31:29.770Z,buy,5.8e-07,996.0,0.0005776799999999
QLC/BTC,1608924691536,2020-12-25T19:31:31.536Z,buy,5.8e-07,338.0,0.0001960399999999
QLC/BTC,1608924970245,2020-12-25T19:36:10.245Z,buy,5.8e-07,50007.0,0.0290040599999999
QLC/BTC,1608925063585,2020-12-25T19:37:43.585Z,sell,5.8e-07,8417.0,0.00488186
QLC/BTC,1608925102988,2020-12-25T19:38:22.988Z,sell,5.8e-07,1500.0,0.0008699999999999
QLC/BTC,1608925684297,2020-12-25T19:48:04.297Z,sell,5.8e-07,19787.0,0.0114764599999999
QLC/BTC,1608925710379,2020-12-25T19:48:30.379Z,buy,5.8e-07,1141.0,0.0006617799999999
QLC/BTC,1608925710379,2020-12-25T19:48:30.379Z,buy,5.8e-07,1141.0,0.0006617799999999
QLC/BTC,1608926588885,2020-12-25T20:03:08.885Z,sell,5.7e-07,1000.0,0.00057
QLC/BTC,1608926588885,2020-12-25T20:03:08.885Z,sell,5.7e-07,20111.0,0.01146327
QLC/BTC,1608926713543,2020-12-25T20:05:13.543Z,buy,5.8e-07,8684.0,0.00503672
QLC/BTC,1608926751400,2020-12-25T20:05:51.400Z,buy,5.8e-07,1724.0,0.0009999199999999
QLC/BTC,1608927041939,2020-12-25T20:10:41.939Z,buy,5.8e-07,268.0,0.00015544
QLC/BTC,1608927301460,2020-12-25T20:15:01.460Z,sell,5.7e-07,14495.0,0.00826215
QLC/BTC,1608927306308,2020-12-25T20:15:06.308Z,sell,5.7e-07,39802.0,0.02268714
QLC/BTC,1608928213618,2020-12-25T20:30:13.618Z,buy,5.8e-07,1500.0,0.0008699999999999
QLC/BTC,1608928264432,2020-12-25T20:31:04.432Z,buy,5.8e-07,250.0,0.000145
QLC/BTC,1608928295818,2020-12-25T20:31:35.818Z,buy,5.8e-07,200.0,0.0001159999999999
QLC/BTC,1608928610597,2020-12-25T20:36:50.597Z,buy,5.8e-07,175.0,0.0001014999999999
QLC/BTC,1608928630817,2020-12-25T20:37:10.817Z,sell,5.7e-07,274.0,0.00015618
QLC/BTC,1608929134550,2020-12-25T20:45:34.550Z,buy,5.8e-07,175.0,0.0001014999999999
QLC/BTC,1608929226002,2020-12-25T20:47:06.002Z,buy,5.8e-07,175.0,0.0001014999999999
QLC/BTC,1608929226002,2020-12-25T20:47:06.002Z,buy,5.8e-07,175.0,0.0001014999999999
QLC/BTC,1608929339991,2020-12-25T20:48:59.991Z,buy,5.8e-07,200.0,0.0001159999999999
QLC/BTC,1608930224803,2020-12-25T21:03:44.803Z,buy,5.8e-07,197.0,0.00011426
QLC/BTC,1608930685282,2020-12-25T21:11:25.282Z,buy,5.8e-07,32442.0,0.0188163599999999
QLC/BTC,1608930997910,2020-12-25T21:16:37.910Z,buy,5.8e-07,9852.0,0.0057141599999999
QLC/BTC,1608930998000,2020-12-25T21:16:38.000Z,buy,5.8e-07,9852.0,0.0057141599999999
QLC/BTC,1608930999524,2020-12-25T21:16:39.524Z,buy,5.8e-07,9851.0,0.0057135799999999
QLC/BTC,1608931284160,2020-12-25T21:21:24.160Z,buy,5.8e-07,16104.0,0.00934032
QLC/BTC,1608931530658,2020-12-25T21:25:30.658Z,sell,5.7e-07,277.0,0.00015789
QLC/BTC,1608932239805,2020-12-25T21:37:19.805Z,buy,5.8e-07,35411.0,0.02053838
QLC/BTC,1608932605214,2020-12-25T21:43:25.214Z,sell,5.7e-07,50043.0,0.02852451
QLC/BTC,1608932605214,2020-12-25T21:43:25.214Z,sell,5.7e-07,50043.0,0.02852451
QLC/BTC,1608932877567,2020-12-25T21:47:57.567Z,sell,5.7e-07,2134.0,0.00121638
QLC/BTC,1608933039867,2020-12-25T21:50:39.867Z,buy,5.8e-07,297.0,0.0001722599999999
QLC/BTC,1608933264138,2020-12-25T21:54:24.138Z,buy,5.8e-07,173.0,0.0001003399999999
QLC/BTC,1608933692216,2020-12-25T22:01:32.216Z,buy,5.8e-07,1589.0,0.00092162
QLC/BTC,1608934279335,2020-12-25T22:11:19.335Z,sell,5.7e-07,59332.0,0.03381924
QLC/BTC,1608935060990,2020-12-25T22:24:20.990Z,buy,5.8e-07,470.0,0.0002725999999999
QLC/BTC,1608935178736,2020-12-25T22:26:18.736Z,sell,5.7e-07,470.0,0.0002679
QLC/BTC,1608935178736,2020-12-25T22:26:18.736Z,sell,5.7e-07,470.0,0.0002679
QLC/BTC,1608936944817,2020-12-25T22:55:44.817Z,buy,5.8e-07,12722.0,0.0073787599999999
QLC/BTC,1608937624613,2020-12-25T23:07:04.613Z,buy,5.8e-07,7531.0,0.00436798
QLC/BTC,1608938098650,2020-12-25T23:14:58.650Z,sell,5.7e-07,9090.0,0.0051813
QLC/BTC,1608938319325,2020-12-25T23:18:39.325Z,sell,5.7e-07,51303.0,0.02924271
QLC/BTC,1608938319325,2020-12-25T23:18:39.325Z,sell,5.7e-07,51303.0,0.02924271
QLC/BTC,1608941461266,2020-12-26T00:11:01.266Z,sell,5.7e-07,3955.0,0.00225435
QLC/BTC,1608941461266,2020-12-26T00:11:01.266Z,sell,5.7e-07,3955.0,0.00225435
QLC/BTC,1608941924341,2020-12-26T00:18:44.341Z,buy,5.8e-07,851.0,0.00049358
QLC/BTC,1608941945496,2020-12-26T00:19:05.496Z,sell,5.8e-07,5007.0,0.00290406
QLC/BTC,1608942011847,2020-12-26T00:20:11.847Z,sell,5.8e-07,3245.0,0.0018820999999999
QLC/BTC,1608942085646,2020-12-26T00:21:25.646Z,buy,5.8e-07,2658.0,0.00154164
QLC/BTC,1608942691870,2020-12-26T00:31:31.870Z,sell,5.7e-07,3174.0,0.00180918
QLC/BTC,1608945041454,2020-12-26T01:10:41.454Z,buy,5.8e-07,2013.0,0.00116754
QLC/BTC,1608945041454,2020-12-26T01:10:41.454Z,buy,5.8e-07,2013.0,0.00116754
QLC/BTC,1608945259340,2020-12-26T01:14:19.340Z,buy,5.8e-07,5.0,2.9e-06
QLC/BTC,1608946905128,2020-12-26T01:41:45.128Z,buy,5.9e-07,265.0,0.0001563499999999
QLC/BTC,1608946962198,2020-12-26T01:42:42.198Z,buy,5.9e-07,1695.0,0.00100005
QLC/BTC,1608947314365,2020-12-26T01:48:34.365Z,buy,5.9e-07,3583.0,0.0021139699999999
QLC/BTC,1608947391874,2020-12-26T01:49:51.874Z,sell,5.8e-07,11643.0,0.00675294
QLC/BTC,1608947391881,2020-12-26T01:49:51.881Z,sell,5.7e-07,5735.0,0.00326895
QLC/BTC,1608947391912,2020-12-26T01:49:51.912Z,sell,5.7e-07,11244.0,0.00640908
QLC/BTC,1608947449597,2020-12-26T01:50:49.597Z,sell,5.7e-07,1772.0,0.00101004
QLC/BTC,1608947492127,2020-12-26T01:51:32.127Z,sell,5.7e-07,50000.0,0.0285
QLC/BTC,1608948022789,2020-12-26T02:00:22.789Z,sell,5.7e-07,120611.0,0.06874827
QLC/BTC,1608948089721,2020-12-26T02:01:29.721Z,sell,5.7e-07,5068.0,0.00288876
QLC/BTC,1608948089721,2020-12-26T02:01:29.721Z,sell,5.7e-07,5068.0,0.00288876
QLC/BTC,1608949549104,2020-12-26T02:25:49.104Z,sell,5.7e-07,499.0,0.00028443
QLC/BTC,1608950337333,2020-12-26T02:38:57.333Z,buy,5.8e-07,3242.0,0.0018803599999999
QLC/BTC,1608950521193,2020-12-26T02:42:01.193Z,sell,5.7e-07,2000.0,0.00114
QLC/BTC,1608950538931,2020-12-26T02:42:18.931Z,sell,5.7e-07,2010.0,0.0011457
QLC/BTC,1608950538931,2020-12-26T02:42:18.931Z,sell,5.7e-07,2010.0,0.0011457
QLC/BTC,1608951874978,2020-12-26T03:04:34.978Z,buy,5.8e-07,203.0,0.00011774
QLC/BTC,1608952100152,2020-12-26T03:08:20.152Z,sell,5.7e-07,1285.0,0.00073245
QLC/BTC,1608952203029,2020-12-26T03:10:03.029Z,sell,5.7e-07,463.0,0.00026391
QLC/BTC,1608953028531,2020-12-26T03:23:48.531Z,sell,5.7e-07,10487.0,0.00597759
QLC/BTC,1608953225656,2020-12-26T03:27:05.656Z,sell,5.7e-07,18403.0,0.01048971
QLC/BTC,1608953456407,2020-12-26T03:30:56.407Z,sell,5.7e-07,11161.0,0.00636177
QLC/BTC,1608953535393,2020-12-26T03:32:15.393Z,sell,5.7e-07,289.0,0.00016473
QLC/BTC,1608953582893,2020-12-26T03:33:02.893Z,sell,5.7e-07,62923.0,0.03586611
QLC/BTC,1608953584401,2020-12-26T03:33:04.401Z,buy,5.7e-07,529.0,0.00030153
QLC/BTC,1608953591240,2020-12-26T03:33:11.240Z,buy,5.7e-07,342.0,0.00019494
QLC/BTC,1608953629100,2020-12-26T03:33:49.100Z,sell,5.6e-07,77643.0,0.04348008
QLC/BTC,1608953629100,2020-12-26T03:33:49.100Z,sell,5.5e-07,11413.0,0.00627715
QLC/BTC,1608953629100,2020-12-26T03:33:49.100Z,sell,5.5e-07,16401.0,0.00902055
QLC/BTC,1608953629100,2020-12-26T03:33:49.100Z,sell,5.5e-07,76119.0,0.04186545
QLC/BTC,1608953629111,2020-12-26T03:33:49.111Z,buy,5.6e-07,21963.0,0.01229928
QLC/BTC,1608953629114,2020-12-26T03:33:49.114Z,buy,5.6e-07,1789.0,0.00100184
QLC/BTC,1608953629158,2020-12-26T03:33:49.158Z,buy,5.6e-07,3267.0,0.00182952
QLC/BTC,1608953629753,2020-12-26T03:33:49.753Z,buy,5.6e-07,578.0,0.00032368
QLC/BTC,1608953632157,2020-12-26T03:33:52.157Z,buy,5.6e-07,1075.0,0.000602
QLC/BTC,1608953637518,2020-12-26T03:33:57.518Z,buy,5.6e-07,179.0,0.00010024
QLC/BTC,1608953651400,2020-12-26T03:34:11.400Z,buy,5.6e-07,4000.0,0.00224
QLC/BTC,1608953652708,2020-12-26T03:34:12.708Z,buy,5.6e-07,9184.0,0.00514304
QLC/BTC,1608953652880,2020-12-26T03:34:12.880Z,buy,5.6e-07,4663.0,0.00261128
QLC/BTC,1608953671203,2020-12-26T03:34:31.203Z,buy,5.6e-07,8979.0,0.00502824
QLC/BTC,1608953678116,2020-12-26T03:34:38.116Z,buy,5.6e-07,4489.0,0.00251384
QLC/BTC,1608953691329,2020-12-26T03:34:51.329Z,buy,5.6e-07,11460.0,0.0064176
QLC/BTC,1608953768115,2020-12-26T03:36:08.115Z,buy,5.6e-07,179.0,0.00010024
QLC/BTC,1608953824079,2020-12-26T03:37:04.079Z,buy,5.6e-07,912.0,0.00051072
QLC/BTC,1608953842597,2020-12-26T03:37:22.597Z,buy,5.6e-07,9448.0,0.00529088
QLC/BTC,1608954047274,2020-12-26T03:40:47.274Z,buy,5.6e-07,152774.0,0.08555344
QLC/BTC,1608954047274,2020-12-26T03:40:47.274Z,buy,5.6e-07,152774.0,0.08555344
QLC/BTC,1608954631598,2020-12-26T03:50:31.598Z,buy,5.6e-07,170.0,9.52e-05
QLC/BTC,1608954654823,2020-12-26T03:50:54.823Z,sell,5.5e-07,168209.0,0.09251495
QLC/BTC,1608954656835,2020-12-26T03:50:56.835Z,sell,5.5e-07,20666.0,0.0113663
QLC/BTC,1608954720782,2020-12-26T03:52:00.782Z,sell,5.5e-07,6573.0,0.00361515
QLC/BTC,1608955272683,2020-12-26T04:01:12.683Z,sell,5.5e-07,207.0,0.00011385
QLC/BTC,1608955352727,2020-12-26T04:02:32.727Z,sell,5.5e-07,3404.0,0.0018722
QLC/BTC,1608955374513,2020-12-26T04:02:54.513Z,buy,5.6e-07,3668.0,0.00205408
QLC/BTC,1608955421118,2020-12-26T04:03:41.118Z,buy,5.6e-07,1786.0,0.00100016
QLC/BTC,1608955607325,2020-12-26T04:06:47.325Z,buy,5.6e-07,21542.0,0.01206352
QLC/BTC,1608955799238,2020-12-26T04:09:59.238Z,sell,5.5e-07,7094.0,0.0039017
QLC/BTC,1608956061395,2020-12-26T04:14:21.395Z,buy,5.6e-07,24368.0,0.01364608
QLC/BTC,1608956224024,2020-12-26T04:17:04.024Z,buy,5.6e-07,15073.0,0.00844088
QLC/BTC,1608956533555,2020-12-26T04:22:13.555Z,buy,5.6e-07,24806.0,0.01389136
QLC/BTC,1608956920057,2020-12-26T04:28:40.057Z,buy,5.6e-07,200.0,0.000112
QLC/BTC,1608957336643,2020-12-26T04:35:36.643Z,buy,5.6e-07,8394.0,0.00470064
QLC/BTC,1608957390493,2020-12-26T04:36:30.493Z,buy,5.6e-07,4041.0,0.00226296
QLC/BTC,1608957390493,2020-12-26T04:36:30.493Z,buy,5.6e-07,4041.0,0.00226296
QLC/BTC,1608957727152,2020-12-26T04:42:07.152Z,sell,5.5e-07,775.0,0.00042625
QLC/BTC,1608957783138,2020-12-26T04:43:03.138Z,buy,5.6e-07,958.0,0.00053648
QLC/BTC,1608957944235,2020-12-26T04:45:44.235Z,buy,5.6e-07,6299.0,0.00352744
QLC/BTC,1608958275452,2020-12-26T04:51:15.452Z,buy,5.6e-07,1185.0,0.0006636
QLC/BTC,1608959178211,2020-12-26T05:06:18.211Z,buy,5.6e-07,5643.0,0.00316008
QLC/BTC,1608959235184,2020-12-26T05:07:15.184Z,sell,5.5e-07,5316.0,0.0029238
QLC/BTC,1608959561082,2020-12-26T05:12:41.082Z,sell,5.5e-07,9345.0,0.00513975
QLC/BTC,1608959838002,2020-12-26T05:17:18.002Z,buy,5.6e-07,2120.0,0.0011872
QLC/BTC,1608959888019,2020-12-26T05:18:08.019Z,sell,5.6e-07,182.0,0.00010192
QLC/BTC,1608960769158,2020-12-26T05:32:49.158Z,sell,5.6e-07,2300.0,0.001288
QLC/BTC,1608960825062,2020-12-26T05:33:45.062Z,sell,5.6e-07,5455.0,0.0030548
QLC/BTC,1608960825062,2020-12-26T05:33:45.062Z,sell,5.6e-07,5455.0,0.0030548
QLC/BTC,1608961012804,2020-12-26T05:36:52.804Z,sell,5.6e-07,1952.0,0.00109312
QLC/BTC,1608961779115,2020-12-26T05:49:39.115Z,sell,5.6e-07,1821.0,0.00101976
QLC/BTC,1608962136115,2020-12-26T05:55:36.115Z,sell,5.6e-07,213.0,0.00011928
QLC/BTC,1608963918971,2020-12-26T06:25:18.971Z,buy,5.7e-07,176.0,0.00010032
QLC/BTC,1608963966110,2020-12-26T06:26:06.110Z,buy,5.7e-07,1754.0,0.00099978
QLC/BTC,1608963966110,2020-12-26T06:26:06.110Z,buy,5.7e-07,1754.0,0.00099978
QLC/BTC,1608964542727,2020-12-26T06:35:42.727Z,buy,5.7e-07,17732.0,0.01010724
QLC/BTC,1608965988501,2020-12-26T06:59:48.501Z,sell,5.6e-07,42185.0,0.0236236
QLC/BTC,1608966076715,2020-12-26T07:01:16.715Z,sell,5.6e-07,5221.0,0.00292376
QLC/BTC,1608966666691,2020-12-26T07:11:06.691Z,sell,5.6e-07,12496.0,0.00699776
QLC/BTC,1608966906835,2020-12-26T07:15:06.835Z,sell,5.6e-07,8551.0,0.00478856
QLC/BTC,1608967208974,2020-12-26T07:20:08.974Z,sell,5.6e-07,2115.0,0.0011844
QLC/BTC,1608967208974,2020-12-26T07:20:08.974Z,sell,5.6e-07,2115.0,0.0011844
QLC/BTC,1608969390375,2020-12-26T07:56:30.375Z,buy,5.7e-07,13881.0,0.00791217
QLC/BTC,1608969712421,2020-12-26T08:01:52.421Z,buy,5.7e-07,233.0,0.00013281
QLC/BTC,1608970056629,2020-12-26T08:07:36.629Z,buy,5.7e-07,2632.0,0.00150024
QLC/BTC,1608970404535,2020-12-26T08:13:24.535Z,buy,5.7e-07,6610.0,0.0037677
QLC/BTC,1608970404535,2020-12-26T08:13:24.535Z,buy,5.7e-07,6610.0,0.0037677
QLC/BTC,1608971440307,2020-12-26T08:30:40.307Z,buy,5.7e-07,7000.0,0.00399
QLC/BTC,1608972936828,2020-12-26T08:55:36.828Z,sell,5.6e-07,1500.0,0.00084
QLC/BTC,1608973065866,2020-12-26T08:57:45.866Z,sell,5.6e-07,6334.0,0.00354704
QLC/BTC,1608973158213,2020-12-26T08:59:18.213Z,sell,5.6e-07,9762.0,0.00546672
QLC/BTC,1608973224286,2020-12-26T09:00:24.286Z,sell,5.6e-07,5221.0,0.00292376
QLC/BTC,1608973237710,2020-12-26T09:00:37.710Z,sell,5.6e-07,1680.0,0.0009408
QLC/BTC,1608973335679,2020-12-26T09:02:15.679Z,buy,5.7e-07,25884.0,0.01475388
QLC/BTC,1608973387991,2020-12-26T09:03:07.991Z,sell,5.7e-07,179.0,0.00010203
QLC/BTC,1608973460534,2020-12-26T09:04:20.534Z,sell,5.7e-07,94064.0,0.05361648
QLC/BTC,1608973492744,2020-12-26T09:04:52.744Z,sell,5.7e-07,1226.0,0.00069882
QLC/BTC,1608973605057,2020-12-26T09:06:45.057Z,sell,5.7e-07,70977.0,0.04045689
QLC/BTC,1608973605057,2020-12-26T09:06:45.057Z,sell,5.6e-07,40958.0,0.02293648
QLC/BTC,1608973605057,2020-12-26T09:06:45.057Z,sell,5.7e-07,70977.0,0.04045689
QLC/BTC,1608973605057,2020-12-26T09:06:45.057Z,sell,5.6e-07,40958.0,0.02293648
QLC/BTC,1608975156249,2020-12-26T09:32:36.249Z,sell,5.6e-07,15073.0,0.00844088
QLC/BTC,1608975250999,2020-12-26T09:34:10.999Z,buy,5.7e-07,4475.0,0.00255075
QLC/BTC,1608975587477,2020-12-26T09:39:47.477Z,sell,5.6e-07,840.0,0.0004704
QLC/BTC,1608976146549,2020-12-26T09:49:06.549Z,buy,5.7e-07,2807.0,0.00159999
QLC/BTC,1608976329802,2020-12-26T09:52:09.802Z,sell,5.6e-07,214.0,0.00011984
QLC/BTC,1608976762576,2020-12-26T09:59:22.576Z,sell,5.6e-07,6993.0,0.00391608
QLC/BTC,1608976762576,2020-12-26T09:59:22.576Z,sell,5.6e-07,6993.0,0.00391608
QLC/BTC,1608977600989,2020-12-26T10:13:20.989Z,buy,5.7e-07,9947.0,0.00566979
QLC/BTC,1608978188137,2020-12-26T10:23:08.137Z,buy,5.7e-07,180.0,0.0001026
QLC/BTC,1608978223746,2020-12-26T10:23:43.746Z,sell,5.6e-07,270.0,0.0001512
QLC/BTC,1608978665847,2020-12-26T10:31:05.847Z,sell,5.6e-07,6293.0,0.00352408
QLC/BTC,1608979410715,2020-12-26T10:43:30.715Z,sell,5.6e-07,43176.0,0.02417856
QLC/BTC,1608979464261,2020-12-26T10:44:24.261Z,sell,5.6e-07,5221.0,0.00292376
QLC/BTC,1608979532888,2020-12-26T10:45:32.888Z,sell,5.6e-07,51998.0,0.02911888
QLC/BTC,1608979532888,2020-12-26T10:45:32.888Z,sell,5.6e-07,51998.0,0.02911888
QLC/BTC,1608981603279,2020-12-26T11:20:03.279Z,buy,5.7e-07,332.0,0.00018924
QLC/BTC,1608981935250,2020-12-26T11:25:35.250Z,sell,5.6e-07,249.0,0.00013944
QLC/BTC,1608982600534,2020-12-26T11:36:40.534Z,buy,5.7e-07,21030.0,0.0119871
QLC/BTC,1608982978624,2020-12-26T11:42:58.624Z,buy,5.7e-07,29970.0,0.0170829
QLC/BTC,1608982978624,2020-12-26T11:42:58.624Z,buy,5.7e-07,29970.0,0.0170829
QLC/BTC,1608984480504,2020-12-26T12:08:00.504Z,sell,5.6e-07,603.0,0.00033768
QLC/BTC,1608986047892,2020-12-26T12:34:07.892Z,buy,5.7e-07,1001.0,0.00057057
QLC/BTC,1608986403513,2020-12-26T12:40:03.513Z,buy,5.7e-07,5885.0,0.00335445
QLC/BTC,1608986403513,2020-12-26T12:40:03.513Z,buy,5.7e-07,5885.0,0.00335445
QLC/BTC,1608987382006,2020-12-26T12:56:22.006Z,sell,5.6e-07,1892.0,0.00105952
QLC/BTC,1608987751255,2020-12-26T13:02:31.255Z,sell,5.6e-07,749.0,0.00041944
QLC/BTC,1608988019364,2020-12-26T13:06:59.364Z,buy,5.7e-07,42158.0,0.02403006
QLC/BTC,1608988019364,2020-12-26T13:06:59.364Z,buy,5.8e-07,107206.0,0.0621794799999999
QLC/BTC,1608988022883,2020-12-26T13:07:02.883Z,buy,5.7e-07,2632.0,0.00150024
QLC/BTC,1608988022902,2020-12-26T13:07:02.902Z,buy,5.7e-07,479.0,0.00027303
QLC/BTC,1608988023671,2020-12-26T13:07:03.671Z,buy,5.7e-07,176.0,0.00010032
QLC/BTC,1608988836864,2020-12-26T13:20:36.864Z,sell,5.6e-07,332.0,0.00018592
QLC/BTC,1608989061450,2020-12-26T13:24:21.450Z,sell,5.6e-07,9172.0,0.00513632
QLC/BTC,1608989317912,2020-12-26T13:28:37.912Z,sell,5.6e-07,5460.0,0.0030576
QLC/BTC,1608989317912,2020-12-26T13:28:37.912Z,sell,5.6e-07,5460.0,0.0030576
QLC/BTC,1608990107282,2020-12-26T13:41:47.282Z,buy,5.7e-07,10934.0,0.00623238
QLC/BTC,1608990107290,2020-12-26T13:41:47.290Z,sell,5.7e-07,9977.0,0.00568689
QLC/BTC,1608990107290,2020-12-26T13:41:47.290Z,sell,5.7e-07,9977.0,0.00568689
QLC/BTC,1608990107294,2020-12-26T13:41:47.294Z,sell,5.7e-07,19955.0,0.01137435
QLC/BTC,1608991138734,2020-12-26T13:58:58.734Z,buy,5.8e-07,2396.0,0.00138968
QLC/BTC,1608991141131,2020-12-26T13:59:01.131Z,buy,5.8e-07,176.0,0.00010208
QLC/BTC,1608991576072,2020-12-26T14:06:16.072Z,sell,5.7e-07,203.0,0.00011571
QLC/BTC,1608991701573,2020-12-26T14:08:21.573Z,sell,5.7e-07,152622.0,0.08699454
QLC/BTC,1608991879566,2020-12-26T14:11:19.566Z,sell,5.7e-07,3791.0,0.00216087
QLC/BTC,1608991880088,2020-12-26T14:11:20.088Z,sell,5.7e-07,18750.0,0.0106875
QLC/BTC,1608992256696,2020-12-26T14:17:36.696Z,sell,5.7e-07,93508.0,0.05329956
QLC/BTC,1608992533552,2020-12-26T14:22:13.552Z,sell,5.7e-07,602468.0,0.34340676
QLC/BTC,1608992576022,2020-12-26T14:22:56.022Z,sell,5.7e-07,6855.0,0.00390735
QLC/BTC,1608992736771,2020-12-26T14:25:36.771Z,sell,5.7e-07,262.0,0.00014934
QLC/BTC,1608992887239,2020-12-26T14:28:07.239Z,sell,5.7e-07,1474.0,0.00084018
QLC/BTC,1608992887239,2020-12-26T14:28:07.239Z,sell,5.7e-07,1474.0,0.00084018
QLC/BTC,1608993691059,2020-12-26T14:41:31.059Z,sell,5.7e-07,330.0,0.0001881
QLC/BTC,1608994577292,2020-12-26T14:56:17.292Z,sell,5.7e-07,100000.0,0.057
QLC/BTC,1608994589223,2020-12-26T14:56:29.223Z,sell,5.7e-07,5357.0,0.00305349
QLC/BTC,1608994630834,2020-12-26T14:57:10.834Z,sell,5.7e-07,4446.0,0.00253422
QLC/BTC,1608994654376,2020-12-26T14:57:34.376Z,buy,5.7e-07,1993.0,0.00113601
QLC/BTC,1608994745130,2020-12-26T14:59:05.130Z,sell,5.6e-07,23727.0,0.01328712
QLC/BTC,1608994831420,2020-12-26T15:00:31.420Z,sell,5.6e-07,3579.0,0.00200424
QLC/BTC,1608994952264,2020-12-26T15:02:32.264Z,buy,5.7e-07,185.0,0.00010545
QLC/BTC,1608995541286,2020-12-26T15:12:21.286Z,sell,5.6e-07,10000.0,0.0056
QLC/BTC,1608995559374,2020-12-26T15:12:39.374Z,sell,5.6e-07,6535.0,0.0036596
QLC/BTC,1608995582193,2020-12-26T15:13:02.193Z,sell,5.6e-07,12060.0,0.0067536
QLC/BTC,1608995633913,2020-12-26T15:13:53.913Z,sell,5.6e-07,10606.0,0.00593936
QLC/BTC,1608995690218,2020-12-26T15:14:50.218Z,sell,5.6e-07,2164.0,0.00121184
QLC/BTC,1608995693475,2020-12-26T15:14:53.475Z,buy,5.6e-07,8374.0,0.00468944
QLC/BTC,1608995694610,2020-12-26T15:14:54.610Z,buy,5.6e-07,2003.0,0.00112168
QLC/BTC,1608995882454,2020-12-26T15:18:02.454Z,buy,5.6e-07,3571.0,0.00199976
QLC/BTC,1608996025729,2020-12-26T15:20:25.729Z,buy,5.6e-07,414.0,0.00023184
QLC/BTC,1608996163136,2020-12-26T15:22:43.136Z,buy,5.6e-07,180.0,0.0001008
QLC/BTC,1608996167598,2020-12-26T15:22:47.598Z,sell,5.5e-07,356.0,0.0001958
QLC/BTC,1608996167598,2020-12-26T15:22:47.598Z,sell,5.5e-07,356.0,0.0001958
QLC/BTC,1608996725427,2020-12-26T15:32:05.427Z,sell,5.5e-07,58541.0,0.03219755
QLC/BTC,1608996865861,2020-12-26T15:34:25.861Z,sell,5.5e-07,1003.0,0.00055165
QLC/BTC,1608997245922,2020-12-26T15:40:45.922Z,buy,5.6e-07,315.0,0.0001764
QLC/BTC,1608997421276,2020-12-26T15:43:41.276Z,buy,5.6e-07,3911.0,0.00219016
QLC/BTC,1608997748530,2020-12-26T15:49:08.530Z,sell,5.5e-07,141776.0,0.0779768
QLC/BTC,1608997806160,2020-12-26T15:50:06.160Z,sell,5.5e-07,5249.0,0.00288695
QLC/BTC,1608997878947,2020-12-26T15:51:18.947Z,sell,5.5e-07,1500.0,0.000825
QLC/BTC,1608998624990,2020-12-26T16:03:44.990Z,sell,5.5e-07,18679.0,0.01027345
QLC/BTC,1608998625004,2020-12-26T16:03:45.004Z,buy,5.5e-07,10215.0,0.00561825
QLC/BTC,1608998625755,2020-12-26T16:03:45.755Z,buy,5.5e-07,4331.0,0.00238205
QLC/BTC,1608998625860,2020-12-26T16:03:45.860Z,buy,5.5e-07,4331.0,0.00238205
QLC/BTC,1608998625965,2020-12-26T16:03:45.965Z,buy,5.5e-07,4242.0,0.0023331
QLC/BTC,1608998626067,2020-12-26T16:03:46.067Z,buy,5.5e-07,4152.0,0.0022836
QLC/BTC,1608998626159,2020-12-26T16:03:46.159Z,buy,5.5e-07,4063.0,0.00223465
QLC/BTC,1608998626389,2020-12-26T16:03:46.389Z,buy,5.5e-07,3795.0,0.00208725
QLC/BTC,1608998627376,2020-12-26T16:03:47.376Z,buy,5.5e-07,1653.0,0.00090915
QLC/BTC,1608998629534,2020-12-26T16:03:49.534Z,sell,5.4e-07,222381.0,0.12008574
QLC/BTC,1608998629837,2020-12-26T16:03:49.837Z,buy,5.5e-07,2004.0,0.0011022
QLC/BTC,1608998636646,2020-12-26T16:03:56.646Z,sell,5.4e-07,13792.0,0.00744768
QLC/BTC,1608998636672,2020-12-26T16:03:56.672Z,buy,5.4e-07,1304.0,0.00070416
QLC/BTC,1608998636703,2020-12-26T16:03:56.703Z,buy,5.4e-07,1313.0,0.00070902
QLC/BTC,1608998637108,2020-12-26T16:03:57.108Z,buy,5.4e-07,4840.0,0.0026136
QLC/BTC,1608998638118,2020-12-26T16:03:58.118Z,sell,5.3e-07,5054.0,0.00267862
QLC/BTC,1608998638118,2020-12-26T16:03:58.118Z,sell,5.3e-07,38767.0,0.02054651
QLC/BTC,1608998638118,2020-12-26T16:03:58.118Z,sell,5.3e-07,8105.0,0.00429565
QLC/BTC,1608998638118,2020-12-26T16:03:58.118Z,sell,5.3e-07,13867.0,0.00734951
QLC/BTC,1608998638118,2020-12-26T16:03:58.118Z,sell,5.3e-07,149214.0,0.07908342
QLC/BTC,1608998638118,2020-12-26T16:03:58.118Z,sell,5.3e-07,3100.0,0.001643
QLC/BTC,1608998639714,2020-12-26T16:03:59.714Z,buy,5.4e-07,1090.0,0.0005886
QLC/BTC,1608998639908,2020-12-26T16:03:59.908Z,buy,5.4e-07,5912.0,0.00319248
QLC/BTC,1608998641641,2020-12-26T16:04:01.641Z,buy,5.4e-07,1085.0,0.0005859
QLC/BTC,1608998654140,2020-12-26T16:04:14.140Z,sell,5.3e-07,3704.0,0.00196312
QLC/BTC,1608998663025,2020-12-26T16:04:23.025Z,sell,5.3e-07,7022.0,0.00372166
QLC/BTC,1608998665137,2020-12-26T16:04:25.137Z,sell,5.3e-07,59999.0,0.03179947
QLC/BTC,1608998670607,2020-12-26T16:04:30.607Z,sell,5.3e-07,1500.0,0.000795
QLC/BTC,1608998684584,2020-12-26T16:04:44.584Z,sell,5.3e-07,32045.0,0.01698385
QLC/BTC,1608998684595,2020-12-26T16:04:44.595Z,buy,5.3e-07,33801.0,0.01791453
QLC/BTC,1608998684640,2020-12-26T16:04:44.640Z,buy,5.3e-07,10601.0,0.00561853
QLC/BTC,1608998686440,2020-12-26T16:04:46.440Z,buy,5.3e-07,583.0,0.00030899
QLC/BTC,1608998708018,2020-12-26T16:05:08.018Z,buy,5.3e-07,189.0,0.00010017
QLC/BTC,1608998720085,2020-12-26T16:05:20.085Z,buy,5.3e-07,9588.0,0.00508164
QLC/BTC,1608998745637,2020-12-26T16:05:45.637Z,buy,5.3e-07,7919.0,0.00419707
QLC/BTC,1608998749440,2020-12-26T16:05:49.440Z,buy,5.3e-07,97687.0,0.05177411
QLC/BTC,1608998881873,2020-12-26T16:08:01.873Z,sell,5.3e-07,1288.0,0.00068264
QLC/BTC,1608998908414,2020-12-26T16:08:28.414Z,sell,5.3e-07,1408.0,0.00074624
QLC/BTC,1608998964734,2020-12-26T16:09:24.734Z,sell,5.3e-07,190.0,0.0001007
QLC/BTC,1608998968713,2020-12-26T16:09:28.713Z,sell,5.3e-07,960.0,0.0005088
QLC/BTC,1608998979597,2020-12-26T16:09:39.597Z,buy,5.4e-07,186.0,0.00010044
QLC/BTC,1608999038009,2020-12-26T16:10:38.009Z,buy,5.4e-07,419.0,0.00022626
QLC/BTC,1608999059151,2020-12-26T16:10:59.151Z,buy,5.4e-07,886.0,0.00047844
QLC/BTC,1608999394317,2020-12-26T16:16:34.317Z,buy,5.4e-07,4402.0,0.00237708
QLC/BTC,1608999422796,2020-12-26T16:17:02.796Z,buy,5.4e-07,1000.0,0.00054
QLC/BTC,1608999595551,2020-12-26T16:19:55.551Z,buy,5.4e-07,1331.0,0.00071874
QLC/BTC,1608999707070,2020-12-26T16:21:47.070Z,buy,5.4e-07,48105.0,0.0259767
QLC/BTC,1608999722043,2020-12-26T16:22:02.043Z,buy,5.4e-07,13964.0,0.00754056
QLC/BTC,1608999722043,2020-12-26T16:22:02.043Z,buy,5.4e-07,13964.0,0.00754056
QLC/BTC,1608999832334,2020-12-26T16:23:52.334Z,sell,5.4e-07,27875.0,0.0150525
QLC/BTC,1608999838834,2020-12-26T16:23:58.834Z,sell,5.4e-07,1183.0,0.00063882
QLC/BTC,1608999882005,2020-12-26T16:24:42.005Z,sell,5.4e-07,187.0,0.00010098
QLC/BTC,1608999891332,2020-12-26T16:24:51.332Z,buy,5.5e-07,182.0,0.0001001
QLC/BTC,1608999980146,2020-12-26T16:26:20.146Z,buy,5.5e-07,52309.0,0.02876995
QLC/BTC,1609000036429,2020-12-26T16:27:16.429Z,buy,5.5e-07,21600.0,0.01188
QLC/BTC,1609000155990,2020-12-26T16:29:15.990Z,buy,5.5e-07,4944.0,0.0027192
QLC/BTC,1609000156016,2020-12-26T16:29:16.016Z,sell,5.5e-07,311.0,0.00017105
QLC/BTC,1609000156024,2020-12-26T16:29:16.024Z,sell,5.5e-07,1786.0,0.0009823
QLC/BTC,1609000166969,2020-12-26T16:29:26.969Z,sell,5.4e-07,10000.0,0.0054
QLC/BTC,1609000176506,2020-12-26T16:29:36.506Z,buy,5.5e-07,4903.0,0.00269665
QLC/BTC,1609000214446,2020-12-26T16:30:14.446Z,buy,5.5e-07,242.0,0.0001331
QLC/BTC,1609000219094,2020-12-26T16:30:19.094Z,buy,5.5e-07,5253.0,0.00288915
QLC/BTC,1609000398359,2020-12-26T16:33:18.359Z,buy,5.5e-07,10073.0,0.00554015
QLC/BTC,1609001411493,2020-12-26T16:50:11.493Z,buy,5.5e-07,28666.0,0.0157663
QLC/BTC,1609001411498,2020-12-26T16:50:11.498Z,sell,5.5e-07,24593.0,0.01352615
QLC/BTC,1609001411498,2020-12-26T16:50:11.498Z,sell,5.5e-07,24593.0,0.01352615
QLC/BTC,1609001411525,2020-12-26T16:50:11.525Z,sell,5.5e-07,10225.0,0.00562375
QLC/BTC,1609001411566,2020-12-26T16:50:11.566Z,sell,5.5e-07,10225.0,0.00562375
QLC/BTC,1609001411593,2020-12-26T16:50:11.593Z,sell,5.5e-07,10225.0,0.00562375
QLC/BTC,1609001411619,2020-12-26T16:50:11.619Z,sell,5.5e-07,10225.0,0.00562375
QLC/BTC,1609001411652,2020-12-26T16:50:11.652Z,sell,5.5e-07,10225.0,0.00562375
QLC/BTC,1609001417705,2020-12-26T16:50:17.705Z,buy,5.6e-07,279586.0,0.15656816
QLC/BTC,1609001417710,2020-12-26T16:50:17.710Z,sell,5.6e-07,55049.0,0.03082744
QLC/BTC,1609001417719,2020-12-26T16:50:17.719Z,sell,5.5e-07,24964.0,0.0137302
QLC/BTC,1609001455700,2020-12-26T16:50:55.700Z,buy,5.6e-07,13273.0,0.00743288
QLC/BTC,1609001456355,2020-12-26T16:50:56.355Z,buy,5.6e-07,4958.0,0.00277648
QLC/BTC,1609001465429,2020-12-26T16:51:05.429Z,buy,5.6e-07,1602.0,0.00089712
QLC/BTC,1609001712209,2020-12-26T16:55:12.209Z,buy,5.6e-07,246.0,0.00013776
QLC/BTC,1609001914812,2020-12-26T16:58:34.812Z,sell,5.5e-07,17621.0,0.00969155
QLC/BTC,1609001914834,2020-12-26T16:58:34.834Z,sell,5.5e-07,4684.0,0.0025762
QLC/BTC,1609002066519,2020-12-26T17:01:06.519Z,sell,5.5e-07,207.0,0.00011385
QLC/BTC,1609002093757,2020-12-26T17:01:33.757Z,sell,5.5e-07,33466.0,0.0184063
QLC/BTC,1609002357016,2020-12-26T17:05:57.016Z,buy,5.6e-07,3693.0,0.00206808
QLC/BTC,1609002635822,2020-12-26T17:10:35.822Z,sell,5.5e-07,224.0,0.0001232
QLC/BTC,1609003230316,2020-12-26T17:20:30.316Z,sell,5.5e-07,1022.0,0.0005621
QLC/BTC,1609003230316,2020-12-26T17:20:30.316Z,sell,5.5e-07,1022.0,0.0005621
QLC/BTC,1609003571078,2020-12-26T17:26:11.078Z,sell,5.5e-07,707.0,0.00038885
QLC/BTC,1609003586197,2020-12-26T17:26:26.197Z,buy,5.6e-07,179.0,0.00010024
QLC/BTC,1609003586753,2020-12-26T17:26:26.753Z,buy,5.6e-07,92658.0,0.05188848
QLC/BTC,1609003761033,2020-12-26T17:29:21.033Z,buy,5.6e-07,1000.0,0.00056
QLC/BTC,1609003853033,2020-12-26T17:30:53.033Z,buy,5.6e-07,13728.0,0.00768768
QLC/BTC,1609003853038,2020-12-26T17:30:53.038Z,sell,5.6e-07,9436.0,0.00528416
QLC/BTC,1609003930824,2020-12-26T17:32:10.824Z,sell,5.5e-07,602.0,0.0003311
QLC/BTC,1609003994960,2020-12-26T17:33:14.960Z,sell,5.5e-07,469.0,0.00025795
QLC/BTC,1609004324405,2020-12-26T17:38:44.405Z,sell,5.5e-07,3914.0,0.0021527
QLC/BTC,1609004770029,2020-12-26T17:46:10.029Z,buy,5.6e-07,30849.0,0.01727544
QLC/BTC,1609004770122,2020-12-26T17:46:10.122Z,sell,5.6e-07,11608.0,0.00650048
QLC/BTC,1609004770125,2020-12-26T17:46:10.125Z,sell,5.6e-07,3754.0,0.00210224
QLC/BTC,1609004772299,2020-12-26T17:46:12.299Z,sell,5.6e-07,6138.0,0.00343728
QLC/BTC,1609004777739,2020-12-26T17:46:17.739Z,sell,5.6e-07,1946.0,0.00108976
QLC/BTC,1609004794602,2020-12-26T17:46:34.602Z,buy,5.7e-07,176.0,0.00010032
QLC/BTC,1609005067247,2020-12-26T17:51:07.247Z,buy,5.7e-07,2090.0,0.0011913
QLC/BTC,1609005336546,2020-12-26T17:55:36.546Z,sell,5.6e-07,201.0,0.00011256
QLC/BTC,1609005486805,2020-12-26T17:58:06.805Z,buy,5.7e-07,68276.0,0.03891732
QLC/BTC,1609005504465,2020-12-26T17:58:24.465Z,sell,5.6e-07,759.0,0.00042504
QLC/BTC,1609005907509,2020-12-26T18:05:07.509Z,buy,5.7e-07,816.0,0.00046512
QLC/BTC,1609006727910,2020-12-26T18:18:47.910Z,buy,5.7e-07,3035.0,0.00172995
QLC/BTC,1609006783033,2020-12-26T18:19:43.033Z,sell,5.6e-07,10665.0,0.0059724
QLC/BTC,1609006783033,2020-12-26T18:19:43.033Z,sell,5.6e-07,10665.0,0.0059724
QLC/BTC,1609006936252,2020-12-26T18:22:16.252Z,sell,5.6e-07,231.0,0.00012936
QLC/BTC,1609007158712,2020-12-26T18:25:58.712Z,buy,5.7e-07,176.0,0.00010032
QLC/BTC,1609007329311,2020-12-26T18:28:49.311Z,buy,5.7e-07,227.0,0.00012939
QLC/BTC,1609007487318,2020-12-26T18:31:27.318Z,buy,5.7e-07,196.0,0.00011172
QLC/BTC,1609008048891,2020-12-26T18:40:48.891Z,sell,5.6e-07,714.0,0.00039984
QLC/BTC,1609008149295,2020-12-26T18:42:29.295Z,sell,5.6e-07,3032.0,0.00169792
QLC/BTC,1609008968541,2020-12-26T18:56:08.541Z,buy,5.7e-07,15440.0,0.0088008
QLC/BTC,1609009048643,2020-12-26T18:57:28.643Z,buy,5.7e-07,7251.0,0.00413307
QLC/BTC,1609009240625,2020-12-26T19:00:40.625Z,buy,5.7e-07,5263.0,0.00299991
QLC/BTC,1609009574927,2020-12-26T19:06:14.927Z,sell,5.6e-07,222.0,0.00012432
QLC/BTC,1609010054263,2020-12-26T19:14:14.263Z,buy,5.7e-07,8194.0,0.00467058
QLC/BTC,1609010069254,2020-12-26T19:14:29.254Z,buy,5.7e-07,8194.0,0.00467058
QLC/BTC,1609010154947,2020-12-26T19:15:54.947Z,buy,5.7e-07,7427.0,0.00423339
QLC/BTC,1609010154947,2020-12-26T19:15:54.947Z,buy,5.7e-07,7427.0,0.00423339
QLC/BTC,1609010477019,2020-12-26T19:21:17.019Z,buy,5.7e-07,18604.0,0.01060428
QLC/BTC,1609010516597,2020-12-26T19:21:56.597Z,buy,5.8e-07,72778.0,0.04221124
QLC/BTC,1609010516602,2020-12-26T19:21:56.602Z,sell,5.8e-07,35473.0,0.02057434
QLC/BTC,1609010516602,2020-12-26T19:21:56.602Z,sell,5.8e-07,35473.0,0.02057434
QLC/BTC,1609010516607,2020-12-26T19:21:56.607Z,sell,5.8e-07,8484.0,0.00492072
QLC/BTC,1609010517105,2020-12-26T19:21:57.105Z,sell,5.8e-07,2048.0,0.00118784
QLC/BTC,1609010517661,2020-12-26T19:21:57.661Z,sell,5.8e-07,5445.0,0.0031580999999999
QLC/BTC,1609010518037,2020-12-26T19:21:58.037Z,sell,5.8e-07,4000.0,0.00232
QLC/BTC,1609010522332,2020-12-26T19:22:02.332Z,sell,5.8e-07,4000.0,0.00232
QLC/BTC,1609010522889,2020-12-26T19:22:02.889Z,sell,5.8e-07,1793.0,0.0010399399999999
QLC/BTC,1609010530473,2020-12-26T19:22:10.473Z,sell,5.8e-07,2000.0,0.00116
QLC/BTC,1609010549126,2020-12-26T19:22:29.126Z,buy,5.9e-07,16830.0,0.0099297
QLC/BTC,1609010560857,2020-12-26T19:22:40.857Z,sell,5.8e-07,5468.0,0.0031714399999999
QLC/BTC,1609010592528,2020-12-26T19:23:12.528Z,sell,5.7e-07,2578.0,0.00146946
QLC/BTC,1609010592709,2020-12-26T19:23:12.709Z,sell,5.7e-07,1763.0,0.00100491
QLC/BTC,1609010592942,2020-12-26T19:23:12.942Z,sell,5.7e-07,4744.0,0.00270408
QLC/BTC,1609010592960,2020-12-26T19:23:12.960Z,sell,5.7e-07,16889.0,0.00962673
QLC/BTC,1609010593059,2020-12-26T19:23:13.059Z,sell,5.7e-07,2083.0,0.00118731
QLC/BTC,1609010593214,2020-12-26T19:23:13.214Z,sell,5.7e-07,2326.0,0.00132582
QLC/BTC,1609010593476,2020-12-26T19:23:13.476Z,sell,5.7e-07,4404.0,0.00251028
QLC/BTC,1609010594857,2020-12-26T19:23:14.857Z,sell,5.7e-07,14942.0,0.00851694
QLC/BTC,1609010671961,2020-12-26T19:24:31.961Z,sell,5.7e-07,173.0,9.861e-05
QLC/BTC,1609010707696,2020-12-26T19:25:07.696Z,sell,5.7e-07,1141.0,0.00065037
QLC/BTC,1609010735791,2020-12-26T19:25:35.791Z,sell,5.7e-07,369.0,0.00021033
QLC/BTC,1609010835679,2020-12-26T19:27:15.679Z,sell,5.7e-07,3008.0,0.00171456
QLC/BTC,1609011025803,2020-12-26T19:30:25.803Z,sell,5.7e-07,1261.0,0.00071877
QLC/BTC,1609011193023,2020-12-26T19:33:13.023Z,sell,5.7e-07,4575.0,0.00260775
QLC/BTC,1609011286050,2020-12-26T19:34:46.050Z,sell,5.7e-07,12568.0,0.00716376
QLC/BTC,1609011333633,2020-12-26T19:35:33.633Z,sell,5.7e-07,5130.0,0.0029241
QLC/BTC,1609011927731,2020-12-26T19:45:27.731Z,sell,5.7e-07,200.0,0.000114
QLC/BTC,1609012702081,2020-12-26T19:58:22.081Z,sell,5.7e-07,63254.0,0.03605478
QLC/BTC,1609012720166,2020-12-26T19:58:40.166Z,sell,5.7e-07,20000.0,0.0114
QLC/BTC,1609012766466,2020-12-26T19:59:26.466Z,sell,5.7e-07,1600.0,0.000912
QLC/BTC,1609012809212,2020-12-26T20:00:09.212Z,sell,5.7e-07,350.0,0.0001995
QLC/BTC,1609012817385,2020-12-26T20:00:17.385Z,sell,5.7e-07,497.0,0.00028329
QLC/BTC,1609012885007,2020-12-26T20:01:25.007Z,sell,5.7e-07,2422.0,0.00138054
QLC/BTC,1609013299401,2020-12-26T20:08:19.401Z,sell,5.7e-07,7806.0,0.00444942
QLC/BTC,1609013299401,2020-12-26T20:08:19.401Z,sell,5.7e-07,7806.0,0.00444942
QLC/BTC,1609015089671,2020-12-26T20:38:09.671Z,buy,5.7e-07,12456.0,0.00709992
QLC/BTC,1609016021653,2020-12-26T20:53:41.653Z,buy,5.7e-07,148973.0,0.08491461
QLC/BTC,1609016482041,2020-12-26T21:01:22.041Z,sell,5.6e-07,4111.0,0.00230216
QLC/BTC,1609016512253,2020-12-26T21:01:52.253Z,sell,5.6e-07,5688.0,0.00318528
QLC/BTC,1609016797569,2020-12-26T21:06:37.569Z,sell,5.6e-07,3606.0,0.00201936
QLC/BTC,1609016797569,2020-12-26T21:06:37.569Z,sell,5.6e-07,3606.0,0.00201936
QLC/BTC,1609016920142,2020-12-26T21:08:40.142Z,buy,5.7e-07,3487.0,0.00198759
QLC/BTC,1609016949162,2020-12-26T21:09:09.162Z,sell,5.6e-07,6823.0,0.00382088
QLC/BTC,1609016950921,2020-12-26T21:09:10.921Z,buy,5.7e-07,6693.0,0.00381501
QLC/BTC,1609017083704,2020-12-26T21:11:23.704Z,buy,5.7e-07,9181.0,0.00523317
QLC/BTC,1609017090106,2020-12-26T21:11:30.106Z,sell,5.7e-07,374.0,0.00021318
QLC/BTC,1609017134978,2020-12-26T21:12:14.978Z,sell,5.7e-07,9174.0,0.00522918
QLC/BTC,1609017142548,2020-12-26T21:12:22.548Z,buy,5.8e-07,65496.0,0.0379876799999999
QLC/BTC,1609017160158,2020-12-26T21:12:40.158Z,buy,5.8e-07,6620.0,0.0038396
QLC/BTC,1609017160166,2020-12-26T21:12:40.166Z,sell,5.8e-07,453.0,0.0002627399999999
QLC/BTC,1609017203276,2020-12-26T21:13:23.276Z,sell,5.7e-07,2143.0,0.00122151
QLC/BTC,1609017238279,2020-12-26T21:13:58.279Z,sell,5.7e-07,8590.0,0.0048963
QLC/BTC,1609017255082,2020-12-26T21:14:15.082Z,buy,5.9e-07,10744.0,0.0063389599999999
QLC/BTC,1609017309257,2020-12-26T21:15:09.257Z,buy,5.9e-07,63869.0,0.0376827099999999
QLC/BTC,1609017331191,2020-12-26T21:15:31.191Z,sell,5.8e-07,6896.0,0.0039996799999999
QLC/BTC,1609017335366,2020-12-26T21:15:35.366Z,sell,5.7e-07,178.0,0.00010146
QLC/BTC,1609017338334,2020-12-26T21:15:38.334Z,sell,5.7e-07,173.0,9.861e-05
QLC/BTC,1609017339484,2020-12-26T21:15:39.484Z,buy,5.8e-07,173.0,0.0001003399999999
QLC/BTC,1609017343640,2020-12-26T21:15:43.640Z,sell,5.8e-07,601.0,0.0003485799999999
QLC/BTC,1609017346278,2020-12-26T21:15:46.278Z,buy,5.9e-07,46382.0,0.0273653799999999
QLC/BTC,1609017346282,2020-12-26T21:15:46.282Z,sell,5.9e-07,60831.0,0.03589029
QLC/BTC,1609017346296,2020-12-26T21:15:46.296Z,sell,5.9e-07,8399.0,0.0049554099999999
QLC/BTC,1609017346355,2020-12-26T21:15:46.355Z,sell,5.9e-07,1457.0,0.0008596299999999
QLC/BTC,1609017356426,2020-12-26T21:15:56.426Z,sell,5.9e-07,1956.0,0.0011540399999999
QLC/BTC,1609017391256,2020-12-26T21:16:31.256Z,sell,5.9e-07,9037.0,0.00533183
QLC/BTC,1609017392812,2020-12-26T21:16:32.812Z,sell,5.8e-07,1385.0,0.0008033
QLC/BTC,1609017410126,2020-12-26T21:16:50.126Z,sell,5.9e-07,594.0,0.00035046
QLC/BTC,1609017415037,2020-12-26T21:16:55.037Z,sell,5.9e-07,25933.0,0.0153004699999999
QLC/BTC,1609017415037,2020-12-26T21:16:55.037Z,sell,5.8e-07,122742.0,0.07119036
QLC/BTC,1609017433505,2020-12-26T21:17:13.505Z,sell,5.8e-07,5198.0,0.00301484
QLC/BTC,1609017436054,2020-12-26T21:17:16.054Z,sell,5.8e-07,15555.0,0.0090219
QLC/BTC,1609017437374,2020-12-26T21:17:17.374Z,sell,5.8e-07,4435.0,0.0025722999999999
QLC/BTC,1609017437817,2020-12-26T21:17:17.817Z,sell,5.8e-07,9039.0,0.00524262
QLC/BTC,1609017438159,2020-12-26T21:17:18.159Z,sell,5.8e-07,34569.0,0.0200500199999999
QLC/BTC,1609017438181,2020-12-26T21:17:18.181Z,sell,5.8e-07,7432.0,0.00431056
QLC/BTC,1609017438231,2020-12-26T21:17:18.231Z,sell,5.8e-07,1731.0,0.00100398
QLC/BTC,1609017457439,2020-12-26T21:17:37.439Z,sell,5.9e-07,191.0,0.00011269
QLC/BTC,1609017465486,2020-12-26T21:17:45.486Z,sell,5.9e-07,5282.0,0.0031163799999999
QLC/BTC,1609017474435,2020-12-26T21:17:54.435Z,sell,5.9e-07,4956.0,0.0029240399999999
QLC/BTC,1609017507661,2020-12-26T21:18:27.661Z,buy,5.9e-07,61981.0,0.03656879
QLC/BTC,1609017513026,2020-12-26T21:18:33.026Z,sell,5.9e-07,8921.0,0.00526339
QLC/BTC,1609017521429,2020-12-26T21:18:41.429Z,buy,5.9e-07,8747.0,0.00516073
QLC/BTC,1609017521450,2020-12-26T21:18:41.450Z,sell,5.8e-07,170.0,9.86e-05
QLC/BTC,1609017544541,2020-12-26T21:19:04.541Z,buy,5.9e-07,13602.0,0.00802518
QLC/BTC,1609017617331,2020-12-26T21:20:17.331Z,sell,5.8e-07,14468.0,0.00839144
QLC/BTC,1609017643279,2020-12-26T21:20:43.279Z,buy,5.8e-07,1724.0,0.0009999199999999
QLC/BTC,1609017643333,2020-12-26T21:20:43.333Z,buy,5.8e-07,50.0,2.9e-05
QLC/BTC,1609017645377,2020-12-26T21:20:45.377Z,buy,5.9e-07,1695.0,0.00100005
QLC/BTC,1609017648813,2020-12-26T21:20:48.813Z,buy,5.9e-07,27303.0,0.0161087699999999
QLC/BTC,1609017664110,2020-12-26T21:21:04.110Z,sell,5.8e-07,1865.0,0.0010817
QLC/BTC,1609017668581,2020-12-26T21:21:08.581Z,buy,5.9e-07,823.0,0.0004855699999999
QLC/BTC,1609017670556,2020-12-26T21:21:10.556Z,sell,5.8e-07,2475.0,0.0014355
QLC/BTC,1609017679023,2020-12-26T21:21:19.023Z,buy,5.9e-07,712.0,0.00042008
QLC/BTC,1609017707036,2020-12-26T21:21:47.036Z,sell,5.8e-07,4506.0,0.0026134799999999
QLC/BTC,1609017787384,2020-12-26T21:23:07.384Z,sell,5.8e-07,2476.0,0.00143608
QLC/BTC,1609017892879,2020-12-26T21:24:52.879Z,sell,5.8e-07,4463.0,0.00258854
QLC/BTC,1609017991767,2020-12-26T21:26:31.767Z,sell,5.8e-07,5041.0,0.00292378
QLC/BTC,1609018009889,2020-12-26T21:26:49.889Z,sell,5.8e-07,3448.0,0.0019998399999999
QLC/BTC,1609018016987,2020-12-26T21:26:56.987Z,sell,5.8e-07,22418.0,0.0130024399999999
QLC/BTC,1609018044705,2020-12-26T21:27:24.705Z,sell,5.8e-07,1308.0,0.00075864
QLC/BTC,1609018045045,2020-12-26T21:27:25.045Z,sell,5.8e-07,2421.0,0.0014041799999999
QLC/BTC,1609018050552,2020-12-26T21:27:30.552Z,buy,5.9e-07,5000.0,0.00295
QLC/BTC,1609018062874,2020-12-26T21:27:42.874Z,sell,5.8e-07,30158.0,0.01749164
QLC/BTC,1609018092987,2020-12-26T21:28:12.987Z,sell,5.8e-07,10000.0,0.0058
QLC/BTC,1609018093476,2020-12-26T21:28:13.476Z,sell,5.7e-07,173.0,9.861e-05
QLC/BTC,1609018109167,2020-12-26T21:28:29.167Z,sell,5.7e-07,1084.0,0.00061788
QLC/BTC,1609018167464,2020-12-26T21:29:27.464Z,sell,5.7e-07,173.0,9.861e-05
QLC/BTC,1609018193046,2020-12-26T21:29:53.046Z,buy,5.8e-07,372.0,0.0002157599999999
QLC/BTC,1609018204619,2020-12-26T21:30:04.619Z,buy,5.8e-07,2239.0,0.00129862
QLC/BTC,1609018399024,2020-12-26T21:33:19.024Z,sell,5.8e-07,50000.0,0.0289999999999999
QLC/BTC,1609018528329,2020-12-26T21:35:28.329Z,sell,5.8e-07,13094.0,0.00759452
QLC/BTC,1609018567850,2020-12-26T21:36:07.850Z,buy,5.9e-07,10287.0,0.0060693299999999
QLC/BTC,1609018589049,2020-12-26T21:36:29.049Z,buy,5.9e-07,1651.0,0.0009740899999999
QLC/BTC,1609018592880,2020-12-26T21:36:32.880Z,buy,5.9e-07,281983.0,0.1663699699999999
QLC/BTC,1609018600723,2020-12-26T21:36:40.723Z,sell,5.9e-07,8280.0,0.0048851999999999
QLC/BTC,1609018600739,2020-12-26T21:36:40.739Z,sell,5.9e-07,8280.0,0.0048851999999999
QLC/BTC,1609018600743,2020-12-26T21:36:40.743Z,sell,5.9e-07,2236.0,0.00131924
QLC/BTC,1609018600743,2020-12-26T21:36:40.743Z,sell,5.9e-07,2236.0,0.00131924
QLC/BTC,1609018600748,2020-12-26T21:36:40.748Z,sell,5.9e-07,2236.0,0.00131924
QLC/BTC,1609018600751,2020-12-26T21:36:40.751Z,sell,5.9e-07,8280.0,0.0048851999999999
QLC/BTC,1609018600762,2020-12-26T21:36:40.762Z,sell,5.9e-07,8280.0,0.0048851999999999
QLC/BTC,1609018600772,2020-12-26T21:36:40.772Z,sell,5.9e-07,1074.0,0.00063366
QLC/BTC,1609018605782,2020-12-26T21:36:45.782Z,sell,5.8e-07,170.0,9.86e-05
QLC/BTC,1609018611721,2020-12-26T21:36:51.721Z,buy,5.9e-07,7631.0,0.00450229
QLC/BTC,1609018611721,2020-12-26T21:36:51.721Z,buy,6e-07,133755.0,0.0802529999999999
QLC/BTC,1609018611721,2020-12-26T21:36:51.721Z,buy,6.1e-07,200367.0,0.12222387
QLC/BTC,1609018611721,2020-12-26T21:36:51.721Z,sell,6.1e-07,32412.0,0.01977132
QLC/BTC,1609018611821,2020-12-26T21:36:51.821Z,sell,6.1e-07,1355.0,0.00082655
QLC/BTC,1609018613601,2020-12-26T21:36:53.601Z,sell,6.1e-07,4000.0,0.00244
QLC/BTC,1609018613887,2020-12-26T21:36:53.887Z,sell,6.1e-07,4000.0,0.00244
QLC/BTC,1609018617513,2020-12-26T21:36:57.513Z,sell,6.1e-07,11092.0,0.00676612
QLC/BTC,1609018628099,2020-12-26T21:37:08.099Z,sell,6.1e-07,176.0,0.00010736
QLC/BTC,1609018636454,2020-12-26T21:37:16.454Z,sell,6.1e-07,1366.0,0.00083326
QLC/BTC,1609018638001,2020-12-26T21:37:18.001Z,sell,6e-07,6136.0,0.0036815999999999
QLC/BTC,1609018671925,2020-12-26T21:37:51.925Z,buy,6.1e-07,175.0,0.0001067499999999
QLC/BTC,1609018671925,2020-12-26T21:37:51.925Z,buy,6.2e-07,5493.0,0.00340566
QLC/BTC,1609018684599,2020-12-26T21:38:04.599Z,sell,6e-07,7911.0,0.0047466
QLC/BTC,1609018689211,2020-12-26T21:38:09.211Z,sell,6e-07,507.0,0.0003041999999999
QLC/BTC,1609018698261,2020-12-26T21:38:18.261Z,buy,6.1e-07,222.0,0.00013542
QLC/BTC,1609018702868,2020-12-26T21:38:22.868Z,sell,6e-07,5486.0,0.0032916
QLC/BTC,1609018702872,2020-12-26T21:38:22.872Z,sell,5.9e-07,909.0,0.00053631
QLC/BTC,1609018712039,2020-12-26T21:38:32.039Z,sell,5.9e-07,10477.0,0.00618143
QLC/BTC,1609018713560,2020-12-26T21:38:33.560Z,sell,5.9e-07,168.0,9.912e-05
QLC/BTC,1609018713646,2020-12-26T21:38:33.646Z,buy,6e-07,14781.0,0.0088685999999999
QLC/BTC,1609018713646,2020-12-26T21:38:33.646Z,buy,6.1e-07,385.0,0.00023485
QLC/BTC,1609018716164,2020-12-26T21:38:36.164Z,sell,6e-07,14781.0,0.0088685999999999
QLC/BTC,1609018716164,2020-12-26T21:38:36.164Z,sell,5.9e-07,54500.0,0.0321549999999999
QLC/BTC,1609018716164,2020-12-26T21:38:36.164Z,sell,5.8e-07,105095.0,0.0609551
QLC/BTC,1609018716164,2020-12-26T21:38:36.164Z,sell,5.7e-07,29014.0,0.01653798
QLC/BTC,1609018716304,2020-12-26T21:38:36.304Z,sell,5.8e-07,9385.0,0.0054433
QLC/BTC,1609018716304,2020-12-26T21:38:36.304Z,sell,5.7e-07,73344.0,0.04180608
QLC/BTC,1609018717113,2020-12-26T21:38:37.113Z,buy,5.9e-07,4211.0,0.00248449
QLC/BTC,1609018717113,2020-12-26T21:38:37.113Z,buy,6e-07,3369.0,0.0020214
QLC/BTC,1609018719607,2020-12-26T21:38:39.607Z,buy,5.9e-07,5737.0,0.0033848299999999
QLC/BTC,1609018722886,2020-12-26T21:38:42.886Z,buy,5.9e-07,2008.0,0.00118472
QLC/BTC,1609018728366,2020-12-26T21:38:48.366Z,buy,5.9e-07,402.0,0.0002371799999999
QLC/BTC,1609018730005,2020-12-26T21:38:50.005Z,sell,5.8e-07,3185.0,0.0018472999999999
QLC/BTC,1609018734794,2020-12-26T21:38:54.794Z,buy,5.9e-07,1854.0,0.0010938599999999
QLC/BTC,1609018734914,2020-12-26T21:38:54.914Z,sell,5.9e-07,1835.0,0.0010826499999999
QLC/BTC,1609018739006,2020-12-26T21:38:59.006Z,sell,5.9e-07,10895.0,0.0064280499999999
QLC/BTC,1609018744131,2020-12-26T21:39:04.131Z,sell,5.9e-07,1588.0,0.0009369199999999
QLC/BTC,1609018758604,2020-12-26T21:39:18.604Z,sell,5.9e-07,2715.0,0.00160185
QLC/BTC,1609018786983,2020-12-26T21:39:46.983Z,buy,6e-07,4976.0,0.0029855999999999
QLC/BTC,1609018788247,2020-12-26T21:39:48.247Z,sell,5.9e-07,5431.0,0.00320429
QLC/BTC,1609018796396,2020-12-26T21:39:56.396Z,sell,5.9e-07,3181.0,0.00187679
QLC/BTC,1609018841589,2020-12-26T21:40:41.589Z,sell,5.8e-07,385.0,0.0002232999999999
QLC/BTC,1609018925426,2020-12-26T21:42:05.426Z,sell,5.8e-07,8575.0,0.0049735
QLC/BTC,1609018966408,2020-12-26T21:42:46.408Z,sell,5.8e-07,9504.0,0.0055123199999999
QLC/BTC,1609018999335,2020-12-26T21:43:19.335Z,sell,5.8e-07,4763.0,0.00276254
QLC/BTC,1609019011796,2020-12-26T21:43:31.796Z,sell,5.8e-07,36237.0,0.0210174599999999
QLC/BTC,1609019074951,2020-12-26T21:44:34.951Z,sell,5.8e-07,30491.0,0.0176847799999999
QLC/BTC,1609019091255,2020-12-26T21:44:51.255Z,sell,5.8e-07,4699.0,0.0027254199999999
QLC/BTC,1609019289676,2020-12-26T21:48:09.676Z,sell,5.8e-07,1283.0,0.0007441399999999
QLC/BTC,1609019347804,2020-12-26T21:49:07.804Z,buy,5.9e-07,103731.0,0.06120129
QLC/BTC,1609019377503,2020-12-26T21:49:37.503Z,buy,6e-07,3724.0,0.0022344
QLC/BTC,1609019408771,2020-12-26T21:50:08.771Z,buy,6e-07,2241.0,0.0013445999999999
QLC/BTC,1609019408777,2020-12-26T21:50:08.777Z,sell,6e-07,42804.0,0.0256823999999999
QLC/BTC,1609019408785,2020-12-26T21:50:08.785Z,sell,6e-07,8173.0,0.0049038
QLC/BTC,1609019434969,2020-12-26T21:50:34.969Z,sell,6e-07,169.0,0.0001014
QLC/BTC,1609019448250,2020-12-26T21:50:48.250Z,sell,6e-07,834.0,0.0005004
QLC/BTC,1609019457868,2020-12-26T21:50:57.868Z,buy,6.1e-07,795.0,0.00048495
QLC/BTC,1609019475244,2020-12-26T21:51:15.244Z,buy,6.2e-07,30437.0,0.01887094
QLC/BTC,1609019476109,2020-12-26T21:51:16.109Z,buy,6.2e-07,6172.0,0.00382664
QLC/BTC,1609019476114,2020-12-26T21:51:16.114Z,sell,6.2e-07,16400.0,0.010168
QLC/BTC,1609019476122,2020-12-26T21:51:16.122Z,sell,6.2e-07,7889.0,0.00489118
QLC/BTC,1609019482103,2020-12-26T21:51:22.103Z,sell,6.2e-07,329.0,0.00020398
QLC/BTC,1609019487499,2020-12-26T21:51:27.499Z,buy,6.3e-07,2539.0,0.00159957
QLC/BTC,1609019491658,2020-12-26T21:51:31.658Z,buy,6.3e-07,13026.0,0.00820638
QLC/BTC,1609019494528,2020-12-26T21:51:34.528Z,buy,6.3e-07,138068.0,0.08698284
QLC/BTC,1609019495767,2020-12-26T21:51:35.767Z,buy,6.3e-07,11494.0,0.00724122
QLC/BTC,1609019497154,2020-12-26T21:51:37.154Z,sell,6.2e-07,21798.0,0.01351476
QLC/BTC,1609019514861,2020-12-26T21:51:54.861Z,buy,6.3e-07,1779.0,0.00112077
QLC/BTC,1609019519731,2020-12-26T21:51:59.731Z,buy,6.3e-07,56957.0,0.03588291
QLC/BTC,1609019519759,2020-12-26T21:51:59.759Z,sell,6.3e-07,4137.0,0.00260631
QLC/BTC,1609019545004,2020-12-26T21:52:25.004Z,buy,6.3e-07,41764.0,0.02631132
QLC/BTC,1609019563233,2020-12-26T21:52:43.233Z,sell,6.2e-07,1223.0,0.00075826
QLC/BTC,1609019563233,2020-12-26T21:52:43.233Z,sell,6.1e-07,95961.0,0.05853621
QLC/BTC,1609019563233,2020-12-26T21:52:43.233Z,sell,6e-07,113702.0,0.0682212
QLC/BTC,1609019563233,2020-12-26T21:52:43.233Z,sell,5.9e-07,20445.0,0.01206255
QLC/BTC,1609019563233,2020-12-26T21:52:43.233Z,sell,5.8e-07,46822.0,0.02715676
QLC/BTC,1609019563242,2020-12-26T21:52:43.242Z,buy,6e-07,12322.0,0.0073932
QLC/BTC,1609019563258,2020-12-26T21:52:43.258Z,sell,5.8e-07,4052.0,0.00235016
QLC/BTC,1609019563260,2020-12-26T21:52:43.260Z,sell,5.8e-07,1544.0,0.0008955199999999
QLC/BTC,1609019566857,2020-12-26T21:52:46.857Z,sell,6e-07,1996.0,0.0011976
QLC/BTC,1609019566857,2020-12-26T21:52:46.857Z,sell,5.9e-07,28916.0,0.01706044
QLC/BTC,1609019572762,2020-12-26T21:52:52.762Z,buy,5.9e-07,9466.0,0.00558494
QLC/BTC,1609019574307,2020-12-26T21:52:54.307Z,sell,5.9e-07,193.0,0.0001138699999999
QLC/BTC,1609019579980,2020-12-26T21:52:59.980Z,sell,5.9e-07,3720.0,0.0021948
QLC/BTC,1609019600216,2020-12-26T21:53:20.216Z,sell,5.9e-07,7465.0,0.00440435
QLC/BTC,1609019600449,2020-12-26T21:53:20.449Z,sell,5.8e-07,656.0,0.00038048
QLC/BTC,1609019607525,2020-12-26T21:53:27.525Z,buy,5.9e-07,4956.0,0.0029240399999999
QLC/BTC,1609019611013,2020-12-26T21:53:31.013Z,buy,5.9e-07,958.0,0.00056522
QLC/BTC,1609019611772,2020-12-26T21:53:31.772Z,sell,5.9e-07,175.0,0.0001032499999999
QLC/BTC,1609019616513,2020-12-26T21:53:36.513Z,buy,6e-07,2666.0,0.0015995999999999
QLC/BTC,1609019632526,2020-12-26T21:53:52.526Z,buy,6e-07,25018.0,0.0150108
QLC/BTC,1609019640522,2020-12-26T21:54:00.522Z,sell,5.9e-07,1691.0,0.0009976899999999
QLC/BTC,1609019726507,2020-12-26T21:55:26.507Z,buy,6e-07,413.0,0.0002478
QLC/BTC,1609019734495,2020-12-26T21:55:34.495Z,sell,5.9e-07,4956.0,0.0029240399999999
QLC/BTC,1609019795217,2020-12-26T21:56:35.217Z,sell,5.9e-07,2588.0,0.00152692
QLC/BTC,1609019908123,2020-12-26T21:58:28.123Z,sell,5.9e-07,6982.0,0.00411938
QLC/BTC,1609019911038,2020-12-26T21:58:31.038Z,sell,5.8e-07,25905.0,0.0150248999999999
QLC/BTC,1609020288209,2020-12-26T22:04:48.209Z,sell,5.8e-07,19466.0,0.01129028
QLC/BTC,1609020288209,2020-12-26T22:04:48.209Z,sell,5.8e-07,19466.0,0.01129028
QLC/BTC,1609020674028,2020-12-26T22:11:14.028Z,sell,5.7e-07,80839.0,0.04607823
QLC/BTC,1609020674062,2020-12-26T22:11:14.062Z,buy,5.7e-07,1299.0,0.00074043
QLC/BTC,1609020674268,2020-12-26T22:11:14.268Z,buy,5.7e-07,528.0,0.00030096
QLC/BTC,1609020709547,2020-12-26T22:11:49.547Z,buy,5.7e-07,9837.0,0.00560709
QLC/BTC,1609020709554,2020-12-26T22:11:49.554Z,buy,5.7e-07,9837.0,0.00560709
QLC/BTC,1609020723584,2020-12-26T22:12:03.584Z,buy,5.7e-07,14073.0,0.00802161
QLC/BTC,1609020727797,2020-12-26T22:12:07.797Z,buy,5.8e-07,220933.0,0.12814114
QLC/BTC,1609020732158,2020-12-26T22:12:12.158Z,sell,5.8e-07,2665.0,0.0015457
QLC/BTC,1609020754986,2020-12-26T22:12:34.986Z,buy,5.8e-07,833.0,0.0004831399999999
QLC/BTC,1609020754986,2020-12-26T22:12:34.986Z,buy,5.9e-07,20034.0,0.0118200599999999
QLC/BTC,1609020755002,2020-12-26T22:12:35.002Z,sell,5.9e-07,3821.0,0.0022543899999999
QLC/BTC,1609020755015,2020-12-26T22:12:35.015Z,sell,5.9e-07,641.0,0.00037819
QLC/BTC,1609020755016,2020-12-26T22:12:35.016Z,sell,5.9e-07,641.0,0.00037819
QLC/BTC,1609020755016,2020-12-26T22:12:35.016Z,sell,5.9e-07,641.0,0.00037819
QLC/BTC,1609020755027,2020-12-26T22:12:35.027Z,sell,5.9e-07,8270.0,0.0048793
QLC/BTC,1609020755045,2020-12-26T22:12:35.045Z,sell,5.9e-07,8270.0,0.0048793
QLC/BTC,1609020755063,2020-12-26T22:12:35.063Z,sell,5.9e-07,8270.0,0.0048793
QLC/BTC,1609020755077,2020-12-26T22:12:35.077Z,sell,5.9e-07,14353.0,0.00846827
QLC/BTC,1609020804702,2020-12-26T22:13:24.702Z,sell,5.9e-07,316.0,0.0001864399999999
QLC/BTC,1609020806170,2020-12-26T22:13:26.170Z,sell,5.9e-07,2708.0,0.00159772
QLC/BTC,1609020818490,2020-12-26T22:13:38.490Z,buy,5.9e-07,3524.0,0.00207916
QLC/BTC,1609020818490,2020-12-26T22:13:38.490Z,buy,6e-07,3049.0,0.0018294
QLC/BTC,1609020837830,2020-12-26T22:13:57.830Z,buy,6.1e-07,5100.0,0.003111
QLC/BTC,1609020843498,2020-12-26T22:14:03.498Z,sell,6e-07,3194.0,0.0019164
QLC/BTC,1609020853137,2020-12-26T22:14:13.137Z,sell,6e-07,2034.0,0.0012204
QLC/BTC,1609020859367,2020-12-26T22:14:19.367Z,buy,6.1e-07,200.0,0.000122
QLC/BTC,1609020866671,2020-12-26T22:14:26.671Z,sell,6e-07,58719.0,0.0352313999999999
QLC/BTC,1609020868482,2020-12-26T22:14:28.482Z,buy,6e-07,500.0,0.0003
QLC/BTC,1609020870642,2020-12-26T22:14:30.642Z,buy,6e-07,2000.0,0.0012
QLC/BTC,1609020871322,2020-12-26T22:14:31.322Z,sell,5.9e-07,5130.0,0.0030267
QLC/BTC,1609020910630,2020-12-26T22:15:10.630Z,sell,5.9e-07,463.0,0.00027317
QLC/BTC,1609020910630,2020-12-26T22:15:10.630Z,sell,5.8e-07,5841.0,0.0033877799999999
QLC/BTC,1609020910630,2020-12-26T22:15:10.630Z,sell,5.7e-07,93032.0,0.05302824
QLC/BTC,1609020971376,2020-12-26T22:16:11.376Z,buy,5.9e-07,2298.0,0.00135582
QLC/BTC,1609020989324,2020-12-26T22:16:29.324Z,sell,5.9e-07,2069.0,0.0012207099999999
QLC/BTC,1609021049518,2020-12-26T22:17:29.518Z,sell,5.9e-07,170.0,0.0001003
QLC/BTC,1609021049518,2020-12-26T22:17:29.518Z,sell,5.8e-07,1830.0,0.0010613999999999
QLC/BTC,1609021139076,2020-12-26T22:18:59.076Z,buy,5.9e-07,4832.0,0.0028508799999999
QLC/BTC,1609021299927,2020-12-26T22:21:39.927Z,buy,5.9e-07,708.0,0.0004177199999999
QLC/BTC,1609021417652,2020-12-26T22:23:37.652Z,sell,5.8e-07,21478.0,0.01245724
QLC/BTC,1609021417845,2020-12-26T22:23:37.845Z,sell,5.8e-07,1057.0,0.0006130599999999
QLC/BTC,1609021733783,2020-12-26T22:28:53.783Z,sell,5.8e-07,1307.0,0.00075806
QLC/BTC,1609021784286,2020-12-26T22:29:44.286Z,buy,5.9e-07,420.0,0.0002478
QLC/BTC,1609021856170,2020-12-26T22:30:56.170Z,buy,5.9e-07,300.0,0.000177
QLC/BTC,1609022048131,2020-12-26T22:34:08.131Z,sell,5.8e-07,20861.0,0.01209938
QLC/BTC,1609022085507,2020-12-26T22:34:45.507Z,buy,5.9e-07,3721.0,0.0021953899999999
QLC/BTC,1609022103979,2020-12-26T22:35:03.979Z,buy,6e-07,296439.0,0.1778634
QLC/BTC,1609022124313,2020-12-26T22:35:24.313Z,sell,6e-07,2010.0,0.001206
QLC/BTC,1609022124313,2020-12-26T22:35:24.313Z,sell,5.9e-07,520.0,0.0003068
QLC/BTC,1609022131183,2020-12-26T22:35:31.183Z,sell,6e-07,259.0,0.0001553999999999
QLC/BTC,1609022170872,2020-12-26T22:36:10.872Z,sell,6e-07,46486.0,0.0278916
QLC/BTC,1609022257061,2020-12-26T22:37:37.061Z,buy,6.1e-07,1600.0,0.000976
QLC/BTC,1609022267573,2020-12-26T22:37:47.573Z,buy,6.1e-07,500.0,0.000305
QLC/BTC,1609022276818,2020-12-26T22:37:56.818Z,buy,6.1e-07,300.0,0.000183
QLC/BTC,1609022281531,2020-12-26T22:38:01.531Z,buy,6.1e-07,332.0,0.00020252
QLC/BTC,1609022281815,2020-12-26T22:38:01.815Z,sell,6.1e-07,170.0,0.0001037
QLC/BTC,1609022290608,2020-12-26T22:38:10.608Z,buy,6.2e-07,724.0,0.0004488799999999
QLC/BTC,1609022290608,2020-12-26T22:38:10.608Z,buy,6.3e-07,76.0,4.788e-05
QLC/BTC,1609022321573,2020-12-26T22:38:41.573Z,sell,6.1e-07,2105.0,0.00128405
QLC/BTC,1609022321573,2020-12-26T22:38:41.573Z,sell,6.1e-07,12747.0,0.00777567
QLC/BTC,1609022333896,2020-12-26T22:38:53.896Z,sell,6.1e-07,2034.0,0.00124074
QLC/BTC,1609022342921,2020-12-26T22:39:02.921Z,buy,6.2e-07,1000.0,0.00062
QLC/BTC,1609022344695,2020-12-26T22:39:04.695Z,buy,6.2e-07,2000.0,0.00124
QLC/BTC,1609022352816,2020-12-26T22:39:12.816Z,sell,6.1e-07,2372.0,0.00144692
QLC/BTC,1609022358167,2020-12-26T22:39:18.167Z,sell,6.1e-07,9615.0,0.0058651499999999
QLC/BTC,1609022367086,2020-12-26T22:39:27.086Z,sell,6.1e-07,15483.0,0.0094446299999999
QLC/BTC,1609022399310,2020-12-26T22:39:59.310Z,sell,6.1e-07,5263.0,0.00321043
QLC/BTC,1609022410723,2020-12-26T22:40:10.723Z,buy,6.2e-07,327.0,0.00020274
QLC/BTC,1609022435028,2020-12-26T22:40:35.028Z,sell,6.1e-07,166.0,0.00010126
QLC/BTC,1609022436130,2020-12-26T22:40:36.130Z,sell,6.1e-07,625.0,0.0003812499999999
QLC/BTC,1609022444760,2020-12-26T22:40:44.760Z,sell,6.1e-07,21521.0,0.01312781
QLC/BTC,1609022569360,2020-12-26T22:42:49.360Z,sell,6.1e-07,48.0,2.928e-05
QLC/BTC,1609022595782,2020-12-26T22:43:15.782Z,sell,6e-07,202.0,0.0001211999999999
QLC/BTC,1609022623919,2020-12-26T22:43:43.919Z,sell,6e-07,2326.0,0.0013955999999999
QLC/BTC,1609022628757,2020-12-26T22:43:48.757Z,sell,5.9e-07,172.0,0.00010148
QLC/BTC,1609022717085,2020-12-26T22:45:17.085Z,sell,5.9e-07,2453.0,0.0014472699999999
QLC/BTC,1609022755346,2020-12-26T22:45:55.346Z,buy,6e-07,426.0,0.0002556
QLC/BTC,1609022755346,2020-12-26T22:45:55.346Z,buy,6.1e-07,820.0,0.0005002
QLC/BTC,1609022755346,2020-12-26T22:45:55.346Z,buy,6.2e-07,54.0,3.348e-05
QLC/BTC,1609022787486,2020-12-26T22:46:27.486Z,sell,6e-07,193.0,0.0001158
QLC/BTC,1609022787486,2020-12-26T22:46:27.486Z,sell,5.9e-07,1688.0,0.00099592
QLC/BTC,1609022862822,2020-12-26T22:47:42.822Z,buy,6.1e-07,193.0,0.00011773
QLC/BTC,1609022862822,2020-12-26T22:47:42.822Z,buy,6.2e-07,7.0,4.34e-06
QLC/BTC,1609022929388,2020-12-26T22:48:49.388Z,buy,6.2e-07,16954.0,0.01051148
QLC/BTC,1609022929399,2020-12-26T22:48:49.399Z,sell,6.2e-07,7909.0,0.00490358
QLC/BTC,1609022941145,2020-12-26T22:49:01.145Z,sell,6.2e-07,4415.0,0.0027373
QLC/BTC,1609022941465,2020-12-26T22:49:01.465Z,sell,6.2e-07,4000.0,0.00248
QLC/BTC,1609022942022,2020-12-26T22:49:02.022Z,sell,6.2e-07,4000.0,0.00248
QLC/BTC,1609022943180,2020-12-26T22:49:03.180Z,sell,6.2e-07,4000.0,0.00248
QLC/BTC,1609022948582,2020-12-26T22:49:08.582Z,sell,6.2e-07,4000.0,0.00248
QLC/BTC,1609022957382,2020-12-26T22:49:17.382Z,sell,6.2e-07,3921.0,0.00243102
QLC/BTC,1609022958791,2020-12-26T22:49:18.791Z,sell,6.2e-07,2010.0,0.0012462
QLC/BTC,1609022960981,2020-12-26T22:49:20.981Z,sell,6.2e-07,239705.0,0.1486171
QLC/BTC,1609022968434,2020-12-26T22:49:28.434Z,sell,6.2e-07,227.0,0.00014074
QLC/BTC,1609022998613,2020-12-26T22:49:58.613Z,sell,6.1e-07,71488.0,0.0436076799999999
QLC/BTC,1609023015567,2020-12-26T22:50:15.567Z,sell,6e-07,193.0,0.0001158
QLC/BTC,1609023015567,2020-12-26T22:50:15.567Z,sell,5.9e-07,104.0,6.136e-05
QLC/BTC,1609023091550,2020-12-26T22:51:31.550Z,sell,6e-07,1312.0,0.0007871999999999
QLC/BTC,1609023113226,2020-12-26T22:51:53.226Z,sell,6e-07,656.0,0.0003935999999999
QLC/BTC,1609023113586,2020-12-26T22:51:53.586Z,sell,6e-07,2996.0,0.0017976
QLC/BTC,1609023116192,2020-12-26T22:51:56.192Z,buy,6e-07,54.0,3.24e-05
QLC/BTC,1609023302143,2020-12-26T22:55:02.143Z,buy,6e-07,59.0,3.54e-05
QLC/BTC,1609023706921,2020-12-26T23:01:46.921Z,buy,6e-07,75387.0,0.0452322
QLC/BTC,1609023770294,2020-12-26T23:02:50.294Z,sell,6e-07,204.0,0.0001224
QLC/BTC,1609023770294,2020-12-26T23:02:50.294Z,sell,6e-07,204.0,0.0001224
QLC/BTC,1609023904655,2020-12-26T23:05:04.655Z,buy,6.1e-07,1113.0,0.00067893
QLC/BTC,1609023921428,2020-12-26T23:05:21.428Z,sell,6e-07,13363.0,0.0080178
QLC/BTC,1609023974537,2020-12-26T23:06:14.537Z,buy,6.1e-07,3467.0,0.00211487
QLC/BTC,1609023974537,2020-12-26T23:06:14.537Z,buy,6.2e-07,5941.0,0.0036834199999999
QLC/BTC,1609023999960,2020-12-26T23:06:39.960Z,sell,6.1e-07,222.0,0.00013542
QLC/BTC,1609023999960,2020-12-26T23:06:39.960Z,sell,6e-07,545.0,0.000327
QLC/BTC,1609024042220,2020-12-26T23:07:22.220Z,buy,6.2e-07,175.0,0.0001085
QLC/BTC,1609024135113,2020-12-26T23:08:55.113Z,buy,6.2e-07,17339.0,0.01075018
QLC/BTC,1609024188803,2020-12-26T23:09:48.803Z,buy,6.2e-07,777.0,0.00048174
QLC/BTC,1609024198601,2020-12-26T23:09:58.601Z,buy,6.2e-07,1619.0,0.00100378
QLC/BTC,1609024243171,2020-12-26T23:10:43.171Z,buy,6.2e-07,167.0,0.00010354
QLC/BTC,1609024243171,2020-12-26T23:10:43.171Z,buy,6.3e-07,33.0,2.079e-05
QLC/BTC,1609024270733,2020-12-26T23:11:10.733Z,buy,6.3e-07,159.0,0.00010017
QLC/BTC,1609024273556,2020-12-26T23:11:13.556Z,sell,6.1e-07,581.0,0.00035441
QLC/BTC,1609024284643,2020-12-26T23:11:24.643Z,buy,6.3e-07,175.0,0.00011025
QLC/BTC,1609024289413,2020-12-26T23:11:29.413Z,sell,6.2e-07,5538.0,0.00343356
QLC/BTC,1609024325324,2020-12-26T23:12:05.324Z,sell,6.1e-07,2117.0,0.00129137
QLC/BTC,1609024325324,2020-12-26T23:12:05.324Z,sell,6e-07,823.0,0.0004938
QLC/BTC,1609024446759,2020-12-26T23:14:06.759Z,sell,6e-07,100000.0,0.06
QLC/BTC,1609024449587,2020-12-26T23:14:09.587Z,sell,6e-07,176187.0,0.1057121999999999
QLC/BTC,1609024594120,2020-12-26T23:16:34.120Z,sell,6e-07,4858.0,0.0029148
QLC/BTC,1609024594981,2020-12-26T23:16:34.981Z,sell,6e-07,4964.0,0.0029784
QLC/BTC,1609024825973,2020-12-26T23:20:25.973Z,sell,6e-07,1054.0,0.0006324
QLC/BTC,1609024833759,2020-12-26T23:20:33.759Z,sell,6e-07,777.0,0.0004662
QLC/BTC,1609024839311,2020-12-26T23:20:39.311Z,sell,6e-07,399.0,0.0002394
QLC/BTC,1609024933650,2020-12-26T23:22:13.650Z,sell,6e-07,689.0,0.0004133999999999
QLC/BTC,1609024953939,2020-12-26T23:22:33.939Z,sell,6e-07,277.0,0.0001662
QLC/BTC,1609025029534,2020-12-26T23:23:49.534Z,sell,6e-07,50000.0,0.03
QLC/BTC,1609025081240,2020-12-26T23:24:41.240Z,sell,6e-07,707.0,0.0004241999999999
QLC/BTC,1609025124157,2020-12-26T23:25:24.157Z,sell,6e-07,14995.0,0.008997
QLC/BTC,1609025235535,2020-12-26T23:27:15.535Z,sell,5.9e-07,2326.0,0.0013723399999999
QLC/BTC,1609025502739,2020-12-26T23:31:42.739Z,sell,5.9e-07,20861.0,0.01230799
QLC/BTC,1609025610313,2020-12-26T23:33:30.313Z,sell,5.9e-07,885.0,0.00052215
QLC/BTC,1609025637284,2020-12-26T23:33:57.284Z,sell,5.9e-07,2255.0,0.00133045
QLC/BTC,1609025727333,2020-12-26T23:35:27.333Z,buy,6e-07,16318.0,0.0097907999999999
QLC/BTC,1609026355090,2020-12-26T23:45:55.090Z,buy,6e-07,220.0,0.0001319999999999
QLC/BTC,1609026357969,2020-12-26T23:45:57.969Z,sell,5.9e-07,219.0,0.00012921
QLC/BTC,1609026825773,2020-12-26T23:53:45.773Z,sell,5.9e-07,991.0,0.00058469
QLC/BTC,1609027083503,2020-12-26T23:58:03.503Z,sell,5.9e-07,650.0,0.0003835
QLC/BTC,1609027083503,2020-12-26T23:58:03.503Z,sell,5.9e-07,650.0,0.0003835
QLC/BTC,1609027734984,2020-12-27T00:08:54.984Z,sell,5.9e-07,100000.0,0.059
QLC/BTC,1609028333534,2020-12-27T00:18:53.534Z,buy,6e-07,2280.0,0.0013679999999999
QLC/BTC,1609028350022,2020-12-27T00:19:10.022Z,buy,6e-07,2500.0,0.0015
QLC/BTC,1609028882296,2020-12-27T00:28:02.296Z,sell,5.9e-07,2280.0,0.0013452
QLC/BTC,1609029225981,2020-12-27T00:33:45.981Z,buy,6e-07,5091.0,0.0030545999999999
QLC/BTC,1609029226027,2020-12-27T00:33:46.027Z,buy,6e-07,3362.0,0.0020172
QLC/BTC,1609029319728,2020-12-27T00:35:19.728Z,buy,6e-07,1883.0,0.0011298
QLC/BTC,1609029589543,2020-12-27T00:39:49.543Z,sell,5.9e-07,47194.0,0.0278444599999999
QLC/BTC,1609029769902,2020-12-27T00:42:49.902Z,buy,6e-07,600.0,0.0003599999999999
QLC/BTC,1609029788021,2020-12-27T00:43:08.021Z,buy,6e-07,300.0,0.0001799999999999
QLC/BTC,1609030392745,2020-12-27T00:53:12.745Z,buy,6e-07,3336.0,0.0020016
QLC/BTC,1609030624417,2020-12-27T00:57:04.417Z,sell,5.9e-07,12509.0,0.0073803099999999
QLC/BTC,1609030656161,2020-12-27T00:57:36.161Z,sell,5.9e-07,5048.0,0.00297832
QLC/BTC,1609030656161,2020-12-27T00:57:36.161Z,sell,5.9e-07,5048.0,0.00297832
QLC/BTC,1609030798019,2020-12-27T00:59:58.019Z,sell,5.9e-07,12509.0,0.0073803099999999
QLC/BTC,1609030896683,2020-12-27T01:01:36.683Z,sell,5.9e-07,245.0,0.00014455
QLC/BTC,1609030920748,2020-12-27T01:02:00.748Z,buy,6e-07,38455.0,0.023073
QLC/BTC,1609031110206,2020-12-27T01:05:10.206Z,sell,5.9e-07,65221.0,0.0384803899999999
QLC/BTC,1609031254711,2020-12-27T01:07:34.711Z,sell,5.9e-07,1001.0,0.00059059
QLC/BTC,1609031436943,2020-12-27T01:10:36.943Z,buy,6e-07,345.0,0.000207
QLC/BTC,1609031593835,2020-12-27T01:13:13.835Z,buy,6e-07,18551.0,0.0111306
QLC/BTC,1609031664230,2020-12-27T01:14:24.230Z,sell,5.9e-07,3333.0,0.0019664699999999
QLC/BTC,1609032258366,2020-12-27T01:24:18.366Z,sell,5.9e-07,5248.0,0.0030963199999999
QLC/BTC,1609032721442,2020-12-27T01:32:01.442Z,sell,5.9e-07,40000.0,0.0236
QLC/BTC,1609032965044,2020-12-27T01:36:05.044Z,buy,6e-07,167.0,0.0001002
QLC/BTC,1609033108548,2020-12-27T01:38:28.548Z,buy,6e-07,2293.0,0.0013758
QLC/BTC,1609034140454,2020-12-27T01:55:40.454Z,buy,6e-07,183.0,0.0001098
QLC/BTC,1609034140454,2020-12-27T01:55:40.454Z,buy,6e-07,183.0,0.0001098
QLC/BTC,1609034771822,2020-12-27T02:06:11.822Z,buy,6e-07,30936.0,0.0185615999999999
QLC/BTC,1609034891561,2020-12-27T02:08:11.561Z,buy,6e-07,11337.0,0.0068021999999999
QLC/BTC,1609035297077,2020-12-27T02:14:57.077Z,sell,5.9e-07,2000.0,0.0011799999999999
QLC/BTC,1609035632853,2020-12-27T02:20:32.853Z,sell,5.9e-07,599.0,0.0003534099999999
QLC/BTC,1609035674875,2020-12-27T02:21:14.875Z,sell,5.9e-07,450.0,0.0002655
QLC/BTC,1609035838527,2020-12-27T02:23:58.527Z,buy,6e-07,14847.0,0.0089082
QLC/BTC,1609036775072,2020-12-27T02:39:35.072Z,buy,6e-07,97941.0,0.0587646
QLC/BTC,1609037189364,2020-12-27T02:46:29.364Z,buy,6e-07,1119.0,0.0006714
QLC/BTC,1609037331468,2020-12-27T02:48:51.468Z,sell,5.9e-07,337.0,0.00019883
QLC/BTC,1609037467121,2020-12-27T02:51:07.121Z,buy,6e-07,2000.0,0.0012
QLC/BTC,1609037467121,2020-12-27T02:51:07.121Z,buy,6e-07,2000.0,0.0012
QLC/BTC,1609038266860,2020-12-27T03:04:26.860Z,buy,6e-07,16980.0,0.010188
QLC/BTC,1609038504974,2020-12-27T03:08:24.974Z,buy,6e-07,307.0,0.0001842
QLC/BTC,1609038707349,2020-12-27T03:11:47.349Z,buy,6e-07,1568.0,0.0009408
QLC/BTC,1609039623453,2020-12-27T03:27:03.453Z,buy,6e-07,13988.0,0.0083927999999999
QLC/BTC,1609039670503,2020-12-27T03:27:50.503Z,sell,6e-07,1823.0,0.0010938
QLC/BTC,1609040937803,2020-12-27T03:48:57.803Z,sell,6e-07,1500.0,0.0009
QLC/BTC,1609040937803,2020-12-27T03:48:57.803Z,sell,6e-07,1500.0,0.0009
QLC/BTC,1609041144159,2020-12-27T03:52:24.159Z,buy,6.1e-07,2460.0,0.0015006
QLC/BTC,1609041294866,2020-12-27T03:54:54.866Z,buy,6.1e-07,4015.0,0.0024491499999999
QLC/BTC,1609041357657,2020-12-27T03:55:57.657Z,buy,6.1e-07,15625.0,0.00953125
QLC/BTC,1609041359414,2020-12-27T03:55:59.414Z,buy,6.1e-07,2460.0,0.0015006
QLC/BTC,1609041371217,2020-12-27T03:56:11.217Z,buy,6.1e-07,21409.0,0.01305949
QLC/BTC,1609041469117,2020-12-27T03:57:49.117Z,buy,6.1e-07,2097.0,0.00127917
QLC/BTC,1609042098514,2020-12-27T04:08:18.514Z,buy,6.1e-07,11211.0,0.00683871
QLC/BTC,1609042235112,2020-12-27T04:10:35.112Z,sell,6e-07,200.0,0.0001199999999999
QLC/BTC,1609042544183,2020-12-27T04:15:44.183Z,sell,6e-07,48371.0,0.0290226
QLC/BTC,1609042689253,2020-12-27T04:18:09.253Z,sell,5.9e-07,2094.0,0.0012354599999999
QLC/BTC,1609042892313,2020-12-27T04:21:32.313Z,sell,6e-07,50000.0,0.03
QLC/BTC,1609043003647,2020-12-27T04:23:23.647Z,buy,6.1e-07,36279.0,0.02213019
QLC/BTC,1609043003669,2020-12-27T04:23:23.669Z,sell,6.1e-07,7780.0,0.0047458
QLC/BTC,1609043003673,2020-12-27T04:23:23.673Z,sell,6.1e-07,3649.0,0.00222589
QLC/BTC,1609043003729,2020-12-27T04:23:23.729Z,sell,6.1e-07,8931.0,0.00544791
QLC/BTC,1609043017348,2020-12-27T04:23:37.348Z,sell,6.1e-07,25328.0,0.01545008
QLC/BTC,1609043045493,2020-12-27T04:24:05.493Z,sell,6.1e-07,515.0,0.0003141499999999
QLC/BTC,1609043046780,2020-12-27T04:24:06.780Z,sell,6.1e-07,1013.0,0.0006179299999999
QLC/BTC,1609043142420,2020-12-27T04:25:42.420Z,buy,6.1e-07,1528.0,0.00093208
QLC/BTC,1609043666776,2020-12-27T04:34:26.776Z,sell,6e-07,21387.0,0.0128322
QLC/BTC,1609043671635,2020-12-27T04:34:31.635Z,buy,6.1e-07,16886.0,0.0103004599999999
QLC/BTC,1609043721426,2020-12-27T04:35:21.426Z,sell,6e-07,2658.0,0.0015948
QLC/BTC,1609043982396,2020-12-27T04:39:42.396Z,sell,6e-07,50000.0,0.03
QLC/BTC,1609044014862,2020-12-27T04:40:14.862Z,sell,6e-07,100000.0,0.06
QLC/BTC,1609044097758,2020-12-27T04:41:37.758Z,buy,6.1e-07,164.0,0.00010004
QLC/BTC,1609044105232,2020-12-27T04:41:45.232Z,sell,6e-07,2078.0,0.0012468
QLC/BTC,1609044423911,2020-12-27T04:47:03.911Z,sell,6e-07,125871.0,0.0755226
QLC/BTC,1609044423911,2020-12-27T04:47:03.911Z,sell,6e-07,125871.0,0.0755226
QLC/BTC,1609045407558,2020-12-27T05:03:27.558Z,buy,6e-07,9595.0,0.005757
QLC/BTC,1609045650040,2020-12-27T05:07:30.040Z,buy,6e-07,294.0,0.0001764
QLC/BTC,1609048014606,2020-12-27T05:46:54.606Z,sell,5.9e-07,132039.0,0.07790301
QLC/BTC,1609048014606,2020-12-27T05:46:54.606Z,sell,5.9e-07,132039.0,0.07790301
QLC/BTC,1609048507860,2020-12-27T05:55:07.860Z,buy,6e-07,888.0,0.0005327999999999
QLC/BTC,1609049472270,2020-12-27T06:11:12.270Z,sell,5.9e-07,62718.0,0.03700362
QLC/BTC,1609049532560,2020-12-27T06:12:12.560Z,sell,5.9e-07,10968.0,0.0064711199999999
QLC/BTC,1609049620649,2020-12-27T06:13:40.649Z,sell,5.9e-07,5048.0,0.00297832
QLC/BTC,1609050008007,2020-12-27T06:20:08.007Z,sell,5.9e-07,14988.0,0.0088429199999999
QLC/BTC,1609050043392,2020-12-27T06:20:43.392Z,sell,5.9e-07,4015.0,0.00236885
QLC/BTC,1609050068059,2020-12-27T06:21:08.059Z,sell,5.9e-07,1119.0,0.0006602099999999
QLC/BTC,1609050182767,2020-12-27T06:23:02.767Z,sell,5.9e-07,10714.0,0.0063212599999999
QLC/BTC,1609051226485,2020-12-27T06:40:26.485Z,sell,5.9e-07,2539.0,0.00149801
QLC/BTC,1609051559237,2020-12-27T06:45:59.237Z,buy,6e-07,167.0,0.0001002
QLC/BTC,1609051559237,2020-12-27T06:45:59.237Z,buy,6e-07,167.0,0.0001002
QLC/BTC,1609051672786,2020-12-27T06:47:52.786Z,sell,5.9e-07,777.0,0.0004584299999999
QLC/BTC,1609051677832,2020-12-27T06:47:57.832Z,sell,5.9e-07,2939.0,0.0017340099999999
QLC/BTC,1609051698969,2020-12-27T06:48:18.969Z,sell,5.9e-07,98094.0,0.05787546
QLC/BTC,1609052064116,2020-12-27T06:54:24.116Z,sell,5.8e-07,6666.0,0.0038662799999999
QLC/BTC,1609052064116,2020-12-27T06:54:24.116Z,sell,5.8e-07,306.0,0.00017748
QLC/BTC,1609052190123,2020-12-27T06:56:30.123Z,sell,5.8e-07,7036.0,0.0040808799999999
QLC/BTC,1609052457591,2020-12-27T07:00:57.591Z,sell,5.8e-07,8738.0,0.0050680399999999
QLC/BTC,1609052561200,2020-12-27T07:02:41.200Z,sell,5.8e-07,21241.0,0.0123197799999999
QLC/BTC,1609052845790,2020-12-27T07:07:25.790Z,sell,5.8e-07,11431.0,0.00662998
QLC/BTC,1609052962050,2020-12-27T07:09:22.050Z,sell,5.8e-07,7419.0,0.0043030199999999
QLC/BTC,1609053048323,2020-12-27T07:10:48.323Z,buy,5.9e-07,174.0,0.00010266
QLC/BTC,1609053066310,2020-12-27T07:11:06.310Z,buy,5.9e-07,2711.0,0.0015994899999999
QLC/BTC,1609054111805,2020-12-27T07:28:31.805Z,buy,5.9e-07,563.0,0.0003321699999999
QLC/BTC,1609054347937,2020-12-27T07:32:27.937Z,sell,5.8e-07,180462.0,0.1046679599999999
QLC/BTC,1609054347953,2020-12-27T07:32:27.953Z,buy,5.8e-07,6396.0,0.0037096799999999
QLC/BTC,1609054347995,2020-12-27T07:32:27.995Z,buy,5.8e-07,23154.0,0.0134293199999999
QLC/BTC,1609054382355,2020-12-27T07:33:02.355Z,buy,5.8e-07,15670.0,0.0090885999999999
QLC/BTC,1609054396741,2020-12-27T07:33:16.741Z,buy,5.8e-07,56859.0,0.0329782199999999
QLC/BTC,1609054724303,2020-12-27T07:38:44.303Z,sell,5.8e-07,472.0,0.0002737599999999
QLC/BTC,1609054724303,2020-12-27T07:38:44.303Z,sell,5.8e-07,472.0,0.0002737599999999
QLC/BTC,1609055266738,2020-12-27T07:47:46.738Z,sell,5.8e-07,1916.0,0.0011112799999999
QLC/BTC,1609055333700,2020-12-27T07:48:53.700Z,sell,5.8e-07,554.0,0.00032132
QLC/BTC,1609056233591,2020-12-27T08:03:53.591Z,sell,5.8e-07,5705.0,0.0033088999999999
QLC/BTC,1609056706563,2020-12-27T08:11:46.563Z,sell,5.7e-07,1778.0,0.00101346
QLC/BTC,1609056737859,2020-12-27T08:12:17.859Z,sell,5.7e-07,1779.0,0.00101403
QLC/BTC,1609056830058,2020-12-27T08:13:50.058Z,sell,5.7e-07,189.0,0.00010773
QLC/BTC,1609056915990,2020-12-27T08:15:15.990Z,buy,5.8e-07,8684.0,0.00503672
QLC/BTC,1609056928684,2020-12-27T08:15:28.684Z,sell,5.7e-07,1041.0,0.00059337
QLC/BTC,1609056980599,2020-12-27T08:16:20.599Z,sell,5.7e-07,40903.0,0.02331471
QLC/BTC,1609057068293,2020-12-27T08:17:48.293Z,sell,5.6e-07,437.0,0.00024472
QLC/BTC,1609057068293,2020-12-27T08:17:48.293Z,sell,5.6e-07,18532.0,0.01037792
QLC/BTC,1609057106494,2020-12-27T08:18:26.494Z,buy,5.7e-07,77414.0,0.04412598
QLC/BTC,1609057112987,2020-12-27T08:18:32.987Z,sell,5.6e-07,142777.0,0.07995512
QLC/BTC,1609057146848,2020-12-27T08:19:06.848Z,buy,5.7e-07,4103.0,0.00233871
QLC/BTC,1609057181700,2020-12-27T08:19:41.700Z,sell,5.6e-07,1500.0,0.00084
QLC/BTC,1609057252354,2020-12-27T08:20:52.354Z,sell,5.6e-07,100000.0,0.056
QLC/BTC,1609057323152,2020-12-27T08:22:03.152Z,sell,5.6e-07,612.0,0.00034272
QLC/BTC,1609057346958,2020-12-27T08:22:26.958Z,buy,5.7e-07,8771.0,0.00499947
QLC/BTC,1609057563903,2020-12-27T08:26:03.903Z,buy,5.7e-07,16330.0,0.0093081
QLC/BTC,1609057801412,2020-12-27T08:30:01.412Z,buy,5.7e-07,12097.0,0.00689529
QLC/BTC,1609057801412,2020-12-27T08:30:01.412Z,buy,5.7e-07,12097.0,0.00689529
QLC/BTC,1609058841666,2020-12-27T08:47:21.666Z,sell,5.6e-07,3053.0,0.00170968
QLC/BTC,1609058868693,2020-12-27T08:47:48.693Z,sell,5.6e-07,768.0,0.00043008
QLC/BTC,1609058878162,2020-12-27T08:47:58.162Z,buy,5.6e-07,1994.0,0.00111664
QLC/BTC,1609058948318,2020-12-27T08:49:08.318Z,buy,5.6e-07,179.0,0.00010024
QLC/BTC,1609059013968,2020-12-27T08:50:13.968Z,buy,5.6e-07,2000.0,0.00112
QLC/BTC,1609059236920,2020-12-27T08:53:56.920Z,sell,5.5e-07,2528.0,0.0013904
QLC/BTC,1609059236920,2020-12-27T08:53:56.920Z,sell,5.5e-07,760.0,0.000418
QLC/BTC,1609059236920,2020-12-27T08:53:56.920Z,sell,5.5e-07,3996.0,0.0021978
QLC/BTC,1609059236920,2020-12-27T08:53:56.920Z,sell,5.5e-07,5852.0,0.0032186
QLC/BTC,1609059335170,2020-12-27T08:55:35.170Z,sell,5.5e-07,4495.0,0.00247225
QLC/BTC,1609059848007,2020-12-27T09:04:08.007Z,buy,5.6e-07,1298.0,0.00072688
QLC/BTC,1609059848240,2020-12-27T09:04:08.240Z,buy,5.6e-07,1000.0,0.00056
QLC/BTC,1609059889922,2020-12-27T09:04:49.922Z,buy,5.6e-07,42242.0,0.02365552
QLC/BTC,1609060112604,2020-12-27T09:08:32.604Z,sell,5.6e-07,1101.0,0.00061656
QLC/BTC,1609060165752,2020-12-27T09:09:25.752Z,sell,5.6e-07,32000.0,0.01792
QLC/BTC,1609060243716,2020-12-27T09:10:43.716Z,buy,5.7e-07,372.0,0.00021204
QLC/BTC,1609060634323,2020-12-27T09:17:14.323Z,buy,5.7e-07,14368.0,0.00818976
QLC/BTC,1609060819791,2020-12-27T09:20:19.791Z,sell,5.6e-07,8000.0,0.00448
QLC/BTC,1609060910083,2020-12-27T09:21:50.083Z,sell,5.6e-07,1008.0,0.00056448
QLC/BTC,1609061095076,2020-12-27T09:24:55.076Z,sell,5.6e-07,85103.0,0.04765768
QLC/BTC,1609061095076,2020-12-27T09:24:55.076Z,sell,5.5e-07,122467.0,0.06735685
QLC/BTC,1609061095081,2020-12-27T09:24:55.081Z,buy,5.5e-07,29241.0,0.01608255
QLC/BTC,1609061134652,2020-12-27T09:25:34.652Z,buy,5.6e-07,2000.0,0.00112
QLC/BTC,1609061134652,2020-12-27T09:25:34.652Z,buy,5.6e-07,2000.0,0.00112
QLC/BTC,1609061780287,2020-12-27T09:36:20.287Z,sell,5.5e-07,236.0,0.0001298
QLC/BTC,1609062042654,2020-12-27T09:40:42.654Z,buy,5.6e-07,226.0,0.00012656
QLC/BTC,1609062057130,2020-12-27T09:40:57.130Z,sell,5.5e-07,375.0,0.00020625
QLC/BTC,1609062244624,2020-12-27T09:44:04.624Z,sell,5.5e-07,10630.0,0.0058465
QLC/BTC,1609062373880,2020-12-27T09:46:13.880Z,buy,5.6e-07,24905.0,0.0139468
QLC/BTC,1609062409235,2020-12-27T09:46:49.235Z,sell,5.5e-07,185.0,0.00010175
QLC/BTC,1609062495110,2020-12-27T09:48:15.110Z,sell,5.5e-07,200.0,0.00011
QLC/BTC,1609062580439,2020-12-27T09:49:40.439Z,sell,5.5e-07,30905.0,0.01699775
QLC/BTC,1609062824521,2020-12-27T09:53:44.521Z,sell,5.5e-07,21660.0,0.011913
QLC/BTC,1609063605117,2020-12-27T10:06:45.117Z,buy,5.6e-07,2826.0,0.00158256
QLC/BTC,1609064091650,2020-12-27T10:14:51.650Z,buy,5.6e-07,219.0,0.00012264
QLC/BTC,1609064091650,2020-12-27T10:14:51.650Z,buy,5.6e-07,219.0,0.00012264
QLC/BTC,1609064940730,2020-12-27T10:29:00.730Z,buy,5.6e-07,17217.0,0.00964152
QLC/BTC,1609065300902,2020-12-27T10:35:00.902Z,sell,5.5e-07,1636.0,0.0008998
QLC/BTC,1609065618101,2020-12-27T10:40:18.101Z,sell,5.5e-07,1617.0,0.00088935
QLC/BTC,1609066033079,2020-12-27T10:47:13.079Z,sell,5.5e-07,413177.0,0.22724735
QLC/BTC,1609066098886,2020-12-27T10:48:18.886Z,sell,5.5e-07,5415.0,0.00297825
QLC/BTC,1609066403354,2020-12-27T10:53:23.354Z,sell,5.5e-07,3915.0,0.00215325
QLC/BTC,1609066829507,2020-12-27T11:00:29.507Z,sell,5.5e-07,1200.0,0.00066
QLC/BTC,1609067242716,2020-12-27T11:07:22.716Z,sell,5.5e-07,925.0,0.00050875
QLC/BTC,1609067287795,2020-12-27T11:08:07.795Z,buy,5.6e-07,229.0,0.00012824
QLC/BTC,1609067305922,2020-12-27T11:08:25.922Z,buy,5.6e-07,3795.0,0.0021252
QLC/BTC,1609067436990,2020-12-27T11:10:36.990Z,sell,5.5e-07,185.0,0.00010175
QLC/BTC,1609067447139,2020-12-27T11:10:47.139Z,sell,5.5e-07,75198.0,0.0413589
QLC/BTC,1609067449025,2020-12-27T11:10:49.025Z,buy,5.5e-07,2004.0,0.0011022
QLC/BTC,1609067507486,2020-12-27T11:11:47.486Z,sell,5.4e-07,41381.0,0.02234574
QLC/BTC,1609067548458,2020-12-27T11:12:28.458Z,sell,5.4e-07,21958.0,0.01185732
QLC/BTC,1609067548470,2020-12-27T11:12:28.470Z,buy,5.4e-07,2607.0,0.00140778
QLC/BTC,1609067548502,2020-12-27T11:12:28.502Z,buy,5.4e-07,8409.0,0.00454086
QLC/BTC,1609067548516,2020-12-27T11:12:28.516Z,buy,5.4e-07,10605.0,0.0057267
QLC/BTC,1609067548560,2020-12-27T11:12:28.560Z,buy,5.4e-07,2037.0,0.00109998
QLC/BTC,1609067548568,2020-12-27T11:12:28.568Z,buy,5.4e-07,3854.0,0.00208116
QLC/BTC,1609067548978,2020-12-27T11:12:28.978Z,buy,5.4e-07,711.0,0.00038394
QLC/BTC,1609067549201,2020-12-27T11:12:29.201Z,buy,5.4e-07,8508.0,0.00459432
QLC/BTC,1609067583250,2020-12-27T11:13:03.250Z,buy,5.4e-07,5431.0,0.00293274
QLC/BTC,1609067607661,2020-12-27T11:13:27.661Z,buy,5.4e-07,5198.0,0.00280692
QLC/BTC,1609067607661,2020-12-27T11:13:27.661Z,buy,5.4e-07,5198.0,0.00280692
QLC/BTC,1609067708109,2020-12-27T11:15:08.109Z,buy,5.4e-07,186.0,0.00010044
QLC/BTC,1609067787350,2020-12-27T11:16:27.350Z,sell,5.3e-07,118436.0,0.06277108
QLC/BTC,1609067958545,2020-12-27T11:19:18.545Z,buy,5.4e-07,9273.0,0.00500742
QLC/BTC,1609068019655,2020-12-27T11:20:19.655Z,sell,5.3e-07,6275.0,0.00332575
QLC/BTC,1609068095753,2020-12-27T11:21:35.753Z,buy,5.4e-07,750.0,0.000405
QLC/BTC,1609068106174,2020-12-27T11:21:46.174Z,sell,5.3e-07,373.0,0.00019769
QLC/BTC,1609068132897,2020-12-27T11:22:12.897Z,buy,5.4e-07,600.0,0.000324
QLC/BTC,1609068298331,2020-12-27T11:24:58.331Z,buy,5.4e-07,2669.0,0.00144126
QLC/BTC,1609068335355,2020-12-27T11:25:35.355Z,sell,5.3e-07,879.0,0.00046587
QLC/BTC,1609068339268,2020-12-27T11:25:39.268Z,sell,5.3e-07,122103.0,0.06471459
QLC/BTC,1609068339281,2020-12-27T11:25:39.281Z,buy,5.3e-07,630.0,0.0003339
QLC/BTC,1609068339304,2020-12-27T11:25:39.304Z,buy,5.3e-07,629.0,0.00033337
QLC/BTC,1609068339337,2020-12-27T11:25:39.337Z,buy,5.3e-07,1743.0,0.00092379
QLC/BTC,1609068346722,2020-12-27T11:25:46.722Z,sell,5.2e-07,32000.0,0.01664
QLC/BTC,1609068348531,2020-12-27T11:25:48.531Z,sell,5.3e-07,5766.0,0.00305598
QLC/BTC,1609068348547,2020-12-27T11:25:48.547Z,buy,5.3e-07,8575.0,0.00454475
QLC/BTC,1609068348570,2020-12-27T11:25:48.570Z,buy,5.3e-07,963.0,0.00051039
QLC/BTC,1609068348653,2020-12-27T11:25:48.653Z,buy,5.3e-07,591.0,0.00031323
QLC/BTC,1609068348758,2020-12-27T11:25:48.758Z,buy,5.3e-07,11277.0,0.00597681
QLC/BTC,1609068348869,2020-12-27T11:25:48.869Z,buy,5.3e-07,7544.0,0.00399832
QLC/BTC,1609068351086,2020-12-27T11:25:51.086Z,buy,5.3e-07,2033.0,0.00107749
QLC/BTC,1609068357018,2020-12-27T11:25:57.018Z,buy,5.3e-07,189.0,0.00010017
QLC/BTC,1609068395741,2020-12-27T11:26:35.741Z,buy,5.3e-07,3961.0,0.00209933
QLC/BTC,1609068610114,2020-12-27T11:30:10.114Z,sell,5.2e-07,126072.0,0.06555744
QLC/BTC,1609068617910,2020-12-27T11:30:17.910Z,buy,5.3e-07,15915.0,0.00843495
QLC/BTC,1609068635958,2020-12-27T11:30:35.958Z,sell,5.2e-07,1500.0,0.00078
QLC/BTC,1609068723373,2020-12-27T11:32:03.373Z,sell,5.2e-07,819.0,0.00042588
QLC/BTC,1609068951730,2020-12-27T11:35:51.730Z,buy,5.3e-07,7079.0,0.00375187
QLC/BTC,1609068979760,2020-12-27T11:36:19.760Z,sell,5.3e-07,2343.0,0.00124179
QLC/BTC,1609068982807,2020-12-27T11:36:22.807Z,sell,5.3e-07,5727.0,0.00303531
QLC/BTC,1609069011392,2020-12-27T11:36:51.392Z,sell,5.3e-07,4871.0,0.00258163
QLC/BTC,1609069043364,2020-12-27T11:37:23.364Z,sell,5.3e-07,18766.0,0.00994598
QLC/BTC,1609069144005,2020-12-27T11:39:04.005Z,sell,5.3e-07,2667.0,0.00141351
QLC/BTC,1609069270029,2020-12-27T11:41:10.029Z,sell,5.3e-07,7194.0,0.00381282
QLC/BTC,1609069457362,2020-12-27T11:44:17.362Z,sell,5.3e-07,7000.0,0.00371
QLC/BTC,1609069498846,2020-12-27T11:44:58.846Z,buy,5.4e-07,186.0,0.00010044
QLC/BTC,1609069525821,2020-12-27T11:45:25.821Z,sell,5.3e-07,3595.0,0.00190535
QLC/BTC,1609069609157,2020-12-27T11:46:49.157Z,sell,5.3e-07,3169.0,0.00167957
QLC/BTC,1609069691834,2020-12-27T11:48:11.834Z,sell,5.3e-07,307.0,0.00016271
QLC/BTC,1609070030595,2020-12-27T11:53:50.595Z,sell,5.3e-07,16963.0,0.00899039
QLC/BTC,1609070310786,2020-12-27T11:58:30.786Z,buy,5.4e-07,618.0,0.00033372
QLC/BTC,1609071000273,2020-12-27T12:10:00.273Z,buy,5.4e-07,1912.0,0.00103248
QLC/BTC,1609071056084,2020-12-27T12:10:56.084Z,buy,5.4e-07,5916.0,0.00319464
QLC/BTC,1609071056163,2020-12-27T12:10:56.163Z,buy,5.4e-07,9584.0,0.00517536
QLC/BTC,1609071056163,2020-12-27T12:10:56.163Z,buy,5.4e-07,9584.0,0.00517536
QLC/BTC,1609071405387,2020-12-27T12:16:45.387Z,buy,5.4e-07,1001.0,0.00054054
QLC/BTC,1609071518957,2020-12-27T12:18:38.957Z,sell,5.3e-07,6693.0,0.00354729
QLC/BTC,1609071703350,2020-12-27T12:21:43.350Z,sell,5.3e-07,14905.0,0.00789965
QLC/BTC,1609071734265,2020-12-27T12:22:14.265Z,buy,5.4e-07,8014.0,0.00432756
QLC/BTC,1609071862252,2020-12-27T12:24:22.252Z,buy,5.4e-07,4546.0,0.00245484
QLC/BTC,1609071946130,2020-12-27T12:25:46.130Z,buy,5.4e-07,1845.0,0.0009963
QLC/BTC,1609071959561,2020-12-27T12:25:59.561Z,buy,5.4e-07,550.0,0.000297
QLC/BTC,1609071965019,2020-12-27T12:26:05.019Z,buy,5.4e-07,17487.0,0.00944298
QLC/BTC,1609072162960,2020-12-27T12:29:22.960Z,sell,5.4e-07,962.0,0.00051948
QLC/BTC,1609072177206,2020-12-27T12:29:37.206Z,buy,5.5e-07,182.0,0.0001001
QLC/BTC,1609072235867,2020-12-27T12:30:35.867Z,buy,5.5e-07,1818.0,0.0009999
QLC/BTC,1609072502778,2020-12-27T12:35:02.778Z,sell,5.4e-07,888.0,0.00047952
QLC/BTC,1609073369495,2020-12-27T12:49:29.495Z,buy,5.5e-07,1554.0,0.0008547
QLC/BTC,1609073458901,2020-12-27T12:50:58.901Z,buy,5.5e-07,98906.0,0.0543983
QLC/BTC,1609073495966,2020-12-27T12:51:35.966Z,sell,5.4e-07,1705.0,0.0009207
QLC/BTC,1609074406492,2020-12-27T13:06:46.492Z,sell,5.4e-07,334.0,0.00018036
QLC/BTC,1609074406492,2020-12-27T13:06:46.492Z,sell,5.4e-07,334.0,0.00018036
QLC/BTC,1609074883334,2020-12-27T13:14:43.334Z,sell,5.4e-07,4537.0,0.00244998
QLC/BTC,1609075208127,2020-12-27T13:20:08.127Z,sell,5.4e-07,8716.0,0.00470664
QLC/BTC,1609075910364,2020-12-27T13:31:50.364Z,buy,5.5e-07,555.0,0.00030525
QLC/BTC,1609075939893,2020-12-27T13:32:19.893Z,buy,5.5e-07,1818.0,0.0009999
QLC/BTC,1609075942311,2020-12-27T13:32:22.311Z,buy,5.5e-07,8559.0,0.00470745
QLC/BTC,1609076356434,2020-12-27T13:39:16.434Z,sell,5.4e-07,30034.0,0.01621836
QLC/BTC,1609076842447,2020-12-27T13:47:22.447Z,sell,5.4e-07,2139.0,0.00115506
QLC/BTC,1609076878602,2020-12-27T13:47:58.602Z,sell,5.4e-07,158180.0,0.0854172
QLC/BTC,1609077065541,2020-12-27T13:51:05.541Z,sell,5.4e-07,8738.0,0.00471852
QLC/BTC,1609077513424,2020-12-27T13:58:33.424Z,buy,5.5e-07,20015.0,0.01100825
QLC/BTC,1609077759000,2020-12-27T14:02:39.000Z,buy,5.5e-07,512.0,0.0002816
QLC/BTC,1609077759654,2020-12-27T14:02:39.654Z,buy,5.5e-07,8396.0,0.0046178
QLC/BTC,1609077759696,2020-12-27T14:02:39.696Z,buy,5.5e-07,7125.0,0.00391875
QLC/BTC,1609077759696,2020-12-27T14:02:39.696Z,buy,5.5e-07,7125.0,0.00391875
QLC/BTC,1609078640241,2020-12-27T14:17:20.241Z,sell,5.4e-07,2139.0,0.00115506
QLC/BTC,1609078901337,2020-12-27T14:21:41.337Z,buy,5.5e-07,20338.0,0.0111859
QLC/BTC,1609079073133,2020-12-27T14:24:33.133Z,sell,5.4e-07,2192.0,0.00118368
QLC/BTC,1609079096015,2020-12-27T14:24:56.015Z,buy,5.5e-07,338.0,0.0001859
QLC/BTC,1609079131184,2020-12-27T14:25:31.184Z,buy,5.5e-07,3700.0,0.002035
QLC/BTC,1609079132355,2020-12-27T14:25:32.355Z,buy,5.5e-07,8396.0,0.0046178
QLC/BTC,1609079132414,2020-12-27T14:25:32.414Z,buy,5.5e-07,5553.0,0.00305415
QLC/BTC,1609079495207,2020-12-27T14:31:35.207Z,buy,5.5e-07,78990.0,0.0434445
QLC/BTC,1609079871326,2020-12-27T14:37:51.326Z,buy,5.5e-07,9911.0,0.00545105
QLC/BTC,1609079883861,2020-12-27T14:38:03.861Z,buy,5.5e-07,455.0,0.00025025
QLC/BTC,1609080047120,2020-12-27T14:40:47.120Z,buy,5.5e-07,457.0,0.00025135
QLC/BTC,1609080051174,2020-12-27T14:40:51.174Z,buy,5.5e-07,208.0,0.0001144
QLC/BTC,1609080331021,2020-12-27T14:45:31.021Z,buy,5.5e-07,482.0,0.0002651
QLC/BTC,1609080510610,2020-12-27T14:48:30.610Z,buy,5.5e-07,65968.0,0.0362824
QLC/BTC,1609080522859,2020-12-27T14:48:42.859Z,buy,5.5e-07,10504.0,0.0057772
QLC/BTC,1609080770845,2020-12-27T14:52:50.845Z,buy,5.6e-07,179.0,0.00010024
QLC/BTC,1609080901651,2020-12-27T14:55:01.651Z,sell,5.5e-07,40312.0,0.0221716
QLC/BTC,1609080935183,2020-12-27T14:55:35.183Z,sell,5.5e-07,184.0,0.0001012
QLC/BTC,1609080969183,2020-12-27T14:56:09.183Z,buy,5.6e-07,7305.0,0.0040908
QLC/BTC,1609081041420,2020-12-27T14:57:21.420Z,buy,5.6e-07,437464.0,0.24497984
QLC/BTC,1609081079838,2020-12-27T14:57:59.838Z,buy,5.7e-07,528.0,0.00030096
QLC/BTC,1609081094678,2020-12-27T14:58:14.678Z,sell,5.6e-07,264.0,0.00014784
QLC/BTC,1609081208391,2020-12-27T15:00:08.391Z,sell,5.6e-07,1141.0,0.00063896
QLC/BTC,1609081285838,2020-12-27T15:01:25.838Z,sell,5.6e-07,65968.0,0.03694208
QLC/BTC,1609081309070,2020-12-27T15:01:49.070Z,buy,5.7e-07,43092.0,0.02456244
QLC/BTC,1609081309070,2020-12-27T15:01:49.070Z,buy,5.7e-07,43092.0,0.02456244
QLC/BTC,1609081368168,2020-12-27T15:02:48.168Z,sell,5.6e-07,50949.0,0.02853144
QLC/BTC,1609081766221,2020-12-27T15:09:26.221Z,buy,5.7e-07,176.0,0.00010032
QLC/BTC,1609081837966,2020-12-27T15:10:37.966Z,sell,5.6e-07,322.0,0.00018032
QLC/BTC,1609081884345,2020-12-27T15:11:24.345Z,sell,5.6e-07,1964.0,0.00109984
QLC/BTC,1609082041533,2020-12-27T15:14:01.533Z,buy,5.7e-07,200000.0,0.114
QLC/BTC,1609082191264,2020-12-27T15:16:31.264Z,buy,5.7e-07,96680.0,0.0551076
QLC/BTC,1609082303112,2020-12-27T15:18:23.112Z,sell,5.6e-07,9408.0,0.00526848
QLC/BTC,1609082425553,2020-12-27T15:20:25.553Z,buy,5.7e-07,76217.0,0.04344369
QLC/BTC,1609082551184,2020-12-27T15:22:31.184Z,sell,5.6e-07,180.0,0.0001008
QLC/BTC,1609082554031,2020-12-27T15:22:34.031Z,buy,5.7e-07,12551.0,0.00715407
QLC/BTC,1609082601488,2020-12-27T15:23:21.488Z,sell,5.6e-07,180.0,0.0001008
QLC/BTC,1609082611273,2020-12-27T15:23:31.273Z,buy,5.7e-07,184.0,0.00010488
QLC/BTC,1609082754043,2020-12-27T15:25:54.043Z,buy,5.7e-07,846.0,0.00048222
QLC/BTC,1609083268115,2020-12-27T15:34:28.115Z,buy,5.7e-07,1465.0,0.00083505
QLC/BTC,1609083632692,2020-12-27T15:40:32.692Z,sell,5.6e-07,243667.0,0.13645352
QLC/BTC,1609083714225,2020-12-27T15:41:54.225Z,sell,5.6e-07,2004.0,0.00112224
QLC/BTC,1609083808539,2020-12-27T15:43:28.539Z,sell,5.6e-07,144782.0,0.08107792
QLC/BTC,1609083896390,2020-12-27T15:44:56.390Z,sell,5.6e-07,3699.0,0.00207144
QLC/BTC,1609084232990,2020-12-27T15:50:32.990Z,sell,5.6e-07,845.0,0.0004732
QLC/BTC,1609084266351,2020-12-27T15:51:06.351Z,buy,5.7e-07,1300.0,0.000741
QLC/BTC,1609084586354,2020-12-27T15:56:26.354Z,buy,5.7e-07,11474.0,0.00654018
QLC/BTC,1609084590710,2020-12-27T15:56:30.710Z,sell,5.7e-07,500.0,0.000285
QLC/BTC,1609084630608,2020-12-27T15:57:10.608Z,sell,5.7e-07,1955.0,0.00111435
QLC/BTC,1609084630608,2020-12-27T15:57:10.608Z,sell,5.7e-07,1955.0,0.00111435
QLC/BTC,1609084911212,2020-12-27T16:01:51.212Z,buy,5.8e-07,173.0,0.0001003399999999
QLC/BTC,1609085454838,2020-12-27T16:10:54.838Z,buy,5.8e-07,161886.0,0.09389388
QLC/BTC,1609085454838,2020-12-27T16:10:54.838Z,buy,5.9e-07,464523.0,0.2740685699999999
QLC/BTC,1609085454838,2020-12-27T16:10:54.838Z,buy,6e-07,505421.0,0.3032526
QLC/BTC,1609085454907,2020-12-27T16:10:54.907Z,sell,6e-07,13545.0,0.0081269999999999
QLC/BTC,1609085455046,2020-12-27T16:10:55.046Z,sell,6e-07,11616.0,0.0069695999999999
QLC/BTC,1609085455589,2020-12-27T16:10:55.589Z,sell,6e-07,10762.0,0.0064572
QLC/BTC,1609085468702,2020-12-27T16:11:08.702Z,sell,6e-07,4000.0,0.0024
QLC/BTC,1609085485951,2020-12-27T16:11:25.951Z,buy,6e-07,258.0,0.0001548
QLC/BTC,1609085489132,2020-12-27T16:11:29.132Z,buy,6e-07,113884.0,0.0683304
QLC/BTC,1609085497509,2020-12-27T16:11:37.509Z,sell,5.9e-07,3258.0,0.0019222199999999
QLC/BTC,1609085499983,2020-12-27T16:11:39.983Z,sell,5.9e-07,7427.0,0.00438193
QLC/BTC,1609085508897,2020-12-27T16:11:48.897Z,buy,5.9e-07,1344.0,0.00079296
QLC/BTC,1609085514984,2020-12-27T16:11:54.984Z,buy,6e-07,1033.0,0.0006198
QLC/BTC,1609085514984,2020-12-27T16:11:54.984Z,buy,6.1e-07,4577.0,0.00279197
QLC/BTC,1609085529662,2020-12-27T16:12:09.662Z,buy,6.1e-07,70557.0,0.04303977
QLC/BTC,1609085529662,2020-12-27T16:12:09.662Z,buy,6.2e-07,189443.0,0.11745466
QLC/BTC,1609085533301,2020-12-27T16:12:13.301Z,sell,6e-07,4866.0,0.0029196
QLC/BTC,1609085537468,2020-12-27T16:12:17.468Z,buy,6.1e-07,222.0,0.00013542
QLC/BTC,1609085538876,2020-12-27T16:12:18.876Z,buy,6.1e-07,181.0,0.00011041
QLC/BTC,1609085539115,2020-12-27T16:12:19.115Z,sell,6.1e-07,611.0,0.00037271
QLC/BTC,1609085547142,2020-12-27T16:12:27.142Z,buy,6.2e-07,2420.0,0.0015004
QLC/BTC,1609085558236,2020-12-27T16:12:38.236Z,sell,6e-07,12722.0,0.0076332
QLC/BTC,1609085579549,2020-12-27T16:12:59.549Z,sell,6e-07,9585.0,0.005751
QLC/BTC,1609085606046,2020-12-27T16:13:26.046Z,sell,6e-07,6392.0,0.0038352
QLC/BTC,1609085616483,2020-12-27T16:13:36.483Z,sell,5.9e-07,866.0,0.00051094
QLC/BTC,1609085616483,2020-12-27T16:13:36.483Z,sell,5.8e-07,4822.0,0.0027967599999999
QLC/BTC,1609085629832,2020-12-27T16:13:49.832Z,buy,5.9e-07,193.0,0.0001138699999999
QLC/BTC,1609085643412,2020-12-27T16:14:03.412Z,buy,6e-07,866.0,0.0005195999999999
QLC/BTC,1609085652805,2020-12-27T16:14:12.805Z,buy,6.1e-07,78000.0,0.04758
QLC/BTC,1609085665848,2020-12-27T16:14:25.848Z,sell,6e-07,1800.0,0.00108
QLC/BTC,1609085685019,2020-12-27T16:14:45.019Z,sell,6.1e-07,18520.0,0.0112972
QLC/BTC,1609085685019,2020-12-27T16:14:45.019Z,sell,6.1e-07,18520.0,0.0112972
QLC/BTC,1609085685025,2020-12-27T16:14:45.025Z,sell,6.1e-07,7580.0,0.0046238
QLC/BTC,1609085690998,2020-12-27T16:14:50.998Z,buy,6.2e-07,786.0,0.00048732
QLC/BTC,1609085710893,2020-12-27T16:15:10.893Z,buy,6.2e-07,4195.0,0.0026009
QLC/BTC,1609085717434,2020-12-27T16:15:17.434Z,buy,6.2e-07,16129.0,0.00999998
QLC/BTC,1609085766023,2020-12-27T16:16:06.023Z,sell,6.1e-07,417.0,0.00025437
QLC/BTC,1609085797176,2020-12-27T16:16:37.176Z,sell,6.1e-07,2666.0,0.00162626
QLC/BTC,1609085803328,2020-12-27T16:16:43.328Z,sell,6.1e-07,2872.0,0.00175192
QLC/BTC,1609085872508,2020-12-27T16:17:52.508Z,sell,6.1e-07,105995.0,0.06465695
QLC/BTC,1609085878502,2020-12-27T16:17:58.502Z,sell,6.1e-07,8815.0,0.00537715
QLC/BTC,1609085880945,2020-12-27T16:18:00.945Z,sell,6.1e-07,791.0,0.00048251
QLC/BTC,1609085885343,2020-12-27T16:18:05.343Z,sell,6.1e-07,785.0,0.00047885
QLC/BTC,1609085890910,2020-12-27T16:18:10.910Z,sell,6.1e-07,20000.0,0.0121999999999999
QLC/BTC,1609085892676,2020-12-27T16:18:12.676Z,sell,6.1e-07,4992.0,0.00304512
QLC/BTC,1609085898467,2020-12-27T16:18:18.467Z,sell,6.1e-07,5133.0,0.0031311299999999
QLC/BTC,1609085922992,2020-12-27T16:18:42.992Z,sell,6e-07,4489.0,0.0026934
QLC/BTC,1609086040180,2020-12-27T16:20:40.180Z,buy,6.1e-07,30769.0,0.01876909
QLC/BTC,1609086049312,2020-12-27T16:20:49.312Z,sell,6e-07,2265.0,0.001359
QLC/BTC,1609086077337,2020-12-27T16:21:17.337Z,sell,6e-07,30738.0,0.0184428
QLC/BTC,1609086147483,2020-12-27T16:22:27.483Z,sell,6e-07,7214.0,0.0043284
QLC/BTC,1609086406037,2020-12-27T16:26:46.037Z,sell,5.9e-07,12564.0,0.0074127599999999
QLC/BTC,1609086466033,2020-12-27T16:27:46.033Z,buy,6e-07,1525.0,0.0009149999999999
QLC/BTC,1609086496785,2020-12-27T16:28:16.785Z,sell,5.9e-07,749.0,0.0004419099999999
QLC/BTC,1609086680005,2020-12-27T16:31:20.005Z,buy,6e-07,5214.0,0.0031284
QLC/BTC,1609086684478,2020-12-27T16:31:24.478Z,buy,6e-07,6349.0,0.0038093999999999
QLC/BTC,1609086719776,2020-12-27T16:31:59.776Z,buy,6e-07,8718.0,0.0052308
QLC/BTC,1609086768781,2020-12-27T16:32:48.781Z,sell,5.9e-07,42186.0,0.0248897399999999
QLC/BTC,1609086768924,2020-12-27T16:32:48.924Z,sell,5.9e-07,1599.0,0.0009434099999999
QLC/BTC,1609086861250,2020-12-27T16:34:21.250Z,sell,5.9e-07,5085.0,0.0030001499999999
QLC/BTC,1609087006307,2020-12-27T16:36:46.307Z,sell,5.9e-07,11919.0,0.00703221
QLC/BTC,1609087185813,2020-12-27T16:39:45.813Z,buy,6e-07,167.0,0.0001002
QLC/BTC,1609087236425,2020-12-27T16:40:36.425Z,sell,5.9e-07,536.0,0.0003162399999999
QLC/BTC,1609087380516,2020-12-27T16:43:00.516Z,buy,6e-07,413.0,0.0002478
QLC/BTC,1609087654841,2020-12-27T16:47:34.841Z,buy,6e-07,5565.0,0.003339
QLC/BTC,1609087655621,2020-12-27T16:47:35.621Z,buy,6e-07,1130.0,0.000678
QLC/BTC,1609087783523,2020-12-27T16:49:43.523Z,buy,6e-07,59639.0,0.0357834
QLC/BTC,1609087808116,2020-12-27T16:50:08.116Z,sell,6e-07,170.0,0.000102
QLC/BTC,1609087829624,2020-12-27T16:50:29.624Z,sell,6e-07,8709.0,0.0052254
QLC/BTC,1609088012682,2020-12-27T16:53:32.682Z,sell,6e-07,9010.0,0.0054059999999999
QLC/BTC,1609088018750,2020-12-27T16:53:38.750Z,sell,6e-07,9990.0,0.0059939999999999
QLC/BTC,1609088018750,2020-12-27T16:53:38.750Z,sell,6e-07,9990.0,0.0059939999999999
QLC/BTC,1609088317893,2020-12-27T16:58:37.893Z,sell,6e-07,550.0,0.00033
QLC/BTC,1609088327183,2020-12-27T16:58:47.183Z,buy,6.1e-07,164.0,0.00010004
QLC/BTC,1609088614619,2020-12-27T17:03:34.619Z,buy,6.1e-07,26272.0,0.01602592
QLC/BTC,1609088925515,2020-12-27T17:08:45.515Z,sell,6e-07,361.0,0.0002165999999999
QLC/BTC,1609088972892,2020-12-27T17:09:32.892Z,sell,6e-07,11231.0,0.0067386
QLC/BTC,1609089035651,2020-12-27T17:10:35.651Z,sell,6e-07,293.0,0.0001758
QLC/BTC,1609089189292,2020-12-27T17:13:09.292Z,sell,6e-07,6294.0,0.0037763999999999
QLC/BTC,1609089203398,2020-12-27T17:13:23.398Z,buy,6e-07,4937.0,0.0029622
QLC/BTC,1609089203398,2020-12-27T17:13:23.398Z,buy,6.1e-07,25448.0,0.01552328
QLC/BTC,1609089384363,2020-12-27T17:16:24.363Z,sell,5.9e-07,244.0,0.00014396
QLC/BTC,1609089502696,2020-12-27T17:18:22.696Z,sell,5.9e-07,74925.0,0.0442057499999999
QLC/BTC,1609089747155,2020-12-27T17:22:27.155Z,sell,5.9e-07,3067.0,0.00180953
QLC/BTC,1609089747155,2020-12-27T17:22:27.155Z,sell,5.8e-07,17648.0,0.01023584
QLC/BTC,1609089753926,2020-12-27T17:22:33.926Z,buy,5.9e-07,4327.0,0.0025529299999999
QLC/BTC,1609089987070,2020-12-27T17:26:27.070Z,buy,5.9e-07,4589.0,0.0027075099999999
QLC/BTC,1609090342546,2020-12-27T17:32:22.546Z,buy,5.9e-07,825.0,0.00048675
QLC/BTC,1609090534701,2020-12-27T17:35:34.701Z,buy,5.9e-07,1064.0,0.00062776
QLC/BTC,1609090837918,2020-12-27T17:40:37.918Z,buy,5.9e-07,317.0,0.0001870299999999
QLC/BTC,1609090961301,2020-12-27T17:42:41.301Z,sell,5.8e-07,2722.0,0.0015787599999999
QLC/BTC,1609091055607,2020-12-27T17:44:15.607Z,buy,5.9e-07,5287.0,0.00311933
QLC/BTC,1609091056273,2020-12-27T17:44:16.273Z,sell,5.8e-07,2918.0,0.00169244
QLC/BTC,1609091083482,2020-12-27T17:44:43.482Z,sell,5.8e-07,113077.0,0.0655846599999999
QLC/BTC,1609091290656,2020-12-27T17:48:10.656Z,sell,5.8e-07,99933.0,0.0579611399999999
QLC/BTC,1609091290673,2020-12-27T17:48:10.673Z,buy,5.8e-07,1146.0,0.00066468
QLC/BTC,1609091290680,2020-12-27T17:48:10.680Z,buy,5.8e-07,6170.0,0.0035786
QLC/BTC,1609091290691,2020-12-27T17:48:10.691Z,buy,5.8e-07,1150.0,0.000667
QLC/BTC,1609091290701,2020-12-27T17:48:10.701Z,buy,5.8e-07,460.0,0.0002668
QLC/BTC,1609091290711,2020-12-27T17:48:10.711Z,buy,5.8e-07,460.0,0.0002668
QLC/BTC,1609091290724,2020-12-27T17:48:10.724Z,buy,5.8e-07,296.0,0.0001716799999999
QLC/BTC,1609091290740,2020-12-27T17:48:10.740Z,buy,5.8e-07,805.0,0.0004668999999999
QLC/BTC,1609091290890,2020-12-27T17:48:10.890Z,buy,5.8e-07,629.0,0.0003648199999999
QLC/BTC,1609091349094,2020-12-27T17:49:09.094Z,buy,5.8e-07,1355.0,0.0007859
QLC/BTC,1609091350713,2020-12-27T17:49:10.713Z,sell,5.7e-07,5911.0,0.00336927
QLC/BTC,1609091350918,2020-12-27T17:49:10.918Z,sell,5.7e-07,2843.0,0.00162051
QLC/BTC,1609091413906,2020-12-27T17:50:13.906Z,buy,5.8e-07,10071.0,0.00584118
QLC/BTC,1609091434296,2020-12-27T17:50:34.296Z,buy,5.9e-07,170.0,0.0001003
QLC/BTC,1609091452564,2020-12-27T17:50:52.564Z,sell,5.8e-07,596.0,0.0003456799999999
QLC/BTC,1609091479022,2020-12-27T17:51:19.022Z,sell,5.8e-07,5172.0,0.0029997599999999
QLC/BTC,1609091479022,2020-12-27T17:51:19.022Z,sell,5.8e-07,5172.0,0.0029997599999999
QLC/BTC,1609091619859,2020-12-27T17:53:39.859Z,buy,5.9e-07,597.0,0.00035223
QLC/BTC,1609092025022,2020-12-27T18:00:25.022Z,buy,5.9e-07,5942.0,0.0035057799999999
QLC/BTC,1609092356172,2020-12-27T18:05:56.172Z,buy,5.9e-07,169491.0,0.0999996899999999
QLC/BTC,1609092362859,2020-12-27T18:06:02.859Z,buy,5.9e-07,32477.0,0.01916143
QLC/BTC,1609092362932,2020-12-27T18:06:02.932Z,sell,5.9e-07,7832.0,0.00462088
QLC/BTC,1609092363021,2020-12-27T18:06:03.021Z,sell,5.9e-07,16329.0,0.00963411
QLC/BTC,1609092429301,2020-12-27T18:07:09.301Z,sell,5.9e-07,224959.0,0.13272581
QLC/BTC,1609092628213,2020-12-27T18:10:28.213Z,sell,5.9e-07,15250.0,0.0089975
QLC/BTC,1609092644465,2020-12-27T18:10:44.465Z,sell,5.9e-07,54740.0,0.0322965999999999
QLC/BTC,1609092659205,2020-12-27T18:10:59.205Z,sell,5.8e-07,293568.0,0.17026944
QLC/BTC,1609092659211,2020-12-27T18:10:59.211Z,buy,5.8e-07,41011.0,0.02378638
QLC/BTC,1609092731956,2020-12-27T18:12:11.956Z,sell,5.8e-07,5085.0,0.0029492999999999
QLC/BTC,1609092838265,2020-12-27T18:13:58.265Z,buy,5.9e-07,42549.0,0.02510391
QLC/BTC,1609092908997,2020-12-27T18:15:08.997Z,buy,5.9e-07,41130.0,0.0242667
QLC/BTC,1609093252191,2020-12-27T18:20:52.191Z,sell,5.8e-07,110358.0,0.0640076399999999
QLC/BTC,1609093259176,2020-12-27T18:20:59.176Z,sell,5.7e-07,325000.0,0.18525
QLC/BTC,1609093267358,2020-12-27T18:21:07.358Z,sell,5.7e-07,126000.0,0.07182
QLC/BTC,1609093267399,2020-12-27T18:21:07.399Z,sell,5.6e-07,3644.0,0.00204064
QLC/BTC,1609093267400,2020-12-27T18:21:07.400Z,sell,5.6e-07,1677.0,0.00093912
QLC/BTC,1609093269696,2020-12-27T18:21:09.696Z,sell,5.6e-07,28003.0,0.01568168
QLC/BTC,1609093275310,2020-12-27T18:21:15.310Z,sell,5.6e-07,221190.0,0.1238664
QLC/BTC,1609093277807,2020-12-27T18:21:17.807Z,buy,5.7e-07,1996.0,0.00113772
QLC/BTC,1609093279159,2020-12-27T18:21:19.159Z,sell,5.6e-07,234.0,0.00013104
QLC/BTC,1609093302684,2020-12-27T18:21:42.684Z,buy,5.7e-07,11318.0,0.00645126
QLC/BTC,1609093356819,2020-12-27T18:22:36.819Z,sell,5.6e-07,46629.0,0.02611224
QLC/BTC,1609093358200,2020-12-27T18:22:38.200Z,buy,5.6e-07,4024.0,0.00225344
QLC/BTC,1609093358286,2020-12-27T18:22:38.286Z,buy,5.6e-07,4644.0,0.00260064
QLC/BTC,1609093367245,2020-12-27T18:22:47.245Z,buy,5.7e-07,8771.0,0.00499947
QLC/BTC,1609093368524,2020-12-27T18:22:48.524Z,sell,5.6e-07,128246.0,0.07181776
QLC/BTC,1609093375209,2020-12-27T18:22:55.209Z,buy,5.6e-07,37648.0,0.02108288
QLC/BTC,1609093386979,2020-12-27T18:23:06.979Z,buy,5.7e-07,4024.0,0.00229368
QLC/BTC,1609093397193,2020-12-27T18:23:17.193Z,buy,5.7e-07,8058.0,0.00459306
QLC/BTC,1609093453346,2020-12-27T18:24:13.346Z,sell,5.6e-07,5348.0,0.00299488
QLC/BTC,1609093514348,2020-12-27T18:25:14.348Z,buy,5.7e-07,7053.0,0.00402021
QLC/BTC,1609093514477,2020-12-27T18:25:14.477Z,buy,5.7e-07,8839.0,0.00503823
QLC/BTC,1609093514492,2020-12-27T18:25:14.492Z,sell,5.6e-07,26998.0,0.01511888
QLC/BTC,1609093514495,2020-12-27T18:25:14.495Z,sell,5.6e-07,16594.0,0.00929264
QLC/BTC,1609093527261,2020-12-27T18:25:27.261Z,buy,5.7e-07,1164.0,0.00066348
QLC/BTC,1609093531876,2020-12-27T18:25:31.876Z,buy,5.7e-07,7110.0,0.0040527
QLC/BTC,1609093614320,2020-12-27T18:26:54.320Z,buy,5.7e-07,4126.0,0.00235182
QLC/BTC,1609093679848,2020-12-27T18:27:59.848Z,buy,5.7e-07,2002.0,0.00114114
QLC/BTC,1609093699314,2020-12-27T18:28:19.314Z,buy,5.7e-07,1459.0,0.00083163
QLC/BTC,1609093703332,2020-12-27T18:28:23.332Z,sell,5.6e-07,1031.0,0.00057736
QLC/BTC,1609093703437,2020-12-27T18:28:23.437Z,sell,5.6e-07,1031.0,0.00057736
QLC/BTC,1609093703547,2020-12-27T18:28:23.547Z,sell,5.6e-07,1031.0,0.00057736
QLC/BTC,1609093703663,2020-12-27T18:28:23.663Z,sell,5.6e-07,1031.0,0.00057736
QLC/BTC,1609093703744,2020-12-27T18:28:23.744Z,sell,5.6e-07,1031.0,0.00057736
QLC/BTC,1609093703869,2020-12-27T18:28:23.869Z,sell,5.6e-07,1031.0,0.00057736
QLC/BTC,1609093703950,2020-12-27T18:28:23.950Z,sell,5.6e-07,1031.0,0.00057736
QLC/BTC,1609093703971,2020-12-27T18:28:23.971Z,sell,5.6e-07,11325.0,0.006342
QLC/BTC,1609093704065,2020-12-27T18:28:24.065Z,sell,5.6e-07,1031.0,0.00057736
QLC/BTC,1609093704272,2020-12-27T18:28:24.272Z,sell,5.6e-07,1031.0,0.00057736
QLC/BTC,1609093704390,2020-12-27T18:28:24.390Z,sell,5.6e-07,1021.0,0.00057176
QLC/BTC,1609093790646,2020-12-27T18:29:50.646Z,sell,5.6e-07,13826.0,0.00774256
QLC/BTC,1609093832824,2020-12-27T18:30:32.824Z,buy,5.7e-07,12857.0,0.00732849
QLC/BTC,1609093835632,2020-12-27T18:30:35.632Z,buy,5.7e-07,7321.0,0.00417297
QLC/BTC,1609093837061,2020-12-27T18:30:37.061Z,buy,5.7e-07,5866.0,0.00334362
QLC/BTC,1609093841938,2020-12-27T18:30:41.938Z,buy,5.7e-07,12249.0,0.00698193
QLC/BTC,1609093843964,2020-12-27T18:30:43.964Z,buy,5.7e-07,2892.0,0.00164844
QLC/BTC,1609093874831,2020-12-27T18:31:14.831Z,buy,5.7e-07,2678.0,0.00152646
QLC/BTC,1609094001807,2020-12-27T18:33:21.807Z,buy,5.7e-07,10156.0,0.00578892
QLC/BTC,1609094023227,2020-12-27T18:33:43.227Z,sell,5.6e-07,283.0,0.00015848
QLC/BTC,1609094167359,2020-12-27T18:36:07.359Z,sell,5.6e-07,2357.0,0.00131992
QLC/BTC,1609094226036,2020-12-27T18:37:06.036Z,buy,5.7e-07,97045.0,0.05531565
QLC/BTC,1609094582985,2020-12-27T18:43:02.985Z,sell,5.7e-07,50056.0,0.02853192
QLC/BTC,1609094942374,2020-12-27T18:49:02.374Z,sell,5.7e-07,10000.0,0.0057
QLC/BTC,1609094942374,2020-12-27T18:49:02.374Z,sell,5.7e-07,10000.0,0.0057
QLC/BTC,1609095083891,2020-12-27T18:51:23.891Z,buy,5.8e-07,16215.0,0.0094046999999999
QLC/BTC,1609095124705,2020-12-27T18:52:04.705Z,sell,5.7e-07,557.0,0.00031749
QLC/BTC,1609095135153,2020-12-27T18:52:15.153Z,sell,5.7e-07,566.0,0.00032262
QLC/BTC,1609095145690,2020-12-27T18:52:25.690Z,sell,5.7e-07,576.0,0.00032832
QLC/BTC,1609095156143,2020-12-27T18:52:36.143Z,sell,5.7e-07,586.0,0.00033402
QLC/BTC,1609095820914,2020-12-27T19:03:40.914Z,sell,5.7e-07,8371.0,0.00477147
QLC/BTC,1609095832828,2020-12-27T19:03:52.828Z,sell,5.7e-07,1811.0,0.00103227
QLC/BTC,1609096260929,2020-12-27T19:11:00.929Z,sell,5.7e-07,109989.0,0.06269373
QLC/BTC,1609096300019,2020-12-27T19:11:40.019Z,sell,5.7e-07,2461.0,0.00140277
QLC/BTC,1609096881657,2020-12-27T19:21:21.657Z,sell,5.7e-07,44242.0,0.02521794
QLC/BTC,1609096934308,2020-12-27T19:22:14.308Z,buy,5.7e-07,17679.0,0.01007703
QLC/BTC,1609097131116,2020-12-27T19:25:31.116Z,sell,5.6e-07,105991.0,0.05935496
