symbol,timestamp,datetime,side,price,amount,btc_volume
QLC/BTC,1582992070435,2020-02-29T16:01:10.435Z,sell,1.61e-06,1251.0,0.00201411
QLC/BTC,1582993933055,2020-02-29T16:32:13.055Z,sell,1.6e-06,5223.0,0.0083568
QLC/BTC,1582993977830,2020-02-29T16:32:57.830Z,sell,1.6e-06,1214.0,0.0019424
QLC/BTC,1582994107359,2020-02-29T16:35:07.359Z,buy,1.6e-06,63.0,0.0001008
QLC/BTC,1582994220336,2020-02-29T16:37:00.336Z,sell,1.59e-06,3946.0,0.00627414
QLC/BTC,1582995221126,2020-02-29T16:53:41.126Z,buy,1.6e-06,23883.0,0.0382128
QLC/BTC,1582995250339,2020-02-29T16:54:10.339Z,sell,1.6e-06,63.0,0.0001008
QLC/BTC,1582995277959,2020-02-29T16:54:37.959Z,buy,1.61e-06,17554.0,0.02826194
QLC/BTC,1582995295431,2020-02-29T16:54:55.431Z,buy,1.62e-06,93174.0,0.15094188
QLC/BTC,1582995295440,2020-02-29T16:54:55.440Z,sell,1.62e-06,6826.0,0.01105812
QLC/BTC,1582995297615,2020-02-29T16:54:57.615Z,buy,1.62e-06,124.0,0.00020088
QLC/BTC,1582995309765,2020-02-29T16:55:09.765Z,buy,1.62e-06,4946.0,0.00801252
QLC/BTC,1582995309800,2020-02-29T16:55:09.800Z,sell,1.62e-06,5054.0,0.00818748
QLC/BTC,1582995352285,2020-02-29T16:55:52.285Z,buy,1.63e-06,45027.0,0.07339401
QLC/BTC,1582995355135,2020-02-29T16:55:55.135Z,buy,1.63e-06,123.0,0.00020049
QLC/BTC,1582995369962,2020-02-29T16:56:09.962Z,buy,1.63e-06,1958.0,0.00319154
QLC/BTC,1582995380154,2020-02-29T16:56:20.154Z,buy,1.63e-06,48788.0,0.07952444
QLC/BTC,1582995380154,2020-02-29T16:56:20.154Z,buy,1.63e-06,48788.0,0.07952444
QLC/BTC,1582995775613,2020-02-29T17:02:55.613Z,sell,1.62e-06,1744.0,0.00282528
QLC/BTC,1582995839673,2020-02-29T17:03:59.673Z,sell,1.61e-06,414.0,0.00066654
QLC/BTC,1582996271084,2020-02-29T17:11:11.084Z,buy,1.62e-06,1513.0,0.00245106
QLC/BTC,1582996271085,2020-02-29T17:11:11.085Z,buy,1.62e-06,1513.0,0.00245106
QLC/BTC,1582996344187,2020-02-29T17:12:24.187Z,sell,1.61e-06,5806.0,0.00934766
QLC/BTC,1582997025214,2020-02-29T17:23:45.214Z,sell,1.6e-06,1287.0,0.0020591999999999
QLC/BTC,1582997134531,2020-02-29T17:25:34.531Z,sell,1.6e-06,5166.0,0.0082656
QLC/BTC,1582997134556,2020-02-29T17:25:34.556Z,buy,1.6e-06,444.0,0.0007103999999999
QLC/BTC,1582997134558,2020-02-29T17:25:34.558Z,buy,1.6e-06,444.0,0.0007103999999999
QLC/BTC,1582997256445,2020-02-29T17:27:36.445Z,buy,1.6e-06,491.0,0.0007856
QLC/BTC,1582997256456,2020-02-29T17:27:36.456Z,buy,1.6e-06,3307.0,0.0052911999999999
QLC/BTC,1582998070619,2020-02-29T17:41:10.619Z,buy,1.61e-06,39500.0,0.063595
QLC/BTC,1582998767656,2020-02-29T17:52:47.656Z,buy,1.61e-06,63.0,0.00010143
QLC/BTC,1582998767656,2020-02-29T17:52:47.656Z,buy,1.61e-06,63.0,0.00010143
QLC/BTC,1582998982462,2020-02-29T17:56:22.462Z,buy,1.61e-06,588.0,0.00094668
QLC/BTC,1582999089323,2020-02-29T17:58:09.323Z,sell,1.6e-06,10821.0,0.0173136
QLC/BTC,1582999089323,2020-02-29T17:58:09.323Z,sell,1.59e-06,6917.0,0.01099803
QLC/BTC,1582999212030,2020-02-29T18:00:12.030Z,buy,1.6e-06,1633.0,0.0026127999999999
QLC/BTC,1582999483072,2020-02-29T18:04:43.072Z,buy,1.61e-06,21066.0,0.03391626
QLC/BTC,1582999483072,2020-02-29T18:04:43.072Z,buy,1.62e-06,6219.0,0.01007478
QLC/BTC,1582999483072,2020-02-29T18:04:43.072Z,buy,1.63e-06,118745.0,0.19355435
QLC/BTC,1582999483072,2020-02-29T18:04:43.072Z,buy,1.64e-06,28162.0,0.04618568
QLC/BTC,1582999483072,2020-02-29T18:04:43.072Z,buy,1.65e-06,3453.0,0.00569745
QLC/BTC,1582999483232,2020-02-29T18:04:43.232Z,sell,1.63e-06,800.0,0.001304
QLC/BTC,1582999483390,2020-02-29T18:04:43.390Z,sell,1.63e-06,89.0,0.00014507
QLC/BTC,1582999484530,2020-02-29T18:04:44.530Z,sell,1.62e-06,435.0,0.0007046999999999
QLC/BTC,1582999486532,2020-02-29T18:04:46.532Z,buy,1.63e-06,68.0,0.00011084
QLC/BTC,1582999487174,2020-02-29T18:04:47.174Z,buy,1.63e-06,176.0,0.00028688
QLC/BTC,1582999504686,2020-02-29T18:05:04.686Z,buy,1.63e-06,460.0,0.0007498
QLC/BTC,1582999525742,2020-02-29T18:05:25.742Z,sell,1.63e-06,422.0,0.00068786
QLC/BTC,1582999526846,2020-02-29T18:05:26.846Z,sell,1.63e-06,925.0,0.00150775
QLC/BTC,1582999530583,2020-02-29T18:05:30.583Z,buy,1.64e-06,520.0,0.0008528
QLC/BTC,1582999546770,2020-02-29T18:05:46.770Z,buy,1.64e-06,325.0,0.0005329999999999
QLC/BTC,1582999547056,2020-02-29T18:05:47.056Z,buy,1.64e-06,62.0,0.00010168
QLC/BTC,1582999554820,2020-02-29T18:05:54.820Z,buy,1.64e-06,2257.0,0.00370148
QLC/BTC,1582999554832,2020-02-29T18:05:54.832Z,sell,1.64e-06,489.0,0.00080196
QLC/BTC,1582999554843,2020-02-29T18:05:54.843Z,sell,1.64e-06,1353.0,0.00221892
QLC/BTC,1582999565591,2020-02-29T18:06:05.591Z,buy,1.64e-06,903.0,0.00148092
QLC/BTC,1582999599026,2020-02-29T18:06:39.026Z,buy,1.64e-06,63.0,0.00010332
QLC/BTC,1582999599057,2020-02-29T18:06:39.057Z,sell,1.64e-06,673.0,0.0011037199999999
QLC/BTC,1582999599135,2020-02-29T18:06:39.135Z,sell,1.64e-06,10310.0,0.0169084
QLC/BTC,1582999605234,2020-02-29T18:06:45.234Z,sell,1.64e-06,806.0,0.00132184
QLC/BTC,1582999624453,2020-02-29T18:07:04.453Z,sell,1.64e-06,181.0,0.00029684
QLC/BTC,1582999624453,2020-02-29T18:07:04.453Z,sell,1.63e-06,1076.0,0.00175388
QLC/BTC,1582999624539,2020-02-29T18:07:04.539Z,sell,1.63e-06,22125.0,0.03606375
QLC/BTC,1582999670087,2020-02-29T18:07:50.087Z,sell,1.63e-06,18405.0,0.03000015
QLC/BTC,1582999684368,2020-02-29T18:08:04.368Z,sell,1.62e-06,6211.0,0.0100618199999999
QLC/BTC,1582999684920,2020-02-29T18:08:04.920Z,sell,1.62e-06,621.0,0.00100602
QLC/BTC,1582999713173,2020-02-29T18:08:33.173Z,buy,1.63e-06,123.0,0.00020049
QLC/BTC,1582999825539,2020-02-29T18:10:25.539Z,buy,1.63e-06,3543.0,0.00577509
QLC/BTC,1582999881565,2020-02-29T18:11:21.565Z,buy,1.63e-06,21160.0,0.0344908
QLC/BTC,1582999881565,2020-02-29T18:11:21.565Z,buy,1.64e-06,27223.0,0.04464572
QLC/BTC,1582999881565,2020-02-29T18:11:21.565Z,buy,1.65e-06,137510.0,0.2268915
QLC/BTC,1582999881595,2020-02-29T18:11:21.595Z,sell,1.65e-06,244.0,0.0004026
QLC/BTC,1582999881610,2020-02-29T18:11:21.610Z,sell,1.65e-06,1415.0,0.00233475
QLC/BTC,1582999881611,2020-02-29T18:11:21.611Z,sell,1.65e-06,1726.0,0.0028479
QLC/BTC,1582999881620,2020-02-29T18:11:21.620Z,sell,1.65e-06,1419.0,0.00234135
QLC/BTC,1582999882416,2020-02-29T18:11:22.416Z,sell,1.65e-06,2172.0,0.0035838
QLC/BTC,1582999882493,2020-02-29T18:11:22.493Z,sell,1.65e-06,800.0,0.00132
QLC/BTC,1582999882980,2020-02-29T18:11:22.980Z,sell,1.65e-06,1309.0,0.00215985
QLC/BTC,1582999883748,2020-02-29T18:11:23.748Z,buy,1.66e-06,61.0,0.00010126
QLC/BTC,1582999884588,2020-02-29T18:11:24.588Z,sell,1.65e-06,1761.0,0.00290565
QLC/BTC,1582999885258,2020-02-29T18:11:25.258Z,buy,1.66e-06,602.0,0.00099932
QLC/BTC,1582999887254,2020-02-29T18:11:27.254Z,sell,1.65e-06,91.0,0.00015015
QLC/BTC,1582999902433,2020-02-29T18:11:42.433Z,buy,1.65e-06,6060.0,0.009999
QLC/BTC,1582999907536,2020-02-29T18:11:47.536Z,buy,1.65e-06,1634.0,0.0026961
QLC/BTC,1582999907606,2020-02-29T18:11:47.606Z,sell,1.65e-06,969.0,0.00159885
QLC/BTC,1582999913159,2020-02-29T18:11:53.159Z,sell,1.65e-06,800.0,0.00132
QLC/BTC,1582999924872,2020-02-29T18:12:04.872Z,sell,1.65e-06,1541.0,0.00254265
QLC/BTC,1582999925235,2020-02-29T18:12:05.235Z,sell,1.65e-06,63.0,0.00010395
QLC/BTC,1582999930701,2020-02-29T18:12:10.701Z,sell,1.65e-06,25803.0,0.04257495
QLC/BTC,1582999933105,2020-02-29T18:12:13.105Z,sell,1.64e-06,1178.0,0.00193192
QLC/BTC,1582999935424,2020-02-29T18:12:15.424Z,buy,1.65e-06,12121.0,0.01999965
QLC/BTC,1582999940887,2020-02-29T18:12:20.887Z,buy,1.65e-06,12121.0,0.01999965
QLC/BTC,1582999949122,2020-02-29T18:12:29.122Z,buy,1.65e-06,12121.0,0.01999965
QLC/BTC,1582999962543,2020-02-29T18:12:42.543Z,sell,1.64e-06,1568.0,0.00257152
QLC/BTC,1582999979647,2020-02-29T18:12:59.647Z,sell,1.63e-06,6097.0,0.00993811
QLC/BTC,1582999983498,2020-02-29T18:13:03.498Z,buy,1.64e-06,10871.0,0.01782844
QLC/BTC,1582999992228,2020-02-29T18:13:12.228Z,sell,1.64e-06,670.0,0.0010988
QLC/BTC,1582999992228,2020-02-29T18:13:12.228Z,sell,1.63e-06,5464.0,0.00890632
QLC/BTC,1583000002238,2020-02-29T18:13:22.238Z,sell,1.64e-06,3418.0,0.00560552
QLC/BTC,1583000002238,2020-02-29T18:13:22.238Z,sell,1.63e-06,2754.0,0.00448902
QLC/BTC,1583000008782,2020-02-29T18:13:28.782Z,sell,1.63e-06,6172.0,0.01006036
QLC/BTC,1583000035844,2020-02-29T18:13:55.844Z,sell,1.64e-06,123.0,0.0002017199999999
QLC/BTC,1583000046252,2020-02-29T18:14:06.252Z,buy,1.65e-06,15881.0,0.02620365
QLC/BTC,1583000046275,2020-02-29T18:14:06.275Z,sell,1.65e-06,3748.0,0.0061842
QLC/BTC,1583000052230,2020-02-29T18:14:12.230Z,sell,1.65e-06,1395.0,0.00230175
QLC/BTC,1583000052415,2020-02-29T18:14:12.415Z,sell,1.65e-06,3418.0,0.0056397
QLC/BTC,1583000052512,2020-02-29T18:14:12.512Z,sell,1.65e-06,1680.0,0.002772
QLC/BTC,1583000053650,2020-02-29T18:14:13.650Z,sell,1.65e-06,1871.0,0.00308715
QLC/BTC,1583000058209,2020-02-29T18:14:18.209Z,sell,1.65e-06,10828.0,0.0178662
QLC/BTC,1583000078292,2020-02-29T18:14:38.292Z,sell,1.65e-06,6637.0,0.01095105
QLC/BTC,1583000079737,2020-02-29T18:14:39.737Z,sell,1.65e-06,1207.0,0.00199155
QLC/BTC,1583000119069,2020-02-29T18:15:19.069Z,sell,1.65e-06,17000.0,0.02805
QLC/BTC,1583000149790,2020-02-29T18:15:49.790Z,buy,1.66e-06,7673.0,0.01273718
QLC/BTC,1583000192359,2020-02-29T18:16:32.359Z,buy,1.66e-06,5797.0,0.00962302
QLC/BTC,1583000195978,2020-02-29T18:16:35.978Z,buy,1.66e-06,2899.0,0.00481234
QLC/BTC,1583000251522,2020-02-29T18:17:31.522Z,buy,1.66e-06,15509.0,0.02574494
QLC/BTC,1583000256001,2020-02-29T18:17:36.001Z,buy,1.66e-06,333.0,0.00055278
QLC/BTC,1583000269478,2020-02-29T18:17:49.478Z,buy,1.66e-06,6370.0,0.0105742
QLC/BTC,1583000274079,2020-02-29T18:17:54.079Z,buy,1.66e-06,5245.0,0.0087067
QLC/BTC,1583000276615,2020-02-29T18:17:56.615Z,buy,1.66e-06,121.0,0.00020086
QLC/BTC,1583000303516,2020-02-29T18:18:23.516Z,buy,1.66e-06,6817.0,0.01131622
QLC/BTC,1583000303599,2020-02-29T18:18:23.599Z,sell,1.66e-06,856.0,0.00142096
QLC/BTC,1583000356545,2020-02-29T18:19:16.545Z,sell,1.65e-06,617.0,0.00101805
QLC/BTC,1583000388937,2020-02-29T18:19:48.937Z,sell,1.65e-06,11876.0,0.0195954
QLC/BTC,1583000486291,2020-02-29T18:21:26.291Z,buy,1.66e-06,602.0,0.00099932
QLC/BTC,1583000497448,2020-02-29T18:21:37.448Z,sell,1.65e-06,8687.0,0.01433355
QLC/BTC,1583000842780,2020-02-29T18:27:22.780Z,buy,1.66e-06,121.0,0.00020086
QLC/BTC,1583000844996,2020-02-29T18:27:24.996Z,buy,1.66e-06,5237.0,0.00869342
QLC/BTC,1583000845009,2020-02-29T18:27:25.009Z,sell,1.66e-06,10915.0,0.0181189
QLC/BTC,1583000856540,2020-02-29T18:27:36.540Z,buy,1.66e-06,3013.0,0.00500158
QLC/BTC,1583000920205,2020-02-29T18:28:40.205Z,buy,1.66e-06,964.0,0.00160024
QLC/BTC,1583000923777,2020-02-29T18:28:43.777Z,sell,1.65e-06,8149.0,0.01344585
QLC/BTC,1583000947666,2020-02-29T18:29:07.666Z,buy,1.66e-06,1680.0,0.0027888
QLC/BTC,1583001151220,2020-02-29T18:32:31.220Z,buy,1.66e-06,4807.0,0.00797962
QLC/BTC,1583001154930,2020-02-29T18:32:34.930Z,sell,1.66e-06,9638.0,0.01599908
QLC/BTC,1583001155028,2020-02-29T18:32:35.028Z,sell,1.65e-06,810.0,0.0013365
QLC/BTC,1583001159988,2020-02-29T18:32:39.988Z,buy,1.67e-06,805.0,0.00134435
QLC/BTC,1583001257281,2020-02-29T18:34:17.281Z,buy,1.67e-06,61.0,0.00010187
QLC/BTC,1583001258272,2020-02-29T18:34:18.272Z,sell,1.66e-06,19831.0,0.03291946
QLC/BTC,1583001300619,2020-02-29T18:35:00.619Z,sell,1.66e-06,325.0,0.0005395
QLC/BTC,1583001353627,2020-02-29T18:35:53.627Z,sell,1.66e-06,6015.0,0.0099849
QLC/BTC,1583001402683,2020-02-29T18:36:42.683Z,buy,1.67e-06,9685.0,0.01617395
QLC/BTC,1583001498386,2020-02-29T18:38:18.386Z,buy,1.67e-06,36847.0,0.06153449
QLC/BTC,1583001498386,2020-02-29T18:38:18.386Z,buy,1.68e-06,6153.0,0.01033704
QLC/BTC,1583001519527,2020-02-29T18:38:39.527Z,sell,1.66e-06,143.0,0.00023738
QLC/BTC,1583001573939,2020-02-29T18:39:33.939Z,buy,1.67e-06,1315.0,0.00219605
QLC/BTC,1583001644750,2020-02-29T18:40:44.750Z,buy,1.67e-06,11992.0,0.02002664
QLC/BTC,1583001755817,2020-02-29T18:42:35.817Z,buy,1.67e-06,5828.0,0.00973276
QLC/BTC,1583002195099,2020-02-29T18:49:55.099Z,sell,1.66e-06,11594.0,0.01924604
QLC/BTC,1583002198618,2020-02-29T18:49:58.618Z,sell,1.65e-06,2023.0,0.00333795
QLC/BTC,1583002216819,2020-02-29T18:50:16.819Z,sell,1.65e-06,6428.0,0.0106062
QLC/BTC,1583002216840,2020-02-29T18:50:16.840Z,buy,1.65e-06,3358.0,0.0055407
QLC/BTC,1583002216843,2020-02-29T18:50:16.843Z,buy,1.65e-06,2899.0,0.00478335
QLC/BTC,1583002220871,2020-02-29T18:50:20.871Z,sell,1.64e-06,2899.0,0.00475436
QLC/BTC,1583002220871,2020-02-29T18:50:20.871Z,sell,1.64e-06,9278.0,0.0152159199999999
QLC/BTC,1583002220871,2020-02-29T18:50:20.871Z,sell,1.64e-06,2149.0,0.00352436
QLC/BTC,1583002229082,2020-02-29T18:50:29.082Z,sell,1.63e-06,628.0,0.00102364
QLC/BTC,1583002247282,2020-02-29T18:50:47.282Z,sell,1.63e-06,2702.0,0.00440426
QLC/BTC,1583002249107,2020-02-29T18:50:49.107Z,sell,1.63e-06,13629.0,0.02221527
QLC/BTC,1583002250263,2020-02-29T18:50:50.263Z,sell,1.63e-06,1351.0,0.00220213
QLC/BTC,1583002260522,2020-02-29T18:51:00.522Z,sell,1.63e-06,113.0,0.00018419
QLC/BTC,1583002265029,2020-02-29T18:51:05.029Z,sell,1.63e-06,624.0,0.00101712
QLC/BTC,1583002265477,2020-02-29T18:51:05.477Z,sell,1.63e-06,1220.0,0.0019886
QLC/BTC,1583002271374,2020-02-29T18:51:11.374Z,sell,1.63e-06,4315.0,0.00703345
QLC/BTC,1583002348371,2020-02-29T18:52:28.371Z,buy,1.64e-06,1482.0,0.00243048
QLC/BTC,1583002348371,2020-02-29T18:52:28.371Z,buy,1.64e-06,1482.0,0.00243048
QLC/BTC,1583002430998,2020-02-29T18:53:50.998Z,buy,1.64e-06,163.0,0.00026732
QLC/BTC,1583002458866,2020-02-29T18:54:18.866Z,sell,1.64e-06,103.0,0.00016892
QLC/BTC,1583002508788,2020-02-29T18:55:08.788Z,sell,1.64e-06,238.0,0.00039032
QLC/BTC,1583002765772,2020-02-29T18:59:25.772Z,sell,1.64e-06,189.0,0.00030996
QLC/BTC,1583002777177,2020-02-29T18:59:37.177Z,sell,1.64e-06,405.0,0.0006642
QLC/BTC,1583002777177,2020-02-29T18:59:37.177Z,sell,1.63e-06,1561.0,0.00254443
QLC/BTC,1583002810340,2020-02-29T19:00:10.340Z,sell,1.63e-06,309.0,0.00050367
QLC/BTC,1583003051873,2020-02-29T19:04:11.873Z,sell,1.63e-06,19609.0,0.03196267
QLC/BTC,1583003202347,2020-02-29T19:06:42.347Z,sell,1.63e-06,29534.0,0.04814042
QLC/BTC,1583003929112,2020-02-29T19:18:49.112Z,buy,1.64e-06,137.0,0.00022468
QLC/BTC,1583004425227,2020-02-29T19:27:05.227Z,buy,1.64e-06,4422.0,0.00725208
QLC/BTC,1583004585103,2020-02-29T19:29:45.103Z,buy,1.64e-06,96880.0,0.1588832
QLC/BTC,1583004622348,2020-02-29T19:30:22.348Z,buy,1.65e-06,78005.0,0.12870825
QLC/BTC,1583004648228,2020-02-29T19:30:48.228Z,buy,1.66e-06,121.0,0.00020086
QLC/BTC,1583004667425,2020-02-29T19:31:07.425Z,sell,1.64e-06,266.0,0.00043624
QLC/BTC,1583004671332,2020-02-29T19:31:11.332Z,buy,1.65e-06,253.0,0.00041745
QLC/BTC,1583004671332,2020-02-29T19:31:11.332Z,buy,1.66e-06,25531.0,0.04238146
QLC/BTC,1583004693632,2020-02-29T19:31:33.632Z,buy,1.67e-06,45766.0,0.07642922
QLC/BTC,1583004693644,2020-02-29T19:31:33.644Z,sell,1.67e-06,6024.0,0.01006008
QLC/BTC,1583004693662,2020-02-29T19:31:33.662Z,sell,1.67e-06,887.0,0.00148129
QLC/BTC,1583004693662,2020-02-29T19:31:33.662Z,sell,1.67e-06,13122.0,0.02191374
QLC/BTC,1583004695939,2020-02-29T19:31:35.939Z,sell,1.67e-06,1893.0,0.00316131
QLC/BTC,1583004720417,2020-02-29T19:32:00.417Z,buy,1.68e-06,83075.0,0.139566
QLC/BTC,1583004843173,2020-02-29T19:34:03.173Z,sell,1.67e-06,321.0,0.00053607
QLC/BTC,1583004872488,2020-02-29T19:34:32.488Z,buy,1.67e-06,61.0,0.00010187
QLC/BTC,1583004919724,2020-02-29T19:35:19.724Z,buy,1.67e-06,57117.0,0.09538539
QLC/BTC,1583004937887,2020-02-29T19:35:37.887Z,buy,1.68e-06,166883.0,0.28036344
QLC/BTC,1583004937909,2020-02-29T19:35:37.909Z,sell,1.68e-06,2386.0,0.00400848
QLC/BTC,1583004937909,2020-02-29T19:35:37.909Z,sell,1.68e-06,793.0,0.00133224
QLC/BTC,1583004937931,2020-02-29T19:35:37.931Z,sell,1.68e-06,3715.0,0.0062412
QLC/BTC,1583004938023,2020-02-29T19:35:38.023Z,sell,1.68e-06,1012.0,0.00170016
QLC/BTC,1583004940073,2020-02-29T19:35:40.073Z,sell,1.68e-06,1118.0,0.00187824
QLC/BTC,1583004943895,2020-02-29T19:35:43.895Z,sell,1.68e-06,14746.0,0.02477328
QLC/BTC,1583004954402,2020-02-29T19:35:54.402Z,sell,1.67e-06,268.0,0.00044756
QLC/BTC,1583004963646,2020-02-29T19:36:03.646Z,sell,1.67e-06,377.0,0.00062959
QLC/BTC,1583004968721,2020-02-29T19:36:08.721Z,buy,1.68e-06,3830.0,0.0064344
QLC/BTC,1583004968721,2020-02-29T19:36:08.721Z,buy,1.69e-06,3936.0,0.00665184
QLC/BTC,1583004970249,2020-02-29T19:36:10.249Z,buy,1.69e-06,51352.0,0.08678488
QLC/BTC,1583004972862,2020-02-29T19:36:12.862Z,buy,1.7e-06,118.0,0.0002006
QLC/BTC,1583004989247,2020-02-29T19:36:29.247Z,buy,1.69e-06,1882.0,0.0031805799999999
QLC/BTC,1583004991300,2020-02-29T19:36:31.300Z,buy,1.69e-06,952.0,0.0016088799999999
QLC/BTC,1583004995094,2020-02-29T19:36:35.094Z,sell,1.68e-06,17197.0,0.02889096
QLC/BTC,1583004996138,2020-02-29T19:36:36.138Z,sell,1.68e-06,602.0,0.00101136
QLC/BTC,1583004996627,2020-02-29T19:36:36.627Z,buy,1.69e-06,306.0,0.00051714
QLC/BTC,1583004996627,2020-02-29T19:36:36.627Z,buy,1.7e-06,18931.0,0.0321827
QLC/BTC,1583005002546,2020-02-29T19:36:42.546Z,buy,1.69e-06,621.0,0.00104949
QLC/BTC,1583005039221,2020-02-29T19:37:19.221Z,sell,1.69e-06,14746.0,0.02492074
QLC/BTC,1583005039223,2020-02-29T19:37:19.223Z,sell,1.69e-06,6329.0,0.0106960099999999
QLC/BTC,1583005039250,2020-02-29T19:37:19.250Z,sell,1.68e-06,14746.0,0.02477328
QLC/BTC,1583005043261,2020-02-29T19:37:23.261Z,sell,1.68e-06,17153.0,0.02881704
QLC/BTC,1583005049294,2020-02-29T19:37:29.294Z,sell,1.68e-06,602.0,0.00101136
QLC/BTC,1583005053043,2020-02-29T19:37:33.043Z,buy,1.69e-06,1257.0,0.00212433
QLC/BTC,1583005070698,2020-02-29T19:37:50.698Z,sell,1.68e-06,8158.0,0.01370544
QLC/BTC,1583005070701,2020-02-29T19:37:50.701Z,sell,1.68e-06,228992.0,0.38470656
QLC/BTC,1583005070741,2020-02-29T19:37:50.741Z,sell,1.67e-06,2298.0,0.00383766
QLC/BTC,1583005070741,2020-02-29T19:37:50.741Z,sell,1.66e-06,5721.0,0.00949686
QLC/BTC,1583005094244,2020-02-29T19:38:14.244Z,buy,1.67e-06,321.0,0.00053607
QLC/BTC,1583005094244,2020-02-29T19:38:14.244Z,buy,1.68e-06,1532.0,0.00257376
QLC/BTC,1583005096091,2020-02-29T19:38:16.091Z,buy,1.68e-06,595.0,0.0009996
QLC/BTC,1583005105500,2020-02-29T19:38:25.500Z,buy,1.68e-06,8840.0,0.0148512
QLC/BTC,1583005135084,2020-02-29T19:38:55.084Z,buy,1.68e-06,4194.0,0.00704592
QLC/BTC,1583005136943,2020-02-29T19:38:56.943Z,sell,1.67e-06,1221.0,0.00203907
QLC/BTC,1583005141761,2020-02-29T19:39:01.761Z,sell,1.67e-06,28909.0,0.04827803
QLC/BTC,1583005200228,2020-02-29T19:40:00.228Z,sell,1.66e-06,165.0,0.0002739
QLC/BTC,1583005221147,2020-02-29T19:40:21.147Z,sell,1.67e-06,1330.0,0.0022211
QLC/BTC,1583005292844,2020-02-29T19:41:32.844Z,sell,1.66e-06,32124.0,0.05332584
QLC/BTC,1583005293065,2020-02-29T19:41:33.065Z,sell,1.66e-06,29704.0,0.04930864
QLC/BTC,1583005293085,2020-02-29T19:41:33.085Z,sell,1.66e-06,28697.0,0.04763702
QLC/BTC,1583005293293,2020-02-29T19:41:33.293Z,sell,1.66e-06,11466.0,0.01903356
QLC/BTC,1583005295492,2020-02-29T19:41:35.492Z,sell,1.66e-06,61.0,0.00010126
QLC/BTC,1583005307655,2020-02-29T19:41:47.655Z,buy,1.66e-06,6024.0,0.00999984
QLC/BTC,1583005312392,2020-02-29T19:41:52.392Z,sell,1.65e-06,514.0,0.0008481
QLC/BTC,1583005312395,2020-02-29T19:41:52.395Z,sell,1.65e-06,881.0,0.00145365
QLC/BTC,1583005324756,2020-02-29T19:42:04.756Z,sell,1.65e-06,1205.0,0.00198825
QLC/BTC,1583005379468,2020-02-29T19:42:59.468Z,sell,1.65e-06,37787.0,0.06234855
QLC/BTC,1583005380479,2020-02-29T19:43:00.479Z,sell,1.64e-06,3086.0,0.00506104
QLC/BTC,1583005384534,2020-02-29T19:43:04.534Z,sell,1.64e-06,10516.0,0.01724624
QLC/BTC,1583005384882,2020-02-29T19:43:04.882Z,buy,1.65e-06,31076.0,0.0512754
QLC/BTC,1583005399518,2020-02-29T19:43:19.518Z,buy,1.65e-06,879.0,0.00145035
QLC/BTC,1583005399885,2020-02-29T19:43:19.885Z,sell,1.65e-06,109.0,0.00017985
QLC/BTC,1583005421664,2020-02-29T19:43:41.664Z,sell,1.65e-06,74.0,0.0001221
QLC/BTC,1583005575213,2020-02-29T19:46:15.213Z,sell,1.64e-06,2647.0,0.00434108
QLC/BTC,1583005575213,2020-02-29T19:46:15.213Z,sell,1.64e-06,2647.0,0.00434108
QLC/BTC,1583006088871,2020-02-29T19:54:48.871Z,buy,1.65e-06,11278.0,0.0186087
QLC/BTC,1583006088871,2020-02-29T19:54:48.871Z,buy,1.66e-06,58523.0,0.09714818
QLC/BTC,1583006129529,2020-02-29T19:55:29.529Z,buy,1.66e-06,537.0,0.00089142
QLC/BTC,1583006143203,2020-02-29T19:55:43.203Z,buy,1.66e-06,74.0,0.00012284
QLC/BTC,1583006189478,2020-02-29T19:56:29.478Z,buy,1.66e-06,1813.0,0.00300958
QLC/BTC,1583006214369,2020-02-29T19:56:54.369Z,sell,1.65e-06,427.0,0.00070455
QLC/BTC,1583006218976,2020-02-29T19:56:58.976Z,sell,1.65e-06,427.0,0.00070455
QLC/BTC,1583006232653,2020-02-29T19:57:12.653Z,sell,1.65e-06,11492.0,0.0189618
QLC/BTC,1583006297108,2020-02-29T19:58:17.108Z,buy,1.65e-06,62.0,0.0001023
QLC/BTC,1583006313208,2020-02-29T19:58:33.208Z,buy,1.65e-06,111.0,0.00018315
QLC/BTC,1583006328292,2020-02-29T19:58:48.292Z,buy,1.65e-06,3186.0,0.0052569
QLC/BTC,1583006393393,2020-02-29T19:59:53.393Z,buy,1.66e-06,1056.0,0.00175296
QLC/BTC,1583006479730,2020-02-29T20:01:19.730Z,buy,1.66e-06,3727.0,0.00618682
QLC/BTC,1583006481859,2020-02-29T20:01:21.859Z,sell,1.66e-06,642.0,0.00106572
QLC/BTC,1583006493356,2020-02-29T20:01:33.356Z,buy,1.67e-06,61.0,0.00010187
QLC/BTC,1583006574253,2020-02-29T20:02:54.253Z,sell,1.66e-06,107.0,0.00017762
QLC/BTC,1583006646407,2020-02-29T20:04:06.407Z,buy,1.67e-06,2500.0,0.004175
QLC/BTC,1583006652150,2020-02-29T20:04:12.150Z,buy,1.67e-06,3335.0,0.00556945
QLC/BTC,1583006755768,2020-02-29T20:05:55.768Z,buy,1.67e-06,1079.0,0.00180193
QLC/BTC,1583006877017,2020-02-29T20:07:57.017Z,buy,1.67e-06,193.0,0.00032231
QLC/BTC,1583007043076,2020-02-29T20:10:43.076Z,buy,1.67e-06,2068.0,0.00345356
QLC/BTC,1583007128346,2020-02-29T20:12:08.346Z,sell,1.66e-06,2162.0,0.00358892
QLC/BTC,1583007184842,2020-02-29T20:13:04.842Z,buy,1.66e-06,2683.0,0.00445378
QLC/BTC,1583007327216,2020-02-29T20:15:27.216Z,buy,1.67e-06,6161.0,0.01028887
QLC/BTC,1583007418015,2020-02-29T20:16:58.015Z,buy,1.66e-06,2354.0,0.0039076399999999
QLC/BTC,1583007471437,2020-02-29T20:17:51.437Z,sell,1.66e-06,475.0,0.0007885
QLC/BTC,1583007635929,2020-02-29T20:20:35.929Z,sell,1.66e-06,6467.0,0.01073522
QLC/BTC,1583007642973,2020-02-29T20:20:42.973Z,sell,1.65e-06,6142.0,0.0101343
QLC/BTC,1583007642973,2020-02-29T20:20:42.973Z,sell,1.64e-06,1800.0,0.0029519999999999
QLC/BTC,1583007750830,2020-02-29T20:22:30.830Z,sell,1.64e-06,300.0,0.000492
QLC/BTC,1583007953824,2020-02-29T20:25:53.824Z,sell,1.64e-06,1500.0,0.00246
QLC/BTC,1583008419336,2020-02-29T20:33:39.336Z,buy,1.65e-06,1515.0,0.00249975
QLC/BTC,1583008419597,2020-02-29T20:33:39.597Z,buy,1.65e-06,6735.0,0.01111275
QLC/BTC,1583008576521,2020-02-29T20:36:16.521Z,buy,1.66e-06,2353.0,0.00390598
QLC/BTC,1583008599581,2020-02-29T20:36:39.581Z,sell,1.65e-06,102.0,0.0001683
QLC/BTC,1583008599664,2020-02-29T20:36:39.664Z,buy,1.66e-06,2256.0,0.00374496
QLC/BTC,1583008697261,2020-02-29T20:38:17.261Z,buy,1.66e-06,303.0,0.00050298
QLC/BTC,1583008757923,2020-02-29T20:39:17.923Z,buy,1.66e-06,3557.0,0.00590462
QLC/BTC,1583008757923,2020-02-29T20:39:17.923Z,buy,1.67e-06,20362.0,0.03400454
QLC/BTC,1583008803900,2020-02-29T20:40:03.900Z,buy,1.67e-06,3508.0,0.00585836
QLC/BTC,1583009109253,2020-02-29T20:45:09.253Z,buy,1.67e-06,20.0,3.34e-05
QLC/BTC,1583009109253,2020-02-29T20:45:09.253Z,buy,1.67e-06,20.0,3.34e-05
QLC/BTC,1583009300959,2020-02-29T20:48:20.959Z,buy,1.67e-06,12856.0,0.02146952
QLC/BTC,1583009415703,2020-02-29T20:50:15.703Z,buy,1.67e-06,452.0,0.00075484
QLC/BTC,1583009563170,2020-02-29T20:52:43.170Z,buy,1.67e-06,5454.0,0.00910818
QLC/BTC,1583009577342,2020-02-29T20:52:57.342Z,buy,1.67e-06,3306.0,0.00552102
QLC/BTC,1583009700964,2020-02-29T20:55:00.964Z,buy,1.67e-06,1272.0,0.00212424
QLC/BTC,1583009768013,2020-02-29T20:56:08.013Z,buy,1.67e-06,1221.0,0.00203907
QLC/BTC,1583009859471,2020-02-29T20:57:39.471Z,buy,1.67e-06,5894.0,0.00984298
QLC/BTC,1583009859471,2020-02-29T20:57:39.471Z,buy,1.68e-06,11300.0,0.018984
QLC/BTC,1583009948353,2020-02-29T20:59:08.353Z,sell,1.67e-06,1654.0,0.00276218
QLC/BTC,1583009949399,2020-02-29T20:59:09.399Z,buy,1.68e-06,5284.0,0.00887712
QLC/BTC,1583010024274,2020-02-29T21:00:24.274Z,buy,1.67e-06,8614.0,0.01438538
QLC/BTC,1583010549073,2020-02-29T21:09:09.073Z,buy,1.67e-06,267.0,0.00044589
QLC/BTC,1583010702109,2020-02-29T21:11:42.109Z,buy,1.67e-06,2000.0,0.00334
QLC/BTC,1583010702109,2020-02-29T21:11:42.109Z,buy,1.68e-06,15116.0,0.02539488
QLC/BTC,1583010845377,2020-02-29T21:14:05.377Z,sell,1.66e-06,17116.0,0.02841256
QLC/BTC,1583010845592,2020-02-29T21:14:05.592Z,sell,1.66e-06,166.0,0.00027556
QLC/BTC,1583010845595,2020-02-29T21:14:05.595Z,sell,1.66e-06,116.0,0.0001925599999999
QLC/BTC,1583010853028,2020-02-29T21:14:13.028Z,buy,1.67e-06,19216.0,0.03209072
QLC/BTC,1583010860219,2020-02-29T21:14:20.219Z,sell,1.67e-06,10276.0,0.01716092
QLC/BTC,1583011015435,2020-02-29T21:16:55.435Z,buy,1.67e-06,6044.0,0.01009348
QLC/BTC,1583011067430,2020-02-29T21:17:47.430Z,buy,1.67e-06,2857.0,0.00477119
QLC/BTC,1583011076773,2020-02-29T21:17:56.773Z,buy,1.67e-06,20.0,3.34e-05
QLC/BTC,1583011187295,2020-02-29T21:19:47.295Z,buy,1.67e-06,61.0,0.00010187
QLC/BTC,1583011270068,2020-02-29T21:21:10.068Z,sell,1.66e-06,182.0,0.00030212
QLC/BTC,1583011568136,2020-02-29T21:26:08.136Z,buy,1.67e-06,3012.0,0.00503004
QLC/BTC,1583011674530,2020-02-29T21:27:54.530Z,sell,1.66e-06,34415.0,0.0571288999999999
QLC/BTC,1583011675441,2020-02-29T21:27:55.441Z,sell,1.66e-06,129.0,0.00021414
QLC/BTC,1583011752564,2020-02-29T21:29:12.564Z,sell,1.66e-06,6696.0,0.01111536
QLC/BTC,1583011920414,2020-02-29T21:32:00.414Z,sell,1.66e-06,4417.0,0.0073322199999999
QLC/BTC,1583012181642,2020-02-29T21:36:21.642Z,sell,1.66e-06,103.0,0.00017098
QLC/BTC,1583012213262,2020-02-29T21:36:53.262Z,sell,1.66e-06,102.0,0.00016932
QLC/BTC,1583012233610,2020-02-29T21:37:13.610Z,sell,1.66e-06,93.0,0.00015438
QLC/BTC,1583012288134,2020-02-29T21:38:08.134Z,sell,1.66e-06,5432.0,0.00901712
QLC/BTC,1583012288134,2020-02-29T21:38:08.134Z,sell,1.66e-06,5432.0,0.00901712
QLC/BTC,1583012714870,2020-02-29T21:45:14.870Z,sell,1.66e-06,104.0,0.00017264
QLC/BTC,1583012871420,2020-02-29T21:47:51.420Z,sell,1.66e-06,97.0,0.00016102
QLC/BTC,1583013342660,2020-02-29T21:55:42.660Z,buy,1.67e-06,120.0,0.0002004
QLC/BTC,1583013451203,2020-02-29T21:57:31.203Z,sell,1.66e-06,5523.0,0.00916818
QLC/BTC,1583013538036,2020-02-29T21:58:58.036Z,sell,1.66e-06,1775.0,0.0029465
QLC/BTC,1583014057330,2020-02-29T22:07:37.330Z,sell,1.66e-06,14444.0,0.02397704
QLC/BTC,1583014206404,2020-02-29T22:10:06.404Z,buy,1.67e-06,8427.0,0.01407309
QLC/BTC,1583014206404,2020-02-29T22:10:06.404Z,buy,1.68e-06,2149.0,0.00361032
QLC/BTC,1583014356048,2020-02-29T22:12:36.048Z,buy,1.68e-06,2414.0,0.00405552
QLC/BTC,1583014356048,2020-02-29T22:12:36.048Z,buy,1.68e-06,2414.0,0.00405552
QLC/BTC,1583016488083,2020-02-29T22:48:08.083Z,sell,1.67e-06,1336.0,0.00223112
QLC/BTC,1583016733430,2020-02-29T22:52:13.430Z,buy,1.68e-06,1813.0,0.00304584
QLC/BTC,1583016926691,2020-02-29T22:55:26.691Z,sell,1.67e-06,3009.0,0.00502503
QLC/BTC,1583016926877,2020-02-29T22:55:26.877Z,sell,1.67e-06,99.0,0.00016533
QLC/BTC,1583017317173,2020-02-29T23:01:57.173Z,sell,1.67e-06,12565.0,0.02098355
QLC/BTC,1583017508015,2020-02-29T23:05:08.015Z,sell,1.67e-06,530.0,0.0008851
QLC/BTC,1583017519837,2020-02-29T23:05:19.837Z,buy,1.68e-06,23164.0,0.03891552
QLC/BTC,1583017765585,2020-02-29T23:09:25.585Z,buy,1.68e-06,30303.0,0.05090904
QLC/BTC,1583017816074,2020-02-29T23:10:16.074Z,buy,1.68e-06,2425.0,0.004074
QLC/BTC,1583017816074,2020-02-29T23:10:16.074Z,buy,1.68e-06,2425.0,0.004074
QLC/BTC,1583018214212,2020-02-29T23:16:54.212Z,sell,1.67e-06,37167.0,0.06206889
QLC/BTC,1583018216753,2020-02-29T23:16:56.753Z,sell,1.67e-06,116.0,0.00019372
QLC/BTC,1583018670400,2020-02-29T23:24:30.400Z,sell,1.67e-06,10467.0,0.01747989
QLC/BTC,1583018859662,2020-02-29T23:27:39.662Z,sell,1.67e-06,5780.0,0.0096526
QLC/BTC,1583019808101,2020-02-29T23:43:28.101Z,sell,1.66e-06,1321.0,0.00219286
QLC/BTC,1583019808129,2020-02-29T23:43:28.129Z,buy,1.66e-06,11207.0,0.01860362
QLC/BTC,1583020096358,2020-02-29T23:48:16.358Z,sell,1.66e-06,61.0,0.00010126
QLC/BTC,1583020096358,2020-02-29T23:48:16.358Z,sell,1.65e-06,7789.0,0.01285185
QLC/BTC,1583020105579,2020-02-29T23:48:25.579Z,buy,1.67e-06,1321.0,0.00220607
QLC/BTC,1583020143860,2020-02-29T23:49:03.860Z,sell,1.67e-06,1674.0,0.00279558
QLC/BTC,1583020614681,2020-02-29T23:56:54.681Z,sell,1.66e-06,1321.0,0.00219286
QLC/BTC,1583020614706,2020-02-29T23:56:54.706Z,buy,1.66e-06,10556.0,0.01752296
QLC/BTC,1583020744652,2020-02-29T23:59:04.652Z,sell,1.65e-06,75895.0,0.12522675
QLC/BTC,1583020951485,2020-03-01T00:02:31.485Z,sell,1.65e-06,34456.0,0.0568524
QLC/BTC,1583021072400,2020-03-01T00:04:32.400Z,sell,1.65e-06,4000.0,0.0066
QLC/BTC,1583021098945,2020-03-01T00:04:58.945Z,sell,1.65e-06,2444.0,0.0040326
QLC/BTC,1583021263290,2020-03-01T00:07:43.290Z,sell,1.65e-06,21878.0,0.0360987
QLC/BTC,1583021263332,2020-03-01T00:07:43.332Z,buy,1.66e-06,602.0,0.00099932
QLC/BTC,1583021382834,2020-03-01T00:09:42.834Z,buy,1.66e-06,105.0,0.0001743
QLC/BTC,1583021382834,2020-03-01T00:09:42.834Z,buy,1.66e-06,105.0,0.0001743
QLC/BTC,1583021968709,2020-03-01T00:19:28.709Z,buy,1.66e-06,25696.0,0.0426553599999999
QLC/BTC,1583021997618,2020-03-01T00:19:57.618Z,buy,1.66e-06,88.0,0.00014608
QLC/BTC,1583021999144,2020-03-01T00:19:59.144Z,buy,1.66e-06,161.0,0.00026726
QLC/BTC,1583022424513,2020-03-01T00:27:04.513Z,buy,1.66e-06,310.0,0.0005146
QLC/BTC,1583022426125,2020-03-01T00:27:06.125Z,buy,1.66e-06,798.0,0.00132468
QLC/BTC,1583022575499,2020-03-01T00:29:35.499Z,sell,1.65e-06,88.0,0.0001452
QLC/BTC,1583022583589,2020-03-01T00:29:43.589Z,sell,1.65e-06,105.0,0.00017325
QLC/BTC,1583023041857,2020-03-01T00:37:21.857Z,sell,1.65e-06,4533.0,0.00747945
QLC/BTC,1583023042084,2020-03-01T00:37:22.084Z,sell,1.65e-06,94.0,0.0001551
QLC/BTC,1583023164276,2020-03-01T00:39:24.276Z,buy,1.66e-06,50000.0,0.083
QLC/BTC,1583023186772,2020-03-01T00:39:46.772Z,buy,1.66e-06,14572.0,0.02418952
QLC/BTC,1583023220024,2020-03-01T00:40:20.024Z,sell,1.66e-06,210.0,0.0003486
QLC/BTC,1583023247532,2020-03-01T00:40:47.532Z,buy,1.67e-06,70.0,0.0001169
QLC/BTC,1583023604848,2020-03-01T00:46:44.848Z,buy,1.67e-06,1239.0,0.00206913
QLC/BTC,1583023606068,2020-03-01T00:46:46.068Z,sell,1.66e-06,48401.0,0.08034566
QLC/BTC,1583023642375,2020-03-01T00:47:22.375Z,buy,1.67e-06,70.0,0.0001169
QLC/BTC,1583024538837,2020-03-01T01:02:18.837Z,buy,1.67e-06,69.0,0.00011523
QLC/BTC,1583024687125,2020-03-01T01:04:47.125Z,buy,1.67e-06,61.0,0.00010187
QLC/BTC,1583024866850,2020-03-01T01:07:46.850Z,buy,1.67e-06,5786.0,0.00966262
QLC/BTC,1583024866850,2020-03-01T01:07:46.850Z,buy,1.67e-06,5786.0,0.00966262
QLC/BTC,1583025733604,2020-03-01T01:22:13.604Z,buy,1.67e-06,24026.0,0.04012342
QLC/BTC,1583025875571,2020-03-01T01:24:35.571Z,buy,1.68e-06,19808.0,0.03327744
QLC/BTC,1583026695415,2020-03-01T01:38:15.415Z,sell,1.66e-06,91.0,0.00015106
QLC/BTC,1583026754746,2020-03-01T01:39:14.746Z,buy,1.68e-06,16350.0,0.027468
QLC/BTC,1583027176138,2020-03-01T01:46:16.138Z,buy,1.68e-06,309.0,0.00051912
QLC/BTC,1583027981744,2020-03-01T01:59:41.744Z,sell,1.67e-06,5988.0,0.00999996
QLC/BTC,1583027981744,2020-03-01T01:59:41.744Z,sell,1.67e-06,5988.0,0.00999996
QLC/BTC,1583028585673,2020-03-01T02:09:45.673Z,buy,1.68e-06,100.0,0.000168
QLC/BTC,1583028587405,2020-03-01T02:09:47.405Z,buy,1.68e-06,100.0,0.000168
QLC/BTC,1583028588850,2020-03-01T02:09:48.850Z,buy,1.68e-06,100.0,0.000168
QLC/BTC,1583028590184,2020-03-01T02:09:50.184Z,buy,1.68e-06,100.0,0.000168
QLC/BTC,1583028591670,2020-03-01T02:09:51.670Z,buy,1.68e-06,100.0,0.000168
QLC/BTC,1583028592817,2020-03-01T02:09:52.817Z,buy,1.68e-06,100.0,0.000168
QLC/BTC,1583028593900,2020-03-01T02:09:53.900Z,buy,1.68e-06,100.0,0.000168
QLC/BTC,1583028594910,2020-03-01T02:09:54.910Z,buy,1.68e-06,100.0,0.000168
QLC/BTC,1583028595990,2020-03-01T02:09:55.990Z,buy,1.68e-06,100.0,0.000168
QLC/BTC,1583028597014,2020-03-01T02:09:57.014Z,buy,1.68e-06,100.0,0.000168
QLC/BTC,1583028598113,2020-03-01T02:09:58.113Z,buy,1.68e-06,100.0,0.000168
QLC/BTC,1583028598838,2020-03-01T02:09:58.838Z,buy,1.68e-06,100.0,0.000168
QLC/BTC,1583028599023,2020-03-01T02:09:59.023Z,buy,1.68e-06,100.0,0.000168
QLC/BTC,1583028599175,2020-03-01T02:09:59.175Z,buy,1.68e-06,100.0,0.000168
QLC/BTC,1583028599418,2020-03-01T02:09:59.418Z,buy,1.68e-06,100.0,0.000168
QLC/BTC,1583028599628,2020-03-01T02:09:59.628Z,buy,1.68e-06,100.0,0.000168
QLC/BTC,1583028599795,2020-03-01T02:09:59.795Z,buy,1.68e-06,100.0,0.000168
QLC/BTC,1583028600032,2020-03-01T02:10:00.032Z,buy,1.68e-06,100.0,0.000168
QLC/BTC,1583028600237,2020-03-01T02:10:00.237Z,buy,1.68e-06,100.0,0.000168
QLC/BTC,1583028600491,2020-03-01T02:10:00.491Z,buy,1.68e-06,100.0,0.000168
QLC/BTC,1583028600663,2020-03-01T02:10:00.663Z,buy,1.68e-06,100.0,0.000168
QLC/BTC,1583028601398,2020-03-01T02:10:01.398Z,buy,1.68e-06,100.0,0.000168
QLC/BTC,1583028601881,2020-03-01T02:10:01.881Z,buy,1.68e-06,100.0,0.000168
QLC/BTC,1583028602593,2020-03-01T02:10:02.593Z,buy,1.68e-06,100.0,0.000168
QLC/BTC,1583028603164,2020-03-01T02:10:03.164Z,buy,1.68e-06,100.0,0.000168
QLC/BTC,1583028605868,2020-03-01T02:10:05.868Z,buy,1.68e-06,345.0,0.0005796
QLC/BTC,1583028608936,2020-03-01T02:10:08.936Z,buy,1.68e-06,40785.0,0.0685188
QLC/BTC,1583028685342,2020-03-01T02:11:25.342Z,buy,1.68e-06,163028.0,0.27388704
QLC/BTC,1583028707369,2020-03-01T02:11:47.369Z,buy,1.68e-06,61.0,0.00010248
QLC/BTC,1583028879585,2020-03-01T02:14:39.585Z,buy,1.68e-06,16151.0,0.02713368
QLC/BTC,1583028879654,2020-03-01T02:14:39.654Z,buy,1.69e-06,1807.0,0.00305383
QLC/BTC,1583028931990,2020-03-01T02:15:31.990Z,sell,1.68e-06,4131.0,0.00694008
QLC/BTC,1583028965399,2020-03-01T02:16:05.399Z,sell,1.68e-06,43790.0,0.0735672
QLC/BTC,1583029070415,2020-03-01T02:17:50.415Z,buy,1.69e-06,20299.0,0.03430531
QLC/BTC,1583029092603,2020-03-01T02:18:12.603Z,sell,1.68e-06,2992.0,0.00502656
QLC/BTC,1583029169329,2020-03-01T02:19:29.329Z,sell,1.68e-06,11117.0,0.01867656
QLC/BTC,1583029264257,2020-03-01T02:21:04.257Z,sell,1.68e-06,30826.0,0.05178768
QLC/BTC,1583029507081,2020-03-01T02:25:07.081Z,sell,1.68e-06,65.0,0.0001092
QLC/BTC,1583030474984,2020-03-01T02:41:14.984Z,sell,1.68e-06,16187.0,0.02719416
QLC/BTC,1583030538412,2020-03-01T02:42:18.412Z,buy,1.69e-06,1244.0,0.0021023599999999
QLC/BTC,1583030538412,2020-03-01T02:42:18.412Z,buy,1.7e-06,35628.0,0.0605676
QLC/BTC,1583030542430,2020-03-01T02:42:22.430Z,buy,1.7e-06,6107.0,0.0103819
QLC/BTC,1583030542430,2020-03-01T02:42:22.430Z,buy,1.71e-06,31412.0,0.0537145199999999
QLC/BTC,1583030544627,2020-03-01T02:42:24.627Z,buy,1.71e-06,117.0,0.00020007
QLC/BTC,1583030545222,2020-03-01T02:42:25.222Z,sell,1.7e-06,176.0,0.0002992
QLC/BTC,1583030545258,2020-03-01T02:42:25.258Z,buy,1.7e-06,68.0,0.0001156
QLC/BTC,1583030545405,2020-03-01T02:42:25.405Z,buy,1.7e-06,77.0,0.0001309
QLC/BTC,1583030553221,2020-03-01T02:42:33.221Z,buy,1.7e-06,98.0,0.0001666
QLC/BTC,1583030553221,2020-03-01T02:42:33.221Z,buy,1.71e-06,20.0,3.42e-05
QLC/BTC,1583030556345,2020-03-01T02:42:36.345Z,sell,1.7e-06,125.0,0.0002125
QLC/BTC,1583030604118,2020-03-01T02:43:24.118Z,buy,1.71e-06,5492.0,0.00939132
QLC/BTC,1583030605663,2020-03-01T02:43:25.663Z,sell,1.71e-06,3582.0,0.00612522
QLC/BTC,1583030615035,2020-03-01T02:43:35.035Z,sell,1.71e-06,2856.0,0.00488376
QLC/BTC,1583030615256,2020-03-01T02:43:35.256Z,sell,1.71e-06,4.0,6.84e-06
QLC/BTC,1583030619463,2020-03-01T02:43:39.463Z,sell,1.7e-06,2358.0,0.0040086
QLC/BTC,1583030622203,2020-03-01T02:43:42.203Z,buy,1.71e-06,408.0,0.00069768
QLC/BTC,1583030622226,2020-03-01T02:43:42.226Z,sell,1.71e-06,8543.0,0.01460853
QLC/BTC,1583030623329,2020-03-01T02:43:43.329Z,sell,1.7e-06,9317.0,0.0158389
QLC/BTC,1583030633377,2020-03-01T02:43:53.377Z,buy,1.72e-06,5006.0,0.00861032
QLC/BTC,1583030635241,2020-03-01T02:43:55.241Z,sell,1.71e-06,6713.0,0.01147923
QLC/BTC,1583030635241,2020-03-01T02:43:55.241Z,sell,1.7e-06,8833.0,0.0150161
QLC/BTC,1583030639323,2020-03-01T02:43:59.323Z,sell,1.71e-06,1000.0,0.00171
QLC/BTC,1583030644527,2020-03-01T02:44:04.527Z,buy,1.72e-06,31532.0,0.05423504
QLC/BTC,1583030644838,2020-03-01T02:44:04.838Z,sell,1.71e-06,60.0,0.0001026
QLC/BTC,1583030667980,2020-03-01T02:44:27.980Z,sell,1.71e-06,16000.0,0.02736
QLC/BTC,1583030735064,2020-03-01T02:45:35.064Z,sell,1.71e-06,12375.0,0.02116125
QLC/BTC,1583030824671,2020-03-01T02:47:04.671Z,sell,1.71e-06,62893.0,0.10754703
QLC/BTC,1583030838200,2020-03-01T02:47:18.200Z,buy,1.72e-06,59.0,0.00010148
QLC/BTC,1583030890145,2020-03-01T02:48:10.145Z,buy,1.72e-06,17841.0,0.03068652
QLC/BTC,1583030899437,2020-03-01T02:48:19.437Z,buy,1.72e-06,10819.0,0.01860868
QLC/BTC,1583030921564,2020-03-01T02:48:41.564Z,sell,1.71e-06,13785.0,0.02357235
QLC/BTC,1583030961152,2020-03-01T02:49:21.152Z,buy,1.72e-06,513.0,0.00088236
QLC/BTC,1583030965576,2020-03-01T02:49:25.576Z,buy,1.72e-06,167.0,0.00028724
QLC/BTC,1583031037395,2020-03-01T02:50:37.395Z,sell,1.71e-06,46623.0,0.07972533
QLC/BTC,1583031051419,2020-03-01T02:50:51.419Z,sell,1.71e-06,2429.0,0.0041535899999999
QLC/BTC,1583031114894,2020-03-01T02:51:54.894Z,sell,1.71e-06,93.0,0.00015903
QLC/BTC,1583031143925,2020-03-01T02:52:23.925Z,sell,1.71e-06,2826.0,0.00483246
QLC/BTC,1583031144948,2020-03-01T02:52:24.948Z,sell,1.71e-06,106.0,0.0001812599999999
QLC/BTC,1583031159354,2020-03-01T02:52:39.354Z,sell,1.71e-06,679.0,0.00116109
QLC/BTC,1583031177786,2020-03-01T02:52:57.786Z,sell,1.71e-06,39177.0,0.06699267
QLC/BTC,1583031238626,2020-03-01T02:53:58.626Z,sell,1.7e-06,474.0,0.0008058
QLC/BTC,1583031238626,2020-03-01T02:53:58.626Z,sell,1.7e-06,5398.0,0.0091766
QLC/BTC,1583031381582,2020-03-01T02:56:21.582Z,buy,1.7e-06,18337.0,0.0311729
QLC/BTC,1583031383257,2020-03-01T02:56:23.257Z,sell,1.7e-06,2563.0,0.0043571
QLC/BTC,1583031393173,2020-03-01T02:56:33.173Z,sell,1.7e-06,550.0,0.000935
QLC/BTC,1583031394282,2020-03-01T02:56:34.282Z,sell,1.69e-06,6368.0,0.01076192
QLC/BTC,1583031410336,2020-03-01T02:56:50.336Z,sell,1.69e-06,1431.0,0.00241839
QLC/BTC,1583031410493,2020-03-01T02:56:50.493Z,sell,1.69e-06,3349.0,0.0056598099999999
QLC/BTC,1583031411349,2020-03-01T02:56:51.349Z,sell,1.69e-06,1082.0,0.00182858
QLC/BTC,1583031412102,2020-03-01T02:56:52.102Z,sell,1.69e-06,5653.0,0.0095535699999999
QLC/BTC,1583031412384,2020-03-01T02:56:52.384Z,sell,1.69e-06,594.0,0.0010038599999999
QLC/BTC,1583031413230,2020-03-01T02:56:53.230Z,sell,1.69e-06,1072.0,0.00181168
QLC/BTC,1583031413978,2020-03-01T02:56:53.978Z,sell,1.69e-06,2293.0,0.00387517
QLC/BTC,1583031427014,2020-03-01T02:57:07.014Z,sell,1.69e-06,10808.0,0.01826552
QLC/BTC,1583031549326,2020-03-01T02:59:09.326Z,sell,1.69e-06,93.0,0.00015717
QLC/BTC,1583031558336,2020-03-01T02:59:18.336Z,buy,1.7e-06,2185.0,0.0037145
QLC/BTC,1583031558336,2020-03-01T02:59:18.336Z,buy,1.7e-06,2185.0,0.0037145
QLC/BTC,1583031582348,2020-03-01T02:59:42.348Z,sell,1.7e-06,757.0,0.0012869
QLC/BTC,1583031638849,2020-03-01T03:00:38.849Z,sell,1.7e-06,7573.0,0.0128741
QLC/BTC,1583031749127,2020-03-01T03:02:29.127Z,sell,1.69e-06,36225.0,0.06122025
QLC/BTC,1583031780812,2020-03-01T03:03:00.812Z,sell,1.69e-06,91.0,0.00015379
QLC/BTC,1583031864698,2020-03-01T03:04:24.698Z,sell,1.69e-06,4501.0,0.0076066899999999
QLC/BTC,1583032138193,2020-03-01T03:08:58.193Z,sell,1.69e-06,2005.0,0.00338845
QLC/BTC,1583032211397,2020-03-01T03:10:11.397Z,buy,1.7e-06,1244.0,0.0021148
QLC/BTC,1583032281250,2020-03-01T03:11:21.250Z,buy,1.71e-06,60.0,0.0001026
QLC/BTC,1583032974918,2020-03-01T03:22:54.918Z,sell,1.7e-06,31082.0,0.0528394
QLC/BTC,1583032974918,2020-03-01T03:22:54.918Z,sell,1.69e-06,90811.0,0.15347059
QLC/BTC,1583032974918,2020-03-01T03:22:54.918Z,sell,1.68e-06,77200.0,0.129696
QLC/BTC,1583032977840,2020-03-01T03:22:57.840Z,sell,1.69e-06,68.0,0.0001149199999999
QLC/BTC,1583032977904,2020-03-01T03:22:57.904Z,sell,1.69e-06,176.0,0.00029744
QLC/BTC,1583032978184,2020-03-01T03:22:58.184Z,buy,1.7e-06,253.0,0.0004301
QLC/BTC,1583033037214,2020-03-01T03:23:57.214Z,sell,1.69e-06,176.0,0.00029744
QLC/BTC,1583033037251,2020-03-01T03:23:57.251Z,buy,1.69e-06,824.0,0.00139256
QLC/BTC,1583033067133,2020-03-01T03:24:27.133Z,buy,1.7e-06,5591.0,0.0095047
QLC/BTC,1583033067133,2020-03-01T03:24:27.133Z,buy,1.71e-06,469.0,0.0008019899999999
QLC/BTC,1583033081126,2020-03-01T03:24:41.126Z,sell,1.7e-06,244.0,0.0004148
QLC/BTC,1583033161856,2020-03-01T03:26:01.856Z,sell,1.7e-06,77.0,0.0001309
QLC/BTC,1583033299835,2020-03-01T03:28:19.835Z,buy,1.7e-06,1263.0,0.0021471
QLC/BTC,1583033615602,2020-03-01T03:33:35.602Z,buy,1.7e-06,65.0,0.0001105
QLC/BTC,1583034302645,2020-03-01T03:45:02.645Z,sell,1.69e-06,1244.0,0.0021023599999999
QLC/BTC,1583034310680,2020-03-01T03:45:10.680Z,buy,1.69e-06,68.0,0.0001149199999999
QLC/BTC,1583034364206,2020-03-01T03:46:04.206Z,buy,1.69e-06,2057.0,0.0034763299999999
QLC/BTC,1583034373252,2020-03-01T03:46:13.252Z,sell,1.69e-06,60.0,0.0001014
QLC/BTC,1583034373252,2020-03-01T03:46:13.252Z,sell,1.68e-06,91535.0,0.1537788
QLC/BTC,1583034373271,2020-03-01T03:46:13.271Z,buy,1.68e-06,2284.0,0.00383712
QLC/BTC,1583034373272,2020-03-01T03:46:13.272Z,buy,1.68e-06,2439.0,0.00409752
QLC/BTC,1583034374006,2020-03-01T03:46:14.006Z,buy,1.68e-06,87.0,0.00014616
QLC/BTC,1583034376291,2020-03-01T03:46:16.291Z,buy,1.68e-06,17.0,2.856e-05
QLC/BTC,1583034382868,2020-03-01T03:46:22.868Z,buy,1.68e-06,17782.0,0.02987376
QLC/BTC,1583034404966,2020-03-01T03:46:44.966Z,buy,1.68e-06,16814.0,0.02824752
QLC/BTC,1583034433143,2020-03-01T03:47:13.143Z,buy,1.69e-06,383.0,0.0006472699999999
QLC/BTC,1583034932853,2020-03-01T03:55:32.853Z,buy,1.68e-06,77.0,0.00012936
QLC/BTC,1583034941843,2020-03-01T03:55:41.843Z,buy,1.68e-06,1791.0,0.00300888
QLC/BTC,1583035064637,2020-03-01T03:57:44.637Z,sell,1.68e-06,30298.0,0.05090064
QLC/BTC,1583035088508,2020-03-01T03:58:08.508Z,buy,1.68e-06,60.0,0.0001008
QLC/BTC,1583035088508,2020-03-01T03:58:08.508Z,buy,1.68e-06,60.0,0.0001008
QLC/BTC,1583035213057,2020-03-01T04:00:13.057Z,buy,1.68e-06,1142.0,0.00191856
QLC/BTC,1583035225315,2020-03-01T04:00:25.315Z,buy,1.69e-06,21748.0,0.03675412
QLC/BTC,1583035239863,2020-03-01T04:00:39.863Z,buy,1.7e-06,13901.0,0.0236317
QLC/BTC,1583035239889,2020-03-01T04:00:39.889Z,sell,1.7e-06,6217.0,0.0105689
QLC/BTC,1583035265736,2020-03-01T04:01:05.736Z,sell,1.69e-06,18018.0,0.03045042
QLC/BTC,1583035281520,2020-03-01T04:01:21.520Z,buy,1.69e-06,1000.0,0.0016899999999999
QLC/BTC,1583035312210,2020-03-01T04:01:52.210Z,buy,1.69e-06,23510.0,0.0397319
QLC/BTC,1583035368127,2020-03-01T04:02:48.127Z,buy,1.7e-06,18918.0,0.0321606
QLC/BTC,1583035374171,2020-03-01T04:02:54.171Z,sell,1.7e-06,21450.0,0.036465
QLC/BTC,1583035469737,2020-03-01T04:04:29.737Z,buy,1.7e-06,60.0,0.000102
QLC/BTC,1583035469737,2020-03-01T04:04:29.737Z,buy,1.71e-06,24072.0,0.04116312
QLC/BTC,1583035722794,2020-03-01T04:08:42.794Z,sell,1.7e-06,1000.0,0.0017
QLC/BTC,1583035803405,2020-03-01T04:10:03.405Z,sell,1.69e-06,109.0,0.00018421
QLC/BTC,1583036136989,2020-03-01T04:15:36.989Z,sell,1.69e-06,5610.0,0.0094808999999999
QLC/BTC,1583036136989,2020-03-01T04:15:36.989Z,sell,1.68e-06,3415.0,0.0057372
QLC/BTC,1583036198222,2020-03-01T04:16:38.222Z,sell,1.68e-06,2939.0,0.00493752
QLC/BTC,1583036244439,2020-03-01T04:17:24.439Z,sell,1.68e-06,6705.0,0.0112644
QLC/BTC,1583036244502,2020-03-01T04:17:24.502Z,buy,1.68e-06,23295.0,0.0391356
QLC/BTC,1583037354081,2020-03-01T04:35:54.081Z,buy,1.69e-06,3049.0,0.00515281
QLC/BTC,1583037664416,2020-03-01T04:41:04.416Z,buy,1.69e-06,7713.0,0.01303497
QLC/BTC,1583038612649,2020-03-01T04:56:52.649Z,buy,1.69e-06,9982.0,0.01686958
QLC/BTC,1583038612649,2020-03-01T04:56:52.649Z,buy,1.69e-06,9982.0,0.01686958
QLC/BTC,1583039259141,2020-03-01T05:07:39.141Z,sell,1.68e-06,1304.0,0.00219072
QLC/BTC,1583039259141,2020-03-01T05:07:39.141Z,sell,1.67e-06,1892.0,0.00315964
QLC/BTC,1583039592037,2020-03-01T05:13:12.037Z,buy,1.68e-06,1321.0,0.00221928
QLC/BTC,1583039592037,2020-03-01T05:13:12.037Z,buy,1.69e-06,8679.0,0.01466751
QLC/BTC,1583039790661,2020-03-01T05:16:30.661Z,buy,1.69e-06,78770.0,0.1331213
QLC/BTC,1583040085613,2020-03-01T05:21:25.613Z,sell,1.68e-06,244.0,0.00040992
QLC/BTC,1583040951776,2020-03-01T05:35:51.776Z,sell,1.68e-06,1000.0,0.00168
QLC/BTC,1583041002005,2020-03-01T05:36:42.005Z,sell,1.68e-06,600.0,0.001008
QLC/BTC,1583041002005,2020-03-01T05:36:42.005Z,sell,1.68e-06,600.0,0.001008
QLC/BTC,1583042635358,2020-03-01T06:03:55.358Z,buy,1.69e-06,300.0,0.000507
QLC/BTC,1583043271314,2020-03-01T06:14:31.314Z,buy,1.69e-06,31770.0,0.0536913
QLC/BTC,1583044075411,2020-03-01T06:27:55.411Z,buy,1.69e-06,50049.0,0.08458281
QLC/BTC,1583044075411,2020-03-01T06:27:55.411Z,buy,1.69e-06,50049.0,0.08458281
QLC/BTC,1583044658319,2020-03-01T06:37:38.319Z,buy,1.7e-06,14705.0,0.0249985
QLC/BTC,1583044687055,2020-03-01T06:38:07.055Z,buy,1.7e-06,295.0,0.0005015
QLC/BTC,1583044808179,2020-03-01T06:40:08.179Z,buy,1.7e-06,8877.0,0.0150909
QLC/BTC,1583044808179,2020-03-01T06:40:08.179Z,buy,1.71e-06,10609.0,0.01814139
QLC/BTC,1583044808179,2020-03-01T06:40:08.179Z,buy,1.72e-06,17233.0,0.02964076
QLC/BTC,1583045447367,2020-03-01T06:50:47.367Z,buy,1.72e-06,1005.0,0.0017286
QLC/BTC,1583045478618,2020-03-01T06:51:18.618Z,sell,1.71e-06,71.0,0.0001214099999999
QLC/BTC,1583045484836,2020-03-01T06:51:24.836Z,sell,1.71e-06,14668.0,0.02508228
QLC/BTC,1583045771901,2020-03-01T06:56:11.901Z,sell,1.7e-06,179.0,0.0003043
QLC/BTC,1583045852871,2020-03-01T06:57:32.871Z,sell,1.7e-06,1241.0,0.0021097
QLC/BTC,1583045985358,2020-03-01T06:59:45.358Z,sell,1.7e-06,4771.0,0.0081107
QLC/BTC,1583046579903,2020-03-01T07:09:39.903Z,buy,1.71e-06,5542.0,0.00947682
QLC/BTC,1583046635767,2020-03-01T07:10:35.767Z,buy,1.71e-06,60.0,0.0001026
QLC/BTC,1583046658018,2020-03-01T07:10:58.018Z,sell,1.7e-06,2494.0,0.0042398
QLC/BTC,1583046873540,2020-03-01T07:14:33.540Z,buy,1.7e-06,60.0,0.000102
QLC/BTC,1583047200389,2020-03-01T07:20:00.389Z,buy,1.7e-06,4629.0,0.0078693
QLC/BTC,1583047310911,2020-03-01T07:21:50.911Z,sell,1.7e-06,1200.0,0.00204
QLC/BTC,1583047310911,2020-03-01T07:21:50.911Z,sell,1.7e-06,1200.0,0.00204
QLC/BTC,1583047759438,2020-03-01T07:29:19.438Z,sell,1.7e-06,1532.0,0.0026044
QLC/BTC,1583047810965,2020-03-01T07:30:10.965Z,sell,1.7e-06,300.0,0.00051
QLC/BTC,1583047831453,2020-03-01T07:30:31.453Z,sell,1.7e-06,2000.0,0.0034
QLC/BTC,1583047878141,2020-03-01T07:31:18.141Z,sell,1.7e-06,722.0,0.0012274
QLC/BTC,1583048125916,2020-03-01T07:35:25.916Z,buy,1.7e-06,1308.0,0.0022236
QLC/BTC,1583048439370,2020-03-01T07:40:39.370Z,sell,1.69e-06,9678.0,0.01635582
QLC/BTC,1583048643808,2020-03-01T07:44:03.808Z,sell,1.69e-06,16234.0,0.02743546
QLC/BTC,1583048643808,2020-03-01T07:44:03.808Z,sell,1.68e-06,19326.0,0.03246768
QLC/BTC,1583048643808,2020-03-01T07:44:03.808Z,sell,1.67e-06,6735.0,0.01124745
QLC/BTC,1583048643808,2020-03-01T07:44:03.808Z,sell,1.67e-06,5603.0,0.00935701
QLC/BTC,1583048643808,2020-03-01T07:44:03.808Z,sell,1.67e-06,13579.0,0.02267693
QLC/BTC,1583048646030,2020-03-01T07:44:06.030Z,sell,1.68e-06,77.0,0.00012936
QLC/BTC,1583048646237,2020-03-01T07:44:06.237Z,sell,1.68e-06,176.0,0.00029568
QLC/BTC,1583048646513,2020-03-01T07:44:06.513Z,sell,1.68e-06,68.0,0.00011424
QLC/BTC,1583048647858,2020-03-01T07:44:07.858Z,sell,1.68e-06,771.0,0.00129528
QLC/BTC,1583048653555,2020-03-01T07:44:13.555Z,buy,1.69e-06,300.0,0.000507
QLC/BTC,1583048687249,2020-03-01T07:44:47.249Z,sell,1.68e-06,1000.0,0.00168
QLC/BTC,1583048775939,2020-03-01T07:46:15.939Z,sell,1.68e-06,1262.0,0.00212016
QLC/BTC,1583048948679,2020-03-01T07:49:08.679Z,buy,1.68e-06,60.0,0.0001008
QLC/BTC,1583049417766,2020-03-01T07:56:57.766Z,buy,1.68e-06,5000.0,0.0084
QLC/BTC,1583049843372,2020-03-01T08:04:03.372Z,buy,1.68e-06,179.0,0.00030072
QLC/BTC,1583050180217,2020-03-01T08:09:40.217Z,buy,1.68e-06,16726.0,0.02809968
QLC/BTC,1583050202929,2020-03-01T08:10:02.929Z,buy,1.68e-06,70.0,0.0001176
QLC/BTC,1583050229791,2020-03-01T08:10:29.791Z,sell,1.67e-06,1031.0,0.00172177
QLC/BTC,1583050286232,2020-03-01T08:11:26.232Z,sell,1.67e-06,53709.0,0.08969403
QLC/BTC,1583050287282,2020-03-01T08:11:27.282Z,buy,1.68e-06,2781.0,0.00467208
QLC/BTC,1583050532857,2020-03-01T08:15:32.857Z,buy,1.68e-06,6083.0,0.01021944
QLC/BTC,1583050649067,2020-03-01T08:17:29.067Z,sell,1.68e-06,22790.0,0.0382872
QLC/BTC,1583050649067,2020-03-01T08:17:29.067Z,sell,1.67e-06,29358.0,0.04902786
QLC/BTC,1583050649067,2020-03-01T08:17:29.067Z,sell,1.66e-06,198539.0,0.32957474
QLC/BTC,1583050649067,2020-03-01T08:17:29.067Z,sell,1.65e-06,56051.0,0.09248415
QLC/BTC,1583050649200,2020-03-01T08:17:29.200Z,buy,1.68e-06,17.0,2.856e-05
QLC/BTC,1583050651183,2020-03-01T08:17:31.183Z,sell,1.67e-06,77.0,0.00012859
QLC/BTC,1583050651998,2020-03-01T08:17:31.998Z,sell,1.67e-06,176.0,0.00029392
QLC/BTC,1583050652109,2020-03-01T08:17:32.109Z,sell,1.67e-06,68.0,0.00011356
QLC/BTC,1583050657123,2020-03-01T08:17:37.123Z,buy,1.68e-06,9097.0,0.01528296
QLC/BTC,1583050679195,2020-03-01T08:17:59.195Z,sell,1.66e-06,68.0,0.00011288
QLC/BTC,1583050686972,2020-03-01T08:18:06.972Z,sell,1.66e-06,3164.0,0.00525224
QLC/BTC,1583050720331,2020-03-01T08:18:40.331Z,buy,1.67e-06,1321.0,0.00220607
QLC/BTC,1583050879372,2020-03-01T08:21:19.372Z,sell,1.66e-06,1377.0,0.00228582
QLC/BTC,1583050879372,2020-03-01T08:21:19.372Z,sell,1.66e-06,1377.0,0.00228582
QLC/BTC,1583051166323,2020-03-01T08:26:06.323Z,sell,1.67e-06,5536.0,0.00924512
QLC/BTC,1583051243078,2020-03-01T08:27:23.078Z,buy,1.68e-06,4007.0,0.00673176
QLC/BTC,1583051706460,2020-03-01T08:35:06.460Z,buy,1.68e-06,788.0,0.00132384
QLC/BTC,1583051708142,2020-03-01T08:35:08.142Z,buy,1.68e-06,113.0,0.00018984
QLC/BTC,1583052832372,2020-03-01T08:53:52.372Z,sell,1.67e-06,63.0,0.00010521
QLC/BTC,1583053029392,2020-03-01T08:57:09.392Z,sell,1.67e-06,27911.0,0.04661137
QLC/BTC,1583053035378,2020-03-01T08:57:15.378Z,buy,1.68e-06,20.0,3.3600000000000004e-05
QLC/BTC,1583053062240,2020-03-01T08:57:42.240Z,sell,1.67e-06,8982.0,0.01499994
QLC/BTC,1583053064193,2020-03-01T08:57:44.193Z,buy,1.67e-06,5988.0,0.00999996
QLC/BTC,1583053067253,2020-03-01T08:57:47.253Z,buy,1.67e-06,4670.0,0.0077989
QLC/BTC,1583053071019,2020-03-01T08:57:51.019Z,buy,1.67e-06,5988.0,0.00999996
QLC/BTC,1583053081973,2020-03-01T08:58:01.973Z,buy,1.67e-06,60.0,0.0001002
QLC/BTC,1583053090843,2020-03-01T08:58:10.843Z,buy,1.67e-06,5988.0,0.00999996
QLC/BTC,1583053091352,2020-03-01T08:58:11.352Z,buy,1.67e-06,5988.0,0.00999996
QLC/BTC,1583053177064,2020-03-01T08:59:37.064Z,sell,1.66e-06,62483.0,0.10372178
QLC/BTC,1583053192237,2020-03-01T08:59:52.237Z,sell,1.65e-06,54890.0,0.0905685
QLC/BTC,1583053193286,2020-03-01T08:59:53.286Z,sell,1.65e-06,169.0,0.00027885
QLC/BTC,1583053199770,2020-03-01T08:59:59.770Z,buy,1.66e-06,118.0,0.00019588
QLC/BTC,1583053204540,2020-03-01T09:00:04.540Z,buy,1.66e-06,91.0,0.00015106
QLC/BTC,1583053205571,2020-03-01T09:00:05.571Z,buy,1.66e-06,1.0,1.66e-06
QLC/BTC,1583053205571,2020-03-01T09:00:05.571Z,buy,1.67e-06,62.0,0.00010354
QLC/BTC,1583053310282,2020-03-01T09:01:50.282Z,buy,1.66e-06,70.0,0.0001162
QLC/BTC,1583053352702,2020-03-01T09:02:32.702Z,sell,1.65e-06,187379.0,0.30917535
QLC/BTC,1583053386994,2020-03-01T09:03:06.994Z,buy,1.66e-06,853.0,0.00141598
QLC/BTC,1583053475770,2020-03-01T09:04:35.770Z,buy,1.67e-06,332.0,0.00055444
QLC/BTC,1583053814460,2020-03-01T09:10:14.460Z,buy,1.67e-06,92.0,0.00015364
QLC/BTC,1583053910113,2020-03-01T09:11:50.113Z,sell,1.66e-06,444.0,0.00073704
QLC/BTC,1583054011191,2020-03-01T09:13:31.191Z,sell,1.66e-06,18179.0,0.0301771399999999
QLC/BTC,1583054011213,2020-03-01T09:13:31.213Z,buy,1.66e-06,18989.0,0.03152174
QLC/BTC,1583054102704,2020-03-01T09:15:02.704Z,sell,1.65e-06,204693.0,0.33774345
QLC/BTC,1583054102949,2020-03-01T09:15:02.949Z,buy,1.65e-06,3000.0,0.00495
QLC/BTC,1583054102965,2020-03-01T09:15:02.965Z,buy,1.65e-06,4000.0,0.0066
QLC/BTC,1583054102996,2020-03-01T09:15:02.996Z,buy,1.65e-06,3273.0,0.00540045
QLC/BTC,1583054104975,2020-03-01T09:15:04.975Z,sell,1.66e-06,77.0,0.00012782
QLC/BTC,1583054105287,2020-03-01T09:15:05.287Z,sell,1.66e-06,68.0,0.00011288
QLC/BTC,1583054105728,2020-03-01T09:15:05.728Z,sell,1.66e-06,176.0,0.00029216
QLC/BTC,1583054184300,2020-03-01T09:16:24.300Z,sell,1.66e-06,590.0,0.0009794
QLC/BTC,1583054243704,2020-03-01T09:17:23.704Z,buy,1.67e-06,21.0,3.507e-05
QLC/BTC,1583054243704,2020-03-01T09:17:23.704Z,buy,1.67e-06,21.0,3.507e-05
QLC/BTC,1583054971595,2020-03-01T09:29:31.595Z,sell,1.66e-06,70.0,0.0001162
QLC/BTC,1583054985585,2020-03-01T09:29:45.585Z,sell,1.66e-06,154.0,0.00025564
QLC/BTC,1583054990422,2020-03-01T09:29:50.422Z,sell,1.66e-06,118.0,0.00019588
QLC/BTC,1583055053681,2020-03-01T09:30:53.681Z,buy,1.67e-06,20.0,3.34e-05
QLC/BTC,1583055321896,2020-03-01T09:35:21.896Z,buy,1.67e-06,62.0,0.00010354
QLC/BTC,1583055625810,2020-03-01T09:40:25.810Z,sell,1.66e-06,1263.0,0.00209658
QLC/BTC,1583056306520,2020-03-01T09:51:46.520Z,buy,1.67e-06,277.0,0.00046259
QLC/BTC,1583056464766,2020-03-01T09:54:24.766Z,sell,1.66e-06,5061.0,0.00840126
QLC/BTC,1583056521274,2020-03-01T09:55:21.274Z,sell,1.66e-06,4714.0,0.00782524
QLC/BTC,1583056592174,2020-03-01T09:56:32.174Z,buy,1.66e-06,444.0,0.00073704
QLC/BTC,1583056592188,2020-03-01T09:56:32.188Z,buy,1.66e-06,5219.0,0.0086635399999999
QLC/BTC,1583056699888,2020-03-01T09:58:19.888Z,buy,1.66e-06,1189.0,0.00197374
QLC/BTC,1583056909680,2020-03-01T10:01:49.680Z,buy,1.66e-06,1641.0,0.00272406
QLC/BTC,1583057175246,2020-03-01T10:06:15.246Z,buy,1.66e-06,1340.0,0.0022244
QLC/BTC,1583057431680,2020-03-01T10:10:31.680Z,buy,1.66e-06,422.0,0.00070052
QLC/BTC,1583057431697,2020-03-01T10:10:31.697Z,buy,1.66e-06,30518.0,0.05065988
QLC/BTC,1583057780614,2020-03-01T10:16:20.614Z,buy,1.66e-06,452.0,0.00075032
QLC/BTC,1583057780865,2020-03-01T10:16:20.865Z,buy,1.66e-06,4000.0,0.00664
QLC/BTC,1583057780865,2020-03-01T10:16:20.865Z,buy,1.66e-06,4000.0,0.00664
QLC/BTC,1583057874150,2020-03-01T10:17:54.150Z,buy,1.66e-06,779.0,0.00129314
QLC/BTC,1583057874857,2020-03-01T10:17:54.857Z,buy,1.66e-06,966.0,0.00160356
QLC/BTC,1583058130109,2020-03-01T10:22:10.109Z,sell,1.65e-06,2422.0,0.0039963
QLC/BTC,1583058215376,2020-03-01T10:23:35.376Z,buy,1.66e-06,4832.0,0.00802112
QLC/BTC,1583058222768,2020-03-01T10:23:42.768Z,sell,1.66e-06,2613.0,0.00433758
QLC/BTC,1583058222768,2020-03-01T10:23:42.768Z,sell,1.65e-06,12703.0,0.02095995
QLC/BTC,1583058579477,2020-03-01T10:29:39.477Z,sell,1.65e-06,633.0,0.00104445
QLC/BTC,1583058590720,2020-03-01T10:29:50.720Z,buy,1.66e-06,1681.0,0.00279046
QLC/BTC,1583058757095,2020-03-01T10:32:37.095Z,buy,1.66e-06,3233.0,0.00536678
QLC/BTC,1583058932206,2020-03-01T10:35:32.206Z,buy,1.66e-06,13163.0,0.02185058
QLC/BTC,1583058934351,2020-03-01T10:35:34.351Z,buy,1.67e-06,99.0,0.00016533
QLC/BTC,1583059051494,2020-03-01T10:37:31.494Z,buy,1.67e-06,4099.0,0.00684533
QLC/BTC,1583059076101,2020-03-01T10:37:56.101Z,buy,1.67e-06,2050.0,0.0034235
QLC/BTC,1583059230218,2020-03-01T10:40:30.218Z,sell,1.66e-06,4590.0,0.0076194
QLC/BTC,1583059477852,2020-03-01T10:44:37.852Z,sell,1.65e-06,67718.0,0.1117347
QLC/BTC,1583059477852,2020-03-01T10:44:37.852Z,sell,1.64e-06,89643.0,0.14701452
QLC/BTC,1583059477852,2020-03-01T10:44:37.852Z,sell,1.63e-06,135434.0,0.22075742
QLC/BTC,1583059477852,2020-03-01T10:44:37.852Z,sell,1.63e-06,86326.0,0.14071138
QLC/BTC,1583059480123,2020-03-01T10:44:40.123Z,sell,1.64e-06,68.0,0.00011152
QLC/BTC,1583059480745,2020-03-01T10:44:40.745Z,sell,1.64e-06,176.0,0.00028864
QLC/BTC,1583059504474,2020-03-01T10:45:04.474Z,sell,1.64e-06,5404.0,0.00886256
QLC/BTC,1583059505272,2020-03-01T10:45:05.272Z,buy,1.65e-06,23.0,3.795e-05
QLC/BTC,1583059517511,2020-03-01T10:45:17.511Z,sell,1.64e-06,102.0,0.0001672799999999
QLC/BTC,1583059517514,2020-03-01T10:45:17.514Z,sell,1.64e-06,119.0,0.00019516
QLC/BTC,1583059552029,2020-03-01T10:45:52.029Z,sell,1.64e-06,1422.0,0.00233208
QLC/BTC,1583059921843,2020-03-01T10:52:01.843Z,buy,1.65e-06,19.0,3.135e-05
QLC/BTC,1583059963466,2020-03-01T10:52:43.466Z,buy,1.65e-06,13191.0,0.02176515
QLC/BTC,1583059963806,2020-03-01T10:52:43.806Z,buy,1.66e-06,602.0,0.00099932
QLC/BTC,1583060006651,2020-03-01T10:53:26.651Z,buy,1.66e-06,5937.0,0.00985542
QLC/BTC,1583060027414,2020-03-01T10:53:47.414Z,buy,1.66e-06,1276.0,0.00211816
QLC/BTC,1583060034345,2020-03-01T10:53:54.345Z,buy,1.66e-06,8682.0,0.01441212
QLC/BTC,1583060369811,2020-03-01T10:59:29.811Z,buy,1.65e-06,20.0,3.3e-05
QLC/BTC,1583060483413,2020-03-01T11:01:23.413Z,sell,1.64e-06,9966.0,0.01634424
QLC/BTC,1583060600734,2020-03-01T11:03:20.734Z,sell,1.64e-06,135.0,0.0002214
QLC/BTC,1583060729682,2020-03-01T11:05:29.682Z,buy,1.65e-06,22.0,3.63e-05
QLC/BTC,1583060729774,2020-03-01T11:05:29.774Z,sell,1.64e-06,86.0,0.00014104
QLC/BTC,1583060729948,2020-03-01T11:05:29.948Z,buy,1.65e-06,3000.0,0.00495
QLC/BTC,1583060729956,2020-03-01T11:05:29.956Z,buy,1.65e-06,3000.0,0.00495
QLC/BTC,1583060769689,2020-03-01T11:06:09.689Z,buy,1.65e-06,2295.0,0.00378675
QLC/BTC,1583061043994,2020-03-01T11:10:43.994Z,buy,1.65e-06,23.0,3.795e-05
QLC/BTC,1583061143539,2020-03-01T11:12:23.539Z,buy,1.65e-06,862.0,0.0014223
QLC/BTC,1583061325809,2020-03-01T11:15:25.809Z,buy,1.66e-06,12626.0,0.02095916
QLC/BTC,1583061325809,2020-03-01T11:15:25.809Z,buy,1.66e-06,12626.0,0.02095916
QLC/BTC,1583061439315,2020-03-01T11:17:19.315Z,sell,1.65e-06,4861.0,0.00802065
QLC/BTC,1583061439457,2020-03-01T11:17:19.457Z,sell,1.65e-06,1560.0,0.002574
QLC/BTC,1583061443280,2020-03-01T11:17:23.280Z,sell,1.65e-06,19958.0,0.0329307
QLC/BTC,1583061483200,2020-03-01T11:18:03.200Z,buy,1.66e-06,18.0,2.988e-05
QLC/BTC,1583061531495,2020-03-01T11:18:51.495Z,sell,1.65e-06,125.0,0.00020625
QLC/BTC,1583061931864,2020-03-01T11:25:31.864Z,sell,1.65e-06,1206.0,0.0019899
QLC/BTC,1583061932162,2020-03-01T11:25:32.162Z,sell,1.65e-06,73.0,0.00012045
QLC/BTC,1583062187173,2020-03-01T11:29:47.173Z,buy,1.66e-06,3141.0,0.00521406
QLC/BTC,1583062314096,2020-03-01T11:31:54.096Z,buy,1.66e-06,13021.0,0.02161486
QLC/BTC,1583062355938,2020-03-01T11:32:35.938Z,buy,1.66e-06,23.0,3.818e-05
QLC/BTC,1583062467704,2020-03-01T11:34:27.704Z,buy,1.66e-06,22108.0,0.03669928
QLC/BTC,1583062810168,2020-03-01T11:40:10.168Z,buy,1.66e-06,9745.0,0.0161767
QLC/BTC,1583063109648,2020-03-01T11:45:09.648Z,sell,1.65e-06,74.0,0.0001221
QLC/BTC,1583063145264,2020-03-01T11:45:45.264Z,sell,1.65e-06,1509.0,0.00248985
QLC/BTC,1583063153432,2020-03-01T11:45:53.432Z,buy,1.66e-06,22.0,3.652e-05
QLC/BTC,1583063167126,2020-03-01T11:46:07.126Z,buy,1.66e-06,315.0,0.0005229
QLC/BTC,1583063395763,2020-03-01T11:49:55.763Z,buy,1.66e-06,12690.0,0.0210654
QLC/BTC,1583063458918,2020-03-01T11:50:58.918Z,buy,1.66e-06,12376.0,0.02054416
QLC/BTC,1583063598493,2020-03-01T11:53:18.493Z,buy,1.66e-06,12077.0,0.02004782
QLC/BTC,1583064013293,2020-03-01T12:00:13.293Z,buy,1.65e-06,363.0,0.00059895
QLC/BTC,1583064013569,2020-03-01T12:00:13.569Z,buy,1.65e-06,37000.0,0.06105
QLC/BTC,1583064021163,2020-03-01T12:00:21.163Z,buy,1.65e-06,363.0,0.00059895
QLC/BTC,1583064054073,2020-03-01T12:00:54.073Z,buy,1.65e-06,303.0,0.00049995
QLC/BTC,1583064068614,2020-03-01T12:01:08.614Z,buy,1.65e-06,61.0,0.00010065
QLC/BTC,1583064099365,2020-03-01T12:01:39.365Z,buy,1.65e-06,787.0,0.00129855
QLC/BTC,1583064099497,2020-03-01T12:01:39.497Z,buy,1.65e-06,787.0,0.00129855
QLC/BTC,1583064152068,2020-03-01T12:02:32.068Z,sell,1.64e-06,1005.0,0.0016482
QLC/BTC,1583064159202,2020-03-01T12:02:39.202Z,buy,1.65e-06,3031.0,0.00500115
QLC/BTC,1583064445906,2020-03-01T12:07:25.906Z,buy,1.65e-06,384.0,0.0006336
QLC/BTC,1583064608080,2020-03-01T12:10:08.080Z,buy,1.65e-06,14774.0,0.0243771
QLC/BTC,1583064879502,2020-03-01T12:14:39.502Z,buy,1.65e-06,43858.0,0.0723657
QLC/BTC,1583064879502,2020-03-01T12:14:39.502Z,buy,1.65e-06,43858.0,0.0723657
QLC/BTC,1583065297664,2020-03-01T12:21:37.664Z,buy,1.66e-06,48193.0,0.08000038
QLC/BTC,1583065427903,2020-03-01T12:23:47.903Z,buy,1.66e-06,61.0,0.00010126
QLC/BTC,1583065528365,2020-03-01T12:25:28.365Z,buy,1.67e-06,6685.0,0.01116395
QLC/BTC,1583065528378,2020-03-01T12:25:28.378Z,sell,1.67e-06,3106.0,0.00518702
QLC/BTC,1583065528378,2020-03-01T12:25:28.378Z,sell,1.67e-06,7291.0,0.01217597
QLC/BTC,1583065528378,2020-03-01T12:25:28.378Z,sell,1.67e-06,3106.0,0.00518702
QLC/BTC,1583065528389,2020-03-01T12:25:28.389Z,sell,1.67e-06,6492.0,0.01084164
QLC/BTC,1583065528686,2020-03-01T12:25:28.686Z,buy,1.68e-06,3085.0,0.0051828
QLC/BTC,1583065530222,2020-03-01T12:25:30.222Z,sell,1.67e-06,77.0,0.00012859
QLC/BTC,1583065530222,2020-03-01T12:25:30.222Z,sell,1.66e-06,2950.0,0.004897
QLC/BTC,1583065538065,2020-03-01T12:25:38.065Z,buy,1.68e-06,714.0,0.00119952
QLC/BTC,1583065639095,2020-03-01T12:27:19.095Z,sell,1.67e-06,244.0,0.00040748
QLC/BTC,1583066292468,2020-03-01T12:38:12.468Z,sell,1.66e-06,14527.0,0.02411482
QLC/BTC,1583066292468,2020-03-01T12:38:12.468Z,sell,1.65e-06,7255.0,0.01197075
QLC/BTC,1583067015247,2020-03-01T12:50:15.247Z,sell,1.65e-06,3233.0,0.00533445
QLC/BTC,1583067029322,2020-03-01T12:50:29.322Z,buy,1.66e-06,22.0,3.652e-05
QLC/BTC,1583068038124,2020-03-01T13:07:18.124Z,buy,1.66e-06,123.0,0.00020418
QLC/BTC,1583068038124,2020-03-01T13:07:18.124Z,buy,1.66e-06,123.0,0.00020418
QLC/BTC,1583068515141,2020-03-01T13:15:15.141Z,sell,1.65e-06,1000.0,0.00165
QLC/BTC,1583068574345,2020-03-01T13:16:14.345Z,sell,1.65e-06,1936.0,0.0031944
QLC/BTC,1583068708634,2020-03-01T13:18:28.634Z,sell,1.65e-06,99.0,0.00016335
QLC/BTC,1583068788174,2020-03-01T13:19:48.174Z,sell,1.65e-06,122.0,0.0002013
QLC/BTC,1583069103144,2020-03-01T13:25:03.144Z,sell,1.65e-06,127.0,0.00020955
QLC/BTC,1583069113004,2020-03-01T13:25:13.004Z,buy,1.66e-06,3013.0,0.00500158
QLC/BTC,1583069129085,2020-03-01T13:25:29.085Z,buy,1.66e-06,100.0,0.000166
QLC/BTC,1583070684182,2020-03-01T13:51:24.182Z,sell,1.65e-06,10576.0,0.0174504
QLC/BTC,1583070878828,2020-03-01T13:54:38.828Z,sell,1.65e-06,20845.0,0.03439425
QLC/BTC,1583070878828,2020-03-01T13:54:38.828Z,sell,1.64e-06,3055.0,0.0050102
QLC/BTC,1583070908955,2020-03-01T13:55:08.955Z,buy,1.65e-06,90.0,0.0001485
QLC/BTC,1583070930599,2020-03-01T13:55:30.599Z,buy,1.65e-06,231.0,0.00038115
QLC/BTC,1583070932287,2020-03-01T13:55:32.287Z,sell,1.65e-06,478.0,0.0007887
QLC/BTC,1583071016012,2020-03-01T13:56:56.012Z,buy,1.65e-06,134.0,0.0002211
QLC/BTC,1583071040964,2020-03-01T13:57:20.964Z,sell,1.65e-06,1419.0,0.00234135
QLC/BTC,1583071424682,2020-03-01T14:03:44.682Z,buy,1.66e-06,409.0,0.00067894
QLC/BTC,1583071424682,2020-03-01T14:03:44.682Z,buy,1.66e-06,409.0,0.00067894
QLC/BTC,1583073608380,2020-03-01T14:40:08.380Z,sell,1.65e-06,80.0,0.000132
QLC/BTC,1583074629360,2020-03-01T14:57:09.360Z,buy,1.66e-06,117.0,0.00019422
QLC/BTC,1583074629360,2020-03-01T14:57:09.360Z,buy,1.66e-06,117.0,0.00019422
QLC/BTC,1583075046068,2020-03-01T15:04:06.068Z,sell,1.65e-06,98679.0,0.16282035
QLC/BTC,1583075046068,2020-03-01T15:04:06.068Z,sell,1.64e-06,78966.0,0.12950424
QLC/BTC,1583075657751,2020-03-01T15:14:17.751Z,buy,1.65e-06,977.0,0.00161205
QLC/BTC,1583075657790,2020-03-01T15:14:17.790Z,sell,1.65e-06,12780.0,0.021087
QLC/BTC,1583076448488,2020-03-01T15:27:28.488Z,buy,1.66e-06,1129.0,0.00187414
QLC/BTC,1583076453863,2020-03-01T15:27:33.863Z,buy,1.66e-06,528.0,0.00087648
QLC/BTC,1583076467408,2020-03-01T15:27:47.408Z,buy,1.66e-06,121.0,0.00020086
QLC/BTC,1583076467408,2020-03-01T15:27:47.408Z,buy,1.66e-06,61.0,0.00010126
QLC/BTC,1583076525224,2020-03-01T15:28:45.224Z,buy,1.66e-06,11562.0,0.01919292
QLC/BTC,1583076737379,2020-03-01T15:32:17.379Z,buy,1.66e-06,61.0,0.00010126
QLC/BTC,1583077235020,2020-03-01T15:40:35.020Z,sell,1.65e-06,64.0,0.0001056
QLC/BTC,1583077636056,2020-03-01T15:47:16.056Z,sell,1.65e-06,10256.0,0.0169224
QLC/BTC,1583077809187,2020-03-01T15:50:09.187Z,sell,1.65e-06,11550.0,0.0190575
QLC/BTC,1583077809187,2020-03-01T15:50:09.187Z,sell,1.65e-06,11550.0,0.0190575
QLC/BTC,1583078305298,2020-03-01T15:58:25.298Z,sell,1.65e-06,3125.0,0.00515625
QLC/BTC,1583078468045,2020-03-01T16:01:08.045Z,sell,1.65e-06,5390.0,0.0088935
QLC/BTC,1583079205564,2020-03-01T16:13:25.564Z,sell,1.65e-06,111.0,0.00018315
QLC/BTC,1583079367041,2020-03-01T16:16:07.041Z,sell,1.65e-06,6065.0,0.01000725
QLC/BTC,1583079425779,2020-03-01T16:17:05.779Z,sell,1.65e-06,2467.0,0.00407055
QLC/BTC,1583080103562,2020-03-01T16:28:23.562Z,buy,1.65e-06,17007.0,0.02806155
QLC/BTC,1583080386454,2020-03-01T16:33:06.454Z,sell,1.65e-06,73902.0,0.1219383
QLC/BTC,1583080554607,2020-03-01T16:35:54.607Z,sell,1.64e-06,32091.0,0.05262924
QLC/BTC,1583080554861,2020-03-01T16:35:54.861Z,sell,1.64e-06,37000.0,0.06068
QLC/BTC,1583080554879,2020-03-01T16:35:54.879Z,sell,1.64e-06,37000.0,0.06068
QLC/BTC,1583080554880,2020-03-01T16:35:54.880Z,sell,1.64e-06,35992.0,0.05902688
QLC/BTC,1583080604212,2020-03-01T16:36:44.212Z,sell,1.63e-06,45104.0,0.07351952
QLC/BTC,1583080608922,2020-03-01T16:36:48.922Z,sell,1.63e-06,24753.0,0.04034739
QLC/BTC,1583080611411,2020-03-01T16:36:51.411Z,sell,1.63e-06,26285.0,0.04284455
QLC/BTC,1583080612267,2020-03-01T16:36:52.267Z,sell,1.63e-06,24754.0,0.04034902
QLC/BTC,1583080919374,2020-03-01T16:41:59.374Z,sell,1.63e-06,1500.0,0.002445
QLC/BTC,1583081210684,2020-03-01T16:46:50.684Z,sell,1.63e-06,2241.0,0.00365283
QLC/BTC,1583081210684,2020-03-01T16:46:50.684Z,sell,1.62e-06,21678.0,0.03511836
QLC/BTC,1583081298058,2020-03-01T16:48:18.058Z,sell,1.62e-06,19311.0,0.03128382
QLC/BTC,1583081374670,2020-03-01T16:49:34.670Z,sell,1.62e-06,9996.0,0.01619352
QLC/BTC,1583081374925,2020-03-01T16:49:34.925Z,sell,1.62e-06,18483.0,0.02994246
QLC/BTC,1583081374929,2020-03-01T16:49:34.929Z,sell,1.62e-06,1008.0,0.00163296
QLC/BTC,1583081374929,2020-03-01T16:49:34.929Z,sell,1.62e-06,1008.0,0.00163296
QLC/BTC,1583081462358,2020-03-01T16:51:02.358Z,buy,1.63e-06,471.0,0.00076773
QLC/BTC,1583082020962,2020-03-01T17:00:20.962Z,buy,1.63e-06,1226.0,0.00199838
QLC/BTC,1583082305694,2020-03-01T17:05:05.694Z,buy,1.63e-06,74.0,0.00012062
QLC/BTC,1583082383792,2020-03-01T17:06:23.792Z,sell,1.62e-06,28372.0,0.04596264
QLC/BTC,1583082394161,2020-03-01T17:06:34.161Z,sell,1.61e-06,29869.0,0.04808909
QLC/BTC,1583082657588,2020-03-01T17:10:57.588Z,sell,1.61e-06,10578.0,0.01703058
QLC/BTC,1583082661547,2020-03-01T17:11:01.547Z,buy,1.62e-06,1283.0,0.00207846
QLC/BTC,1583082661547,2020-03-01T17:11:01.547Z,buy,1.63e-06,2421.0,0.00394623
QLC/BTC,1583082747282,2020-03-01T17:12:27.282Z,buy,1.63e-06,1833.0,0.00298779
QLC/BTC,1583082987402,2020-03-01T17:16:27.402Z,buy,1.63e-06,115.0,0.00018745
QLC/BTC,1583084884592,2020-03-01T17:48:04.592Z,sell,1.62e-06,779.0,0.00126198
QLC/BTC,1583084884592,2020-03-01T17:48:04.592Z,sell,1.62e-06,779.0,0.00126198
QLC/BTC,1583085034179,2020-03-01T17:50:34.179Z,sell,1.62e-06,3850.0,0.0062369999999999
QLC/BTC,1583085648108,2020-03-01T18:00:48.108Z,buy,1.62e-06,10370.0,0.0167994
QLC/BTC,1583086239870,2020-03-01T18:10:39.870Z,sell,1.61e-06,21561.0,0.03471321
QLC/BTC,1583086284357,2020-03-01T18:11:24.357Z,sell,1.61e-06,4827.0,0.00777147
QLC/BTC,1583086284357,2020-03-01T18:11:24.357Z,sell,1.6e-06,175837.0,0.2813392
QLC/BTC,1583086284376,2020-03-01T18:11:24.376Z,buy,1.6e-06,114923.0,0.1838767999999999
QLC/BTC,1583086284380,2020-03-01T18:11:24.380Z,buy,1.6e-06,68210.0,0.109136
QLC/BTC,1583086284389,2020-03-01T18:11:24.389Z,buy,1.6e-06,68183.0,0.1090927999999999
QLC/BTC,1583086284505,2020-03-01T18:11:24.505Z,buy,1.6e-06,498.0,0.0007968
QLC/BTC,1583086284616,2020-03-01T18:11:24.616Z,buy,1.6e-06,37000.0,0.0591999999999999
QLC/BTC,1583086284925,2020-03-01T18:11:24.925Z,buy,1.6e-06,66.0,0.0001055999999999
QLC/BTC,1583086287390,2020-03-01T18:11:27.390Z,buy,1.6e-06,4703.0,0.0075248
QLC/BTC,1583086299490,2020-03-01T18:11:39.490Z,buy,1.6e-06,343.0,0.0005488
QLC/BTC,1583086299540,2020-03-01T18:11:39.540Z,buy,1.6e-06,3437.0,0.0054992
QLC/BTC,1583086301472,2020-03-01T18:11:41.472Z,buy,1.61e-06,343.0,0.00055223
QLC/BTC,1583086301554,2020-03-01T18:11:41.554Z,buy,1.61e-06,3437.0,0.00553357
QLC/BTC,1583086525044,2020-03-01T18:15:25.044Z,buy,1.61e-06,341.0,0.00054901
QLC/BTC,1583086525105,2020-03-01T18:15:25.105Z,buy,1.61e-06,3416.0,0.00549976
QLC/BTC,1583086537195,2020-03-01T18:15:37.195Z,sell,1.6e-06,3119.0,0.0049904
QLC/BTC,1583086648186,2020-03-01T18:17:28.186Z,sell,1.6e-06,1598.0,0.0025567999999999
QLC/BTC,1583086852141,2020-03-01T18:20:52.141Z,sell,1.6e-06,437.0,0.0006992
QLC/BTC,1583087074862,2020-03-01T18:24:34.862Z,sell,1.6e-06,413.0,0.0006608
QLC/BTC,1583087289465,2020-03-01T18:28:09.465Z,sell,1.6e-06,11012.0,0.0176191999999999
QLC/BTC,1583087344755,2020-03-01T18:29:04.755Z,sell,1.6e-06,5776.0,0.0092415999999999
QLC/BTC,1583087344755,2020-03-01T18:29:04.755Z,sell,1.59e-06,3902.0,0.00620418
QLC/BTC,1583087355502,2020-03-01T18:29:15.502Z,buy,1.6e-06,321.0,0.0005136
QLC/BTC,1583087355502,2020-03-01T18:29:15.502Z,buy,1.61e-06,20.0,3.2200000000000003e-05
QLC/BTC,1583087356273,2020-03-01T18:29:16.273Z,buy,1.61e-06,3416.0,0.00549976
QLC/BTC,1583087433931,2020-03-01T18:30:33.931Z,buy,1.6e-06,1320.0,0.0021119999999999
QLC/BTC,1583087444920,2020-03-01T18:30:44.920Z,buy,1.61e-06,10434.0,0.01679874
QLC/BTC,1583087515010,2020-03-01T18:31:55.010Z,buy,1.61e-06,25075.0,0.04037075
QLC/BTC,1583087517461,2020-03-01T18:31:57.461Z,sell,1.61e-06,1675.0,0.00269675
QLC/BTC,1583087707197,2020-03-01T18:35:07.197Z,buy,1.62e-06,75.0,0.0001215
QLC/BTC,1583087707653,2020-03-01T18:35:07.653Z,buy,1.61e-06,63.0,0.00010143
QLC/BTC,1583087707653,2020-03-01T18:35:07.653Z,buy,1.62e-06,20.0,3.24e-05
QLC/BTC,1583087744586,2020-03-01T18:35:44.586Z,buy,1.62e-06,1848.0,0.00299376
QLC/BTC,1583087922546,2020-03-01T18:38:42.546Z,sell,1.61e-06,94.0,0.00015134
QLC/BTC,1583088003641,2020-03-01T18:40:03.641Z,buy,1.62e-06,11953.0,0.01936386
QLC/BTC,1583088082075,2020-03-01T18:41:22.075Z,sell,1.61e-06,1320.0,0.0021252
QLC/BTC,1583088166490,2020-03-01T18:42:46.490Z,sell,1.61e-06,1222.0,0.00196742
QLC/BTC,1583088166490,2020-03-01T18:42:46.490Z,sell,1.61e-06,1222.0,0.00196742
QLC/BTC,1583089206747,2020-03-01T19:00:06.747Z,buy,1.61e-06,502.0,0.00080822
QLC/BTC,1583089596391,2020-03-01T19:06:36.391Z,sell,1.6e-06,2861.0,0.0045775999999999
QLC/BTC,1583089846840,2020-03-01T19:10:46.840Z,buy,1.61e-06,155.0,0.00024955
QLC/BTC,1583090845166,2020-03-01T19:27:25.166Z,buy,1.61e-06,48506.0,0.07809466
QLC/BTC,1583090845198,2020-03-01T19:27:25.198Z,sell,1.61e-06,157.0,0.00025277
QLC/BTC,1583090845231,2020-03-01T19:27:25.231Z,sell,1.61e-06,157.0,0.00025277
QLC/BTC,1583091657560,2020-03-01T19:40:57.560Z,buy,1.62e-06,84.0,0.0001360799999999
QLC/BTC,1583091657560,2020-03-01T19:40:57.560Z,buy,1.62e-06,84.0,0.0001360799999999
QLC/BTC,1583091837088,2020-03-01T19:43:57.088Z,buy,1.62e-06,13334.0,0.0216010799999999
QLC/BTC,1583092398274,2020-03-01T19:53:18.274Z,sell,1.61e-06,155.0,0.00024955
QLC/BTC,1583092688210,2020-03-01T19:58:08.210Z,buy,1.62e-06,432.0,0.00069984
QLC/BTC,1583092748191,2020-03-01T19:59:08.191Z,buy,1.62e-06,42623.0,0.06904926
QLC/BTC,1583092857473,2020-03-01T20:00:57.473Z,buy,1.62e-06,2222.0,0.00359964
QLC/BTC,1583092857617,2020-03-01T20:00:57.617Z,buy,1.62e-06,123.0,0.0001992599999999
QLC/BTC,1583092858513,2020-03-01T20:00:58.513Z,buy,1.62e-06,308.0,0.00049896
QLC/BTC,1583093587907,2020-03-01T20:13:07.907Z,sell,1.61e-06,432.0,0.00069552
QLC/BTC,1583094179745,2020-03-01T20:22:59.745Z,buy,1.62e-06,1723.0,0.00279126
QLC/BTC,1583094307047,2020-03-01T20:25:07.047Z,sell,1.61e-06,80.0,0.0001288
QLC/BTC,1583094504797,2020-03-01T20:28:24.797Z,buy,1.62e-06,100.0,0.000162
QLC/BTC,1583094776558,2020-03-01T20:32:56.558Z,sell,1.61e-06,536.0,0.00086296
QLC/BTC,1583094776558,2020-03-01T20:32:56.558Z,sell,1.61e-06,536.0,0.00086296
QLC/BTC,1583095367345,2020-03-01T20:42:47.345Z,sell,1.61e-06,65.0,0.00010465
QLC/BTC,1583096464683,2020-03-01T21:01:04.683Z,sell,1.61e-06,2176.0,0.00350336
QLC/BTC,1583096557407,2020-03-01T21:02:37.407Z,sell,1.61e-06,102.0,0.00016422
QLC/BTC,1583096954150,2020-03-01T21:09:14.150Z,sell,1.61e-06,46018.0,0.07408898
QLC/BTC,1583097021565,2020-03-01T21:10:21.565Z,buy,1.61e-06,35434.0,0.05704874
QLC/BTC,1583097196865,2020-03-01T21:13:16.865Z,buy,1.61e-06,3866.0,0.00622426
QLC/BTC,1583097375423,2020-03-01T21:16:15.423Z,sell,1.61e-06,70.0,0.0001127
QLC/BTC,1583097391040,2020-03-01T21:16:31.040Z,buy,1.62e-06,69.0,0.0001117799999999
QLC/BTC,1583097491191,2020-03-01T21:18:11.191Z,sell,1.61e-06,4167.0,0.00670887
QLC/BTC,1583097504715,2020-03-01T21:18:24.715Z,sell,1.61e-06,4193.0,0.00675073
QLC/BTC,1583097517253,2020-03-01T21:18:37.253Z,sell,1.61e-06,65.0,0.00010465
QLC/BTC,1583097517253,2020-03-01T21:18:37.253Z,sell,1.61e-06,65.0,0.00010465
QLC/BTC,1583099244352,2020-03-01T21:47:24.352Z,sell,1.61e-06,70.0,0.0001127
QLC/BTC,1583099254737,2020-03-01T21:47:34.737Z,buy,1.62e-06,70.0,0.0001133999999999
QLC/BTC,1583100716281,2020-03-01T22:11:56.281Z,buy,1.62e-06,3000.0,0.00486
QLC/BTC,1583100885612,2020-03-01T22:14:45.612Z,buy,1.62e-06,9855.0,0.0159651
QLC/BTC,1583100885612,2020-03-01T22:14:45.612Z,buy,1.62e-06,9855.0,0.0159651
QLC/BTC,1583101145438,2020-03-01T22:19:05.438Z,buy,1.62e-06,4069.0,0.00659178
QLC/BTC,1583101272788,2020-03-01T22:21:12.788Z,buy,1.62e-06,824.0,0.0013348799999999
QLC/BTC,1583101281732,2020-03-01T22:21:21.732Z,sell,1.62e-06,341.0,0.00055242
QLC/BTC,1583101281783,2020-03-01T22:21:21.783Z,sell,1.62e-06,3416.0,0.0055339199999999
QLC/BTC,1583101282855,2020-03-01T22:21:22.855Z,sell,1.62e-06,65.0,0.0001053
QLC/BTC,1583101283708,2020-03-01T22:21:23.708Z,sell,1.62e-06,343.0,0.00055566
QLC/BTC,1583101283780,2020-03-01T22:21:23.780Z,sell,1.62e-06,3437.0,0.0055679399999999
QLC/BTC,1583101285732,2020-03-01T22:21:25.732Z,sell,1.62e-06,343.0,0.00055566
QLC/BTC,1583101285831,2020-03-01T22:21:25.831Z,sell,1.62e-06,3437.0,0.0055679399999999
QLC/BTC,1583101568949,2020-03-01T22:26:08.949Z,sell,1.62e-06,310.0,0.0005022
QLC/BTC,1583101604896,2020-03-01T22:26:44.896Z,buy,1.63e-06,107637.0,0.17544831
QLC/BTC,1583101606026,2020-03-01T22:26:46.026Z,sell,1.62e-06,70.0,0.0001133999999999
QLC/BTC,1583101623561,2020-03-01T22:27:03.561Z,buy,1.63e-06,69.0,0.00011247
QLC/BTC,1583101639702,2020-03-01T22:27:19.702Z,buy,1.63e-06,25121.0,0.04094723
QLC/BTC,1583101916133,2020-03-01T22:31:56.133Z,sell,1.62e-06,12121.0,0.01963602
QLC/BTC,1583102677258,2020-03-01T22:44:37.258Z,sell,1.62e-06,2389.0,0.00387018
QLC/BTC,1583102687824,2020-03-01T22:44:47.824Z,buy,1.63e-06,2375.0,0.00387125
QLC/BTC,1583102699680,2020-03-01T22:44:59.680Z,sell,1.62e-06,2375.0,0.0038475
QLC/BTC,1583102709068,2020-03-01T22:45:09.068Z,buy,1.63e-06,2360.0,0.0038468
QLC/BTC,1583102720671,2020-03-01T22:45:20.671Z,sell,1.62e-06,2360.0,0.0038231999999999
QLC/BTC,1583102734147,2020-03-01T22:45:34.147Z,buy,1.63e-06,244.0,0.00039772
QLC/BTC,1583102734147,2020-03-01T22:45:34.147Z,buy,1.64e-06,2073.0,0.0033997199999999
QLC/BTC,1583102736280,2020-03-01T22:45:36.280Z,buy,1.63e-06,176.0,0.00028688
QLC/BTC,1583102737080,2020-03-01T22:45:37.080Z,buy,1.63e-06,68.0,0.00011084
QLC/BTC,1583102741433,2020-03-01T22:45:41.433Z,buy,1.63e-06,1000.0,0.00163
QLC/BTC,1583102762843,2020-03-01T22:46:02.843Z,sell,1.62e-06,1500.0,0.00243
QLC/BTC,1583102776652,2020-03-01T22:46:16.652Z,buy,1.63e-06,1303.0,0.00212389
QLC/BTC,1583102776652,2020-03-01T22:46:16.652Z,buy,1.64e-06,193.0,0.00031652
QLC/BTC,1583103309497,2020-03-01T22:55:09.497Z,sell,1.62e-06,83.0,0.0001344599999999
QLC/BTC,1583103360771,2020-03-01T22:56:00.771Z,sell,1.62e-06,1892.0,0.0030650399999999
QLC/BTC,1583103907813,2020-03-01T23:05:07.813Z,sell,1.62e-06,70.0,0.0001133999999999
QLC/BTC,1583103922169,2020-03-01T23:05:22.169Z,buy,1.64e-06,77.0,0.00012628
QLC/BTC,1583103948484,2020-03-01T23:05:48.484Z,buy,1.64e-06,107.0,0.00017548
QLC/BTC,1583103948484,2020-03-01T23:05:48.484Z,buy,1.64e-06,107.0,0.00017548
QLC/BTC,1583104767097,2020-03-01T23:19:27.097Z,buy,1.64e-06,5439.0,0.00891996
QLC/BTC,1583105193215,2020-03-01T23:26:33.215Z,buy,1.64e-06,62.0,0.00010168
QLC/BTC,1583105308244,2020-03-01T23:28:28.244Z,buy,1.64e-06,7912.0,0.01297568
QLC/BTC,1583105411049,2020-03-01T23:30:11.049Z,buy,1.64e-06,1200.0,0.001968
QLC/BTC,1583105645784,2020-03-01T23:34:05.784Z,sell,1.62e-06,500.0,0.00081
QLC/BTC,1583105814841,2020-03-01T23:36:54.841Z,sell,1.62e-06,6018.0,0.00974916
QLC/BTC,1583106036065,2020-03-01T23:40:36.065Z,sell,1.62e-06,65.0,0.0001053
QLC/BTC,1583106048227,2020-03-01T23:40:48.227Z,sell,1.62e-06,62.0,0.00010044
QLC/BTC,1583106056139,2020-03-01T23:40:56.139Z,buy,1.64e-06,176.0,0.00028864
QLC/BTC,1583106246085,2020-03-01T23:44:06.085Z,buy,1.64e-06,62.0,0.00010168
QLC/BTC,1583106478609,2020-03-01T23:47:58.609Z,sell,1.63e-06,4398.0,0.00716874
QLC/BTC,1583106478611,2020-03-01T23:47:58.611Z,sell,1.63e-06,379.0,0.00061777
QLC/BTC,1583106478628,2020-03-01T23:47:58.628Z,sell,1.63e-06,15299.0,0.02493737
QLC/BTC,1583107164252,2020-03-01T23:59:24.252Z,buy,1.63e-06,2814.0,0.00458682
QLC/BTC,1583107172351,2020-03-01T23:59:32.351Z,sell,1.63e-06,186.0,0.00030318
QLC/BTC,1583107172351,2020-03-01T23:59:32.351Z,sell,1.62e-06,155.0,0.0002511
QLC/BTC,1583107172364,2020-03-01T23:59:32.364Z,sell,1.62e-06,3416.0,0.0055339199999999
QLC/BTC,1583107241262,2020-03-02T00:00:41.262Z,buy,1.64e-06,70.0,0.0001148
QLC/BTC,1583107266711,2020-03-02T00:01:06.711Z,buy,1.64e-06,62.0,0.00010168
QLC/BTC,1583107266711,2020-03-02T00:01:06.711Z,buy,1.64e-06,62.0,0.00010168
QLC/BTC,1583109577653,2020-03-02T00:39:37.653Z,sell,1.62e-06,1000.0,0.00162
QLC/BTC,1583109734719,2020-03-02T00:42:14.719Z,buy,1.64e-06,152.0,0.00024928
QLC/BTC,1583110209875,2020-03-02T00:50:09.875Z,buy,1.64e-06,10511.0,0.01723804
QLC/BTC,1583110209875,2020-03-02T00:50:09.875Z,buy,1.64e-06,10511.0,0.01723804
QLC/BTC,1583112907533,2020-03-02T01:35:07.533Z,sell,1.63e-06,87.0,0.00014181
QLC/BTC,1583112907533,2020-03-02T01:35:07.533Z,sell,1.63e-06,87.0,0.00014181
QLC/BTC,1583113975082,2020-03-02T01:52:55.082Z,buy,1.64e-06,104163.0,0.17082732
QLC/BTC,1583113989418,2020-03-02T01:53:09.418Z,sell,1.64e-06,62.0,0.00010168
QLC/BTC,1583114049300,2020-03-02T01:54:09.300Z,sell,1.64e-06,62.0,0.00010168
QLC/BTC,1583114099278,2020-03-02T01:54:59.278Z,sell,1.64e-06,92.0,0.00015088
QLC/BTC,1583114240491,2020-03-02T01:57:20.491Z,sell,1.64e-06,70.0,0.0001148
QLC/BTC,1583114251253,2020-03-02T01:57:31.253Z,buy,1.65e-06,69.0,0.00011385
QLC/BTC,1583114417720,2020-03-02T02:00:17.720Z,sell,1.64e-06,1226.0,0.00201064
QLC/BTC,1583114460763,2020-03-02T02:01:00.763Z,sell,1.64e-06,926.0,0.00151864
QLC/BTC,1583114759359,2020-03-02T02:05:59.359Z,buy,1.65e-06,13819.0,0.02280135
QLC/BTC,1583114761316,2020-03-02T02:06:01.316Z,buy,1.65e-06,645.0,0.00106425
QLC/BTC,1583114784428,2020-03-02T02:06:24.428Z,buy,1.65e-06,91.0,0.00015015
QLC/BTC,1583115731278,2020-03-02T02:22:11.278Z,sell,1.64e-06,7724.0,0.0126673599999999
QLC/BTC,1583115901008,2020-03-02T02:25:01.008Z,sell,1.64e-06,654.0,0.00107256
QLC/BTC,1583115901008,2020-03-02T02:25:01.008Z,sell,1.64e-06,654.0,0.00107256
QLC/BTC,1583117107186,2020-03-02T02:45:07.186Z,sell,1.64e-06,70.0,0.0001148
QLC/BTC,1583117119946,2020-03-02T02:45:19.946Z,buy,1.65e-06,70.0,0.0001155
QLC/BTC,1583117795801,2020-03-02T02:56:35.801Z,buy,1.65e-06,1818.0,0.0029997
QLC/BTC,1583118361183,2020-03-02T03:06:01.183Z,sell,1.64e-06,636.0,0.00104304
QLC/BTC,1583118376452,2020-03-02T03:06:16.452Z,buy,1.65e-06,1363.0,0.00224895
QLC/BTC,1583118376452,2020-03-02T03:06:16.452Z,buy,1.65e-06,1363.0,0.00224895
QLC/BTC,1583120255493,2020-03-02T03:37:35.493Z,buy,1.65e-06,500.0,0.000825
QLC/BTC,1583120298300,2020-03-02T03:38:18.300Z,buy,1.65e-06,569.0,0.00093885
QLC/BTC,1583120390345,2020-03-02T03:39:50.345Z,buy,1.65e-06,58.0,9.57e-05
QLC/BTC,1583120394800,2020-03-02T03:39:54.800Z,buy,1.65e-06,113.0,0.00018645
QLC/BTC,1583120398850,2020-03-02T03:39:58.850Z,buy,1.65e-06,134.0,0.0002211
QLC/BTC,1583120402996,2020-03-02T03:40:02.996Z,buy,1.65e-06,134.0,0.0002211
QLC/BTC,1583120406995,2020-03-02T03:40:06.995Z,buy,1.65e-06,134.0,0.0002211
QLC/BTC,1583120410989,2020-03-02T03:40:10.989Z,buy,1.65e-06,134.0,0.0002211
QLC/BTC,1583120418442,2020-03-02T03:40:18.442Z,buy,1.65e-06,134.0,0.0002211
QLC/BTC,1583120418660,2020-03-02T03:40:18.660Z,buy,1.65e-06,135.0,0.00022275
QLC/BTC,1583120418883,2020-03-02T03:40:18.883Z,buy,1.65e-06,135.0,0.00022275
QLC/BTC,1583120419098,2020-03-02T03:40:19.098Z,buy,1.65e-06,135.0,0.00022275
QLC/BTC,1583120431969,2020-03-02T03:40:31.969Z,sell,1.64e-06,65.0,0.0001066
QLC/BTC,1583120433246,2020-03-02T03:40:33.246Z,buy,1.65e-06,500.0,0.000825
QLC/BTC,1583121488687,2020-03-02T03:58:08.687Z,sell,1.64e-06,1421.0,0.00233044
QLC/BTC,1583121546565,2020-03-02T03:59:06.565Z,sell,1.64e-06,1422.0,0.00233208
QLC/BTC,1583121614322,2020-03-02T04:00:14.322Z,buy,1.65e-06,25260.0,0.041679
QLC/BTC,1583121849879,2020-03-02T04:04:09.879Z,buy,1.65e-06,12108.0,0.0199782
QLC/BTC,1583121857956,2020-03-02T04:04:17.956Z,sell,1.65e-06,781.0,0.00128865
QLC/BTC,1583121857956,2020-03-02T04:04:17.956Z,sell,1.65e-06,781.0,0.00128865
QLC/BTC,1583122335302,2020-03-02T04:12:15.302Z,sell,1.65e-06,70.0,0.0001155
QLC/BTC,1583122356615,2020-03-02T04:12:36.615Z,buy,1.66e-06,69.0,0.00011454
QLC/BTC,1583123010256,2020-03-02T04:23:30.256Z,buy,1.66e-06,29476.0,0.04893016
QLC/BTC,1583123010304,2020-03-02T04:23:30.304Z,sell,1.66e-06,69.0,0.00011454
QLC/BTC,1583123011383,2020-03-02T04:23:31.383Z,buy,1.67e-06,1909.0,0.00318803
QLC/BTC,1583123011398,2020-03-02T04:23:31.398Z,buy,1.67e-06,453.0,0.00075651
QLC/BTC,1583123013566,2020-03-02T04:23:33.566Z,buy,1.67e-06,90.0,0.0001503
QLC/BTC,1583123163181,2020-03-02T04:26:03.181Z,buy,1.67e-06,180.0,0.0003006
QLC/BTC,1583123700549,2020-03-02T04:35:00.549Z,sell,1.66e-06,126.0,0.00020916
QLC/BTC,1583123742086,2020-03-02T04:35:42.086Z,sell,1.66e-06,1982.0,0.00329012
QLC/BTC,1583123749665,2020-03-02T04:35:49.665Z,sell,1.66e-06,1833.0,0.00304278
QLC/BTC,1583123765675,2020-03-02T04:36:05.675Z,sell,1.66e-06,1822.0,0.00302452
QLC/BTC,1583123766996,2020-03-02T04:36:06.996Z,sell,1.66e-06,1198.0,0.00198868
QLC/BTC,1583123794344,2020-03-02T04:36:34.344Z,sell,1.66e-06,75000.0,0.1245
QLC/BTC,1583124206577,2020-03-02T04:43:26.577Z,sell,1.66e-06,2325.0,0.0038595
QLC/BTC,1583124206577,2020-03-02T04:43:26.577Z,sell,1.66e-06,2325.0,0.0038595
QLC/BTC,1583125855953,2020-03-02T05:10:55.953Z,sell,1.66e-06,37000.0,0.06142
QLC/BTC,1583125891498,2020-03-02T05:11:31.498Z,sell,1.66e-06,785.0,0.0013031
QLC/BTC,1583125894129,2020-03-02T05:11:34.129Z,sell,1.65e-06,122.0,0.0002013
QLC/BTC,1583126194343,2020-03-02T05:16:34.343Z,sell,1.65e-06,49363.0,0.08144895
QLC/BTC,1583126440941,2020-03-02T05:20:40.941Z,buy,1.66e-06,1177.0,0.0019538199999999
QLC/BTC,1583126541344,2020-03-02T05:22:21.344Z,sell,1.66e-06,7565.0,0.0125579
QLC/BTC,1583126597853,2020-03-02T05:23:17.853Z,sell,1.66e-06,106.0,0.00017596
QLC/BTC,1583127208678,2020-03-02T05:33:28.678Z,sell,1.66e-06,70.0,0.0001162
QLC/BTC,1583127220309,2020-03-02T05:33:40.309Z,buy,1.67e-06,70.0,0.0001169
QLC/BTC,1583127220309,2020-03-02T05:33:40.309Z,buy,1.67e-06,70.0,0.0001169
QLC/BTC,1583128016745,2020-03-02T05:46:56.745Z,buy,1.67e-06,61.0,0.00010187
QLC/BTC,1583128241416,2020-03-02T05:50:41.416Z,sell,1.66e-06,1200.0,0.001992
QLC/BTC,1583129245717,2020-03-02T06:07:25.717Z,sell,1.66e-06,1400.0,0.002324
QLC/BTC,1583129564310,2020-03-02T06:12:44.310Z,sell,1.66e-06,800.0,0.001328
QLC/BTC,1583129870372,2020-03-02T06:17:50.372Z,buy,1.67e-06,15196.0,0.02537732
QLC/BTC,1583129921420,2020-03-02T06:18:41.420Z,buy,1.67e-06,44026.0,0.07352342
QLC/BTC,1583129921992,2020-03-02T06:18:41.992Z,buy,1.67e-06,23206.0,0.03875402
QLC/BTC,1583129937335,2020-03-02T06:18:57.335Z,buy,1.67e-06,20955.0,0.03499485
QLC/BTC,1583129954355,2020-03-02T06:19:14.355Z,buy,1.67e-06,1399.0,0.00233633
QLC/BTC,1583129959212,2020-03-02T06:19:19.212Z,buy,1.67e-06,21433.0,0.03579311
QLC/BTC,1583129987394,2020-03-02T06:19:47.394Z,buy,1.67e-06,1742.0,0.00290914
QLC/BTC,1583129987867,2020-03-02T06:19:47.867Z,buy,1.67e-06,497.0,0.00082999
QLC/BTC,1583130005685,2020-03-02T06:20:05.685Z,buy,1.67e-06,9260.0,0.0154642
QLC/BTC,1583130007682,2020-03-02T06:20:07.682Z,sell,1.67e-06,1734.0,0.00289578
QLC/BTC,1583130092222,2020-03-02T06:21:32.222Z,sell,1.67e-06,2418.0,0.00403806
QLC/BTC,1583130092222,2020-03-02T06:21:32.222Z,sell,1.66e-06,591.0,0.00098106
QLC/BTC,1583130106300,2020-03-02T06:21:46.300Z,buy,1.67e-06,321.0,0.00053607
QLC/BTC,1583130107936,2020-03-02T06:21:47.936Z,sell,1.67e-06,308.0,0.00051436
QLC/BTC,1583130212360,2020-03-02T06:23:32.360Z,buy,1.68e-06,2048.0,0.00344064
QLC/BTC,1583130340018,2020-03-02T06:25:40.018Z,buy,1.68e-06,104.0,0.00017472
QLC/BTC,1583130512883,2020-03-02T06:28:32.883Z,sell,1.67e-06,1095.0,0.00182865
QLC/BTC,1583130749825,2020-03-02T06:32:29.825Z,buy,1.68e-06,101840.0,0.1710912
QLC/BTC,1583130749845,2020-03-02T06:32:29.845Z,sell,1.68e-06,17207.0,0.02890776
QLC/BTC,1583130753824,2020-03-02T06:32:33.824Z,buy,1.68e-06,120.0,0.0002016
QLC/BTC,1583130753824,2020-03-02T06:32:33.824Z,buy,1.68e-06,120.0,0.0002016
QLC/BTC,1583131204323,2020-03-02T06:40:04.323Z,sell,1.67e-06,128.0,0.00021376
QLC/BTC,1583131472826,2020-03-02T06:44:32.826Z,buy,1.68e-06,90.0,0.0001512
QLC/BTC,1583132384649,2020-03-02T06:59:44.649Z,buy,1.68e-06,148.0,0.00024864
QLC/BTC,1583132484497,2020-03-02T07:01:24.497Z,buy,1.68e-06,61.0,0.00010248
QLC/BTC,1583132970508,2020-03-02T07:09:30.508Z,buy,1.68e-06,349.0,0.00058632
QLC/BTC,1583134067335,2020-03-02T07:27:47.335Z,buy,1.68e-06,61.0,0.00010248
QLC/BTC,1583134067335,2020-03-02T07:27:47.335Z,buy,1.68e-06,61.0,0.00010248
QLC/BTC,1583134947182,2020-03-02T07:42:27.182Z,sell,1.67e-06,169.0,0.00028223
QLC/BTC,1583134984587,2020-03-02T07:43:04.587Z,sell,1.67e-06,1212.0,0.00202404
QLC/BTC,1583134987371,2020-03-02T07:43:07.371Z,sell,1.66e-06,60.0,9.96e-05
QLC/BTC,1583134990465,2020-03-02T07:43:10.465Z,sell,1.66e-06,1198.0,0.00198868
QLC/BTC,1583135299931,2020-03-02T07:48:19.931Z,buy,1.67e-06,5988.0,0.00999996
QLC/BTC,1583135470934,2020-03-02T07:51:10.934Z,sell,1.66e-06,7482.0,0.01242012
QLC/BTC,1583135482610,2020-03-02T07:51:22.610Z,sell,1.65e-06,8207.0,0.01354155
QLC/BTC,1583135482624,2020-03-02T07:51:22.624Z,buy,1.65e-06,3347.0,0.00552255
QLC/BTC,1583135482628,2020-03-02T07:51:22.628Z,buy,1.65e-06,1247.0,0.00205755
QLC/BTC,1583135482857,2020-03-02T07:51:22.857Z,buy,1.65e-06,85.0,0.00014025
QLC/BTC,1583135485814,2020-03-02T07:51:25.814Z,sell,1.64e-06,148.0,0.00024272
QLC/BTC,1583135492616,2020-03-02T07:51:32.616Z,sell,1.64e-06,146589.0,0.24040596
QLC/BTC,1583135517056,2020-03-02T07:51:57.056Z,sell,1.64e-06,1412.0,0.00231568
QLC/BTC,1583135639432,2020-03-02T07:53:59.432Z,buy,1.65e-06,813.0,0.00134145
QLC/BTC,1583135640426,2020-03-02T07:54:00.426Z,buy,1.65e-06,451.0,0.00074415
QLC/BTC,1583135640426,2020-03-02T07:54:00.426Z,buy,1.66e-06,59.0,9.794e-05
QLC/BTC,1583135641613,2020-03-02T07:54:01.613Z,buy,1.66e-06,481.0,0.00079846
QLC/BTC,1583135672898,2020-03-02T07:54:32.898Z,buy,1.66e-06,1273.0,0.00211318
QLC/BTC,1583135763789,2020-03-02T07:56:03.789Z,buy,1.66e-06,475.0,0.0007885
QLC/BTC,1583136292570,2020-03-02T08:04:52.570Z,sell,1.65e-06,63791.0,0.10525515
QLC/BTC,1583136800413,2020-03-02T08:13:20.413Z,buy,1.66e-06,598.0,0.00099268
QLC/BTC,1583136827132,2020-03-02T08:13:47.132Z,buy,1.66e-06,91.0,0.00015106
QLC/BTC,1583136944758,2020-03-02T08:15:44.758Z,buy,1.66e-06,1973.0,0.00327518
QLC/BTC,1583137103203,2020-03-02T08:18:23.203Z,buy,1.66e-06,61.0,0.00010126
QLC/BTC,1583137147692,2020-03-02T08:19:07.692Z,buy,1.66e-06,3618.0,0.00600588
QLC/BTC,1583137231444,2020-03-02T08:20:31.444Z,buy,1.67e-06,15071.0,0.02516857
QLC/BTC,1583137231444,2020-03-02T08:20:31.444Z,buy,1.67e-06,15071.0,0.02516857
QLC/BTC,1583137851931,2020-03-02T08:30:51.931Z,buy,1.67e-06,17964.0,0.02999988
QLC/BTC,1583138330060,2020-03-02T08:38:50.060Z,buy,1.67e-06,60.0,0.0001002
QLC/BTC,1583139727344,2020-03-02T09:02:07.344Z,sell,1.66e-06,7025.0,0.0116615
QLC/BTC,1583139727344,2020-03-02T09:02:07.344Z,sell,1.65e-06,6737.0,0.01111605
QLC/BTC,1583139727344,2020-03-02T09:02:07.344Z,sell,1.64e-06,4908.0,0.00804912
QLC/BTC,1583139727407,2020-03-02T09:02:07.407Z,buy,1.66e-06,311.0,0.00051626
QLC/BTC,1583139763659,2020-03-02T09:02:43.659Z,buy,1.65e-06,321.0,0.00052965
QLC/BTC,1583139763659,2020-03-02T09:02:43.659Z,buy,1.66e-06,2754.0,0.00457164
QLC/BTC,1583139775642,2020-03-02T09:02:55.642Z,sell,1.66e-06,613.0,0.00101758
QLC/BTC,1583139787988,2020-03-02T09:03:07.988Z,sell,1.66e-06,974.0,0.00161684
QLC/BTC,1583139789093,2020-03-02T09:03:09.093Z,sell,1.66e-06,827.0,0.00137282
QLC/BTC,1583139809602,2020-03-02T09:03:29.602Z,sell,1.66e-06,311.0,0.00051626
QLC/BTC,1583139853476,2020-03-02T09:04:13.476Z,sell,1.66e-06,990.0,0.0016434
QLC/BTC,1583140088286,2020-03-02T09:08:08.286Z,buy,1.66e-06,61.0,0.00010126
QLC/BTC,1583140408378,2020-03-02T09:13:28.378Z,sell,1.65e-06,1321.0,0.00217965
QLC/BTC,1583140408378,2020-03-02T09:13:28.378Z,sell,1.64e-06,1103.0,0.0018089199999999
QLC/BTC,1583140408378,2020-03-02T09:13:28.378Z,sell,1.65e-06,1321.0,0.00217965
QLC/BTC,1583140408378,2020-03-02T09:13:28.378Z,sell,1.64e-06,1103.0,0.0018089199999999
QLC/BTC,1583140950494,2020-03-02T09:22:30.494Z,sell,1.65e-06,1858.0,0.0030657
QLC/BTC,1583140950494,2020-03-02T09:22:30.494Z,sell,1.64e-06,1534.0,0.00251576
QLC/BTC,1583141713524,2020-03-02T09:35:13.524Z,buy,1.66e-06,128.0,0.00021248
QLC/BTC,1583141713557,2020-03-02T09:35:13.557Z,buy,1.66e-06,3930.0,0.0065238
QLC/BTC,1583141732936,2020-03-02T09:35:32.936Z,sell,1.65e-06,31044.0,0.0512226
QLC/BTC,1583141740185,2020-03-02T09:35:40.185Z,buy,1.67e-06,210.0,0.0003507
QLC/BTC,1583142271883,2020-03-02T09:44:31.883Z,sell,1.66e-06,666.0,0.00110556
QLC/BTC,1583142271883,2020-03-02T09:44:31.883Z,sell,1.65e-06,11442.0,0.0188793
QLC/BTC,1583142439284,2020-03-02T09:47:19.284Z,buy,1.67e-06,90.0,0.0001503
QLC/BTC,1583143577566,2020-03-02T10:06:17.566Z,sell,1.66e-06,1191.0,0.00197706
QLC/BTC,1583143767927,2020-03-02T10:09:27.927Z,sell,1.66e-06,9886.0,0.01641076
QLC/BTC,1583143767927,2020-03-02T10:09:27.927Z,sell,1.65e-06,25092.0,0.0414018
QLC/BTC,1583143783488,2020-03-02T10:09:43.488Z,buy,1.66e-06,321.0,0.00053286
QLC/BTC,1583143785576,2020-03-02T10:09:45.576Z,buy,1.67e-06,488.0,0.00081496
QLC/BTC,1583143790591,2020-03-02T10:09:50.591Z,sell,1.66e-06,1000.0,0.00166
QLC/BTC,1583143790591,2020-03-02T10:09:50.591Z,sell,1.66e-06,1000.0,0.00166
QLC/BTC,1583144822440,2020-03-02T10:27:02.440Z,sell,1.66e-06,3000.0,0.00498
QLC/BTC,1583145402714,2020-03-02T10:36:42.714Z,sell,1.66e-06,31176.0,0.05175216
QLC/BTC,1583145630660,2020-03-02T10:40:30.660Z,buy,1.66e-06,97.0,0.00016102
QLC/BTC,1583145919014,2020-03-02T10:45:19.014Z,buy,1.66e-06,1551.0,0.00257466
QLC/BTC,1583146392968,2020-03-02T10:53:12.968Z,buy,1.66e-06,121.0,0.00020086
QLC/BTC,1583146559982,2020-03-02T10:55:59.982Z,sell,1.65e-06,2342.0,0.0038643
QLC/BTC,1583146835271,2020-03-02T11:00:35.271Z,sell,1.65e-06,3393.0,0.00559845
QLC/BTC,1583146928554,2020-03-02T11:02:08.554Z,buy,1.66e-06,490.0,0.0008134
QLC/BTC,1583146928554,2020-03-02T11:02:08.554Z,buy,1.66e-06,490.0,0.0008134
QLC/BTC,1583147588347,2020-03-02T11:13:08.347Z,sell,1.65e-06,90.0,0.0001485
QLC/BTC,1583148343680,2020-03-02T11:25:43.680Z,buy,1.66e-06,524.0,0.00086984
QLC/BTC,1583148349169,2020-03-02T11:25:49.169Z,buy,1.66e-06,917.0,0.00152222
QLC/BTC,1583149250125,2020-03-02T11:40:50.125Z,buy,1.66e-06,147.0,0.00024402
QLC/BTC,1583149527743,2020-03-02T11:45:27.743Z,buy,1.66e-06,6298.0,0.01045468
QLC/BTC,1583149847263,2020-03-02T11:50:47.263Z,buy,1.67e-06,61.0,0.00010187
QLC/BTC,1583149847263,2020-03-02T11:50:47.263Z,buy,1.67e-06,61.0,0.00010187
QLC/BTC,1583150701927,2020-03-02T12:05:01.927Z,buy,1.67e-06,7910.0,0.0132097
QLC/BTC,1583150750869,2020-03-02T12:05:50.869Z,buy,1.68e-06,61.0,0.00010248
QLC/BTC,1583151645851,2020-03-02T12:20:45.851Z,buy,1.68e-06,594.0,0.00099792
QLC/BTC,1583153066417,2020-03-02T12:44:26.417Z,sell,1.66e-06,130.0,0.0002158
QLC/BTC,1583153099747,2020-03-02T12:44:59.747Z,sell,1.66e-06,602.0,0.00099932
QLC/BTC,1583153099747,2020-03-02T12:44:59.747Z,sell,1.66e-06,602.0,0.00099932
QLC/BTC,1583157999027,2020-03-02T14:06:39.027Z,sell,1.66e-06,37384.0,0.06205744
QLC/BTC,1583158004265,2020-03-02T14:06:44.265Z,sell,1.66e-06,9346.0,0.01551436
QLC/BTC,1583158013064,2020-03-02T14:06:53.064Z,sell,1.66e-06,1935.0,0.0032121
QLC/BTC,1583158026651,2020-03-02T14:07:06.651Z,sell,1.66e-06,61.0,0.00010126
QLC/BTC,1583158055522,2020-03-02T14:07:35.522Z,sell,1.66e-06,1858.0,0.00308428
QLC/BTC,1583158453899,2020-03-02T14:14:13.899Z,buy,1.67e-06,73149.0,0.12215883
QLC/BTC,1583158453899,2020-03-02T14:14:13.899Z,buy,1.67e-06,73149.0,0.12215883
QLC/BTC,1583159287764,2020-03-02T14:28:07.764Z,buy,1.67e-06,86115.0,0.14381205
QLC/BTC,1583159306872,2020-03-02T14:28:26.872Z,buy,1.68e-06,148810.0,0.2500008
QLC/BTC,1583159307356,2020-03-02T14:28:27.356Z,buy,1.68e-06,4649.0,0.00781032
QLC/BTC,1583159404286,2020-03-02T14:30:04.286Z,buy,1.68e-06,179.0,0.00030072
QLC/BTC,1583160016013,2020-03-02T14:40:16.013Z,buy,1.68e-06,916.0,0.00153888
QLC/BTC,1583160059996,2020-03-02T14:40:59.996Z,buy,1.68e-06,1362.0,0.00228816
QLC/BTC,1583160115751,2020-03-02T14:41:55.751Z,buy,1.69e-06,166985.0,0.28220465
QLC/BTC,1583160118133,2020-03-02T14:41:58.133Z,buy,1.69e-06,119.0,0.0002011099999999
QLC/BTC,1583160170350,2020-03-02T14:42:50.350Z,sell,1.68e-06,1244.0,0.00208992
QLC/BTC,1583160191965,2020-03-02T14:43:11.965Z,sell,1.67e-06,545.0,0.00091015
QLC/BTC,1583160308164,2020-03-02T14:45:08.164Z,sell,1.67e-06,4698.0,0.00784566
QLC/BTC,1583160459100,2020-03-02T14:47:39.100Z,sell,1.68e-06,3040.0,0.0051072
QLC/BTC,1583160595046,2020-03-02T14:49:55.046Z,sell,1.68e-06,11189.0,0.01879752
QLC/BTC,1583160636141,2020-03-02T14:50:36.141Z,sell,1.68e-06,1571.0,0.00263928
QLC/BTC,1583160687266,2020-03-02T14:51:27.266Z,buy,1.69e-06,89.0,0.00015041
QLC/BTC,1583160687266,2020-03-02T14:51:27.266Z,buy,1.69e-06,89.0,0.00015041
QLC/BTC,1583162229029,2020-03-02T15:17:09.029Z,sell,1.68e-06,2424.0,0.00407232
QLC/BTC,1583162734769,2020-03-02T15:25:34.769Z,sell,1.68e-06,21732.0,0.03650976
QLC/BTC,1583163297452,2020-03-02T15:34:57.452Z,sell,1.68e-06,77.0,0.00012936
QLC/BTC,1583163401110,2020-03-02T15:36:41.110Z,buy,1.69e-06,119.0,0.0002011099999999
QLC/BTC,1583163557772,2020-03-02T15:39:17.772Z,sell,1.68e-06,104.0,0.00017472
QLC/BTC,1583163811178,2020-03-02T15:43:31.178Z,sell,1.68e-06,5000.0,0.0084
QLC/BTC,1583163811178,2020-03-02T15:43:31.178Z,sell,1.68e-06,5000.0,0.0084
QLC/BTC,1583164361260,2020-03-02T15:52:41.260Z,sell,1.68e-06,300.0,0.000504
QLC/BTC,1583164417343,2020-03-02T15:53:37.343Z,sell,1.68e-06,3506.0,0.00589008
QLC/BTC,1583164432781,2020-03-02T15:53:52.781Z,sell,1.68e-06,300.0,0.000504
QLC/BTC,1583164501755,2020-03-02T15:55:01.755Z,sell,1.68e-06,300.0,0.000504
QLC/BTC,1583164701028,2020-03-02T15:58:21.028Z,sell,1.68e-06,100.0,0.000168
QLC/BTC,1583164709184,2020-03-02T15:58:29.184Z,sell,1.68e-06,100.0,0.000168
QLC/BTC,1583164730327,2020-03-02T15:58:50.327Z,sell,1.68e-06,80.0,0.0001344
QLC/BTC,1583164958328,2020-03-02T16:02:38.328Z,sell,1.68e-06,80.0,0.0001344
QLC/BTC,1583164966901,2020-03-02T16:02:46.901Z,sell,1.68e-06,80.0,0.0001344
QLC/BTC,1583165017130,2020-03-02T16:03:37.130Z,sell,1.68e-06,119.0,0.00019992
QLC/BTC,1583165090565,2020-03-02T16:04:50.565Z,buy,1.69e-06,51987.0,0.0878580299999999
QLC/BTC,1583165090565,2020-03-02T16:04:50.565Z,buy,1.7e-06,115462.0,0.1962854
QLC/BTC,1583165090565,2020-03-02T16:04:50.565Z,buy,1.71e-06,5016.0,0.00857736
QLC/BTC,1583165092187,2020-03-02T16:04:52.187Z,sell,1.7e-06,68.0,0.0001156
QLC/BTC,1583165093191,2020-03-02T16:04:53.191Z,sell,1.7e-06,77.0,0.0001309
QLC/BTC,1583165095987,2020-03-02T16:04:55.987Z,buy,1.71e-06,117.0,0.00020007
QLC/BTC,1583165099971,2020-03-02T16:04:59.971Z,sell,1.7e-06,149.0,0.0002533
QLC/BTC,1583165145118,2020-03-02T16:05:45.118Z,sell,1.7e-06,1027.0,0.0017459
QLC/BTC,1583165160168,2020-03-02T16:06:00.168Z,sell,1.69e-06,210.0,0.0003549
QLC/BTC,1583165503774,2020-03-02T16:11:43.774Z,buy,1.7e-06,89.0,0.0001513
QLC/BTC,1583165595077,2020-03-02T16:13:15.077Z,sell,1.69e-06,66.0,0.0001115399999999
QLC/BTC,1583165595077,2020-03-02T16:13:15.077Z,sell,1.69e-06,593.0,0.00100217
QLC/BTC,1583165638447,2020-03-02T16:13:58.447Z,sell,1.69e-06,10749.0,0.0181658099999999
QLC/BTC,1583165638447,2020-03-02T16:13:58.447Z,sell,1.68e-06,45161.0,0.07587048
QLC/BTC,1583165638447,2020-03-02T16:13:58.447Z,sell,1.67e-06,34999.0,0.05844833
QLC/BTC,1583165734394,2020-03-02T16:15:34.394Z,buy,1.69e-06,590.0,0.0009971
QLC/BTC,1583165928018,2020-03-02T16:18:48.018Z,buy,1.69e-06,654.0,0.0011052599999999
QLC/BTC,1583165975508,2020-03-02T16:19:35.508Z,buy,1.7e-06,7472.0,0.0127024
QLC/BTC,1583165975521,2020-03-02T16:19:35.521Z,sell,1.7e-06,10184.0,0.0173128
QLC/BTC,1583166880902,2020-03-02T16:34:40.902Z,buy,1.7e-06,20.0,3.4e-05
QLC/BTC,1583167066570,2020-03-02T16:37:46.570Z,buy,1.7e-06,3537.0,0.0060129
QLC/BTC,1583167370885,2020-03-02T16:42:50.885Z,sell,1.7e-06,595.0,0.0010115
QLC/BTC,1583167370885,2020-03-02T16:42:50.885Z,sell,1.7e-06,595.0,0.0010115
QLC/BTC,1583167594964,2020-03-02T16:46:34.964Z,sell,1.7e-06,300.0,0.00051
QLC/BTC,1583167919263,2020-03-02T16:51:59.263Z,sell,1.7e-06,300.0,0.00051
QLC/BTC,1583168037049,2020-03-02T16:53:57.049Z,sell,1.7e-06,10147.0,0.0172499
QLC/BTC,1583168107976,2020-03-02T16:55:07.976Z,sell,1.7e-06,4242.0,0.0072114
QLC/BTC,1583168155212,2020-03-02T16:55:55.212Z,buy,1.71e-06,60.0,0.0001026
QLC/BTC,1583168156442,2020-03-02T16:55:56.442Z,buy,1.71e-06,643.0,0.00109953
QLC/BTC,1583168528147,2020-03-02T17:02:08.147Z,buy,1.71e-06,19534.0,0.03340314
QLC/BTC,1583168538280,2020-03-02T17:02:18.280Z,buy,1.71e-06,117.0,0.00020007
QLC/BTC,1583168615924,2020-03-02T17:03:35.924Z,buy,1.71e-06,6668.0,0.0114022799999999
QLC/BTC,1583168615949,2020-03-02T17:03:35.949Z,sell,1.71e-06,831.0,0.00142101
QLC/BTC,1583168644015,2020-03-02T17:04:04.015Z,buy,1.72e-06,175.0,0.000301
QLC/BTC,1583168853998,2020-03-02T17:07:33.998Z,buy,1.72e-06,88.0,0.00015136
QLC/BTC,1583168912454,2020-03-02T17:08:32.454Z,buy,1.72e-06,15393.0,0.02647596
QLC/BTC,1583168919868,2020-03-02T17:08:39.868Z,buy,1.72e-06,6559.0,0.01128148
QLC/BTC,1583168937710,2020-03-02T17:08:57.710Z,buy,1.72e-06,9069.0,0.01559868
QLC/BTC,1583168937737,2020-03-02T17:08:57.737Z,sell,1.72e-06,11058.0,0.01901976
QLC/BTC,1583169003945,2020-03-02T17:10:03.945Z,sell,1.71e-06,130.0,0.0002222999999999
QLC/BTC,1583169003945,2020-03-02T17:10:03.945Z,sell,1.71e-06,589.0,0.00100719
QLC/BTC,1583169050364,2020-03-02T17:10:50.364Z,sell,1.71e-06,1641.0,0.0028061099999999
QLC/BTC,1583169177937,2020-03-02T17:12:57.937Z,sell,1.71e-06,660.0,0.0011286
QLC/BTC,1583169243847,2020-03-02T17:14:03.847Z,sell,1.71e-06,60.0,0.0001026
QLC/BTC,1583169554167,2020-03-02T17:19:14.167Z,buy,1.72e-06,59.0,0.00010148
QLC/BTC,1583169588117,2020-03-02T17:19:48.117Z,sell,1.71e-06,626.0,0.0010704599999999
QLC/BTC,1583169613905,2020-03-02T17:20:13.905Z,sell,1.71e-06,650.0,0.0011114999999999
QLC/BTC,1583169900845,2020-03-02T17:25:00.845Z,sell,1.71e-06,1889.0,0.00323019
QLC/BTC,1583169981345,2020-03-02T17:26:21.345Z,sell,1.71e-06,905.0,0.00154755
QLC/BTC,1583169996334,2020-03-02T17:26:36.334Z,buy,1.72e-06,204.0,0.00035088
QLC/BTC,1583170069328,2020-03-02T17:27:49.328Z,sell,1.71e-06,300.0,0.000513
QLC/BTC,1583170089809,2020-03-02T17:28:09.809Z,sell,1.71e-06,300.0,0.000513
QLC/BTC,1583170120852,2020-03-02T17:28:40.852Z,sell,1.71e-06,300.0,0.000513
QLC/BTC,1583170127262,2020-03-02T17:28:47.262Z,sell,1.71e-06,300.0,0.000513
QLC/BTC,1583170183756,2020-03-02T17:29:43.756Z,sell,1.71e-06,300.0,0.000513
QLC/BTC,1583170222351,2020-03-02T17:30:22.351Z,sell,1.71e-06,511.0,0.0008738099999999
QLC/BTC,1583170470805,2020-03-02T17:34:30.805Z,sell,1.71e-06,998.0,0.0017065799999999
QLC/BTC,1583170514483,2020-03-02T17:35:14.483Z,sell,1.71e-06,105.0,0.00017955
QLC/BTC,1583170547846,2020-03-02T17:35:47.846Z,buy,1.72e-06,1754.0,0.00301688
QLC/BTC,1583170749745,2020-03-02T17:39:09.745Z,buy,1.72e-06,6156.0,0.01058832
QLC/BTC,1583170799091,2020-03-02T17:39:59.091Z,buy,1.72e-06,3045.0,0.0052374
QLC/BTC,1583170839150,2020-03-02T17:40:39.150Z,buy,1.72e-06,1640.0,0.0028208
QLC/BTC,1583170918523,2020-03-02T17:41:58.523Z,sell,1.71e-06,91005.0,0.15561855
QLC/BTC,1583170918523,2020-03-02T17:41:58.523Z,sell,1.7e-06,26684.0,0.0453628
QLC/BTC,1583170918523,2020-03-02T17:41:58.523Z,sell,1.69e-06,285879.0,0.48313551
QLC/BTC,1583170918537,2020-03-02T17:41:58.537Z,buy,1.69e-06,32262.0,0.05452278
QLC/BTC,1583170918538,2020-03-02T17:41:58.538Z,buy,1.69e-06,32286.0,0.0545633399999999
QLC/BTC,1583170918539,2020-03-02T17:41:58.539Z,buy,1.69e-06,9339.0,0.01578291
QLC/BTC,1583170918548,2020-03-02T17:41:58.548Z,buy,1.69e-06,2200.0,0.003718
QLC/BTC,1583170918558,2020-03-02T17:41:58.558Z,buy,1.69e-06,6733.0,0.01137877
QLC/BTC,1583170918569,2020-03-02T17:41:58.569Z,buy,1.69e-06,7631.0,0.0128963899999999
QLC/BTC,1583170919054,2020-03-02T17:41:59.054Z,sell,1.69e-06,2484.0,0.00419796
QLC/BTC,1583170919563,2020-03-02T17:41:59.563Z,sell,1.69e-06,7384.0,0.0124789599999999
QLC/BTC,1583170919563,2020-03-02T17:41:59.563Z,sell,1.68e-06,9133.0,0.01534344
QLC/BTC,1583170925745,2020-03-02T17:42:05.745Z,buy,1.69e-06,68.0,0.0001149199999999
QLC/BTC,1583170928153,2020-03-02T17:42:08.153Z,sell,1.69e-06,87.0,0.0001470299999999
