symbol,timestamp,datetime,side,price,amount,btc_volume
QSP/BTC,1566064826268,2019-08-17T18:00:26.268Z,buy,1.03e-06,1404.0,0.00144612
QSP/BTC,1566065027373,2019-08-17T18:03:47.373Z,buy,1.03e-06,102.0,0.00010506
QSP/BTC,1566065242330,2019-08-17T18:07:22.330Z,sell,1.02e-06,19709.0,0.02010318
QSP/BTC,1566065260629,2019-08-17T18:07:40.629Z,sell,1.02e-06,680.0,0.0006935999999999
QSP/BTC,1566065260674,2019-08-17T18:07:40.674Z,buy,1.02e-06,249.0,0.00025398
QSP/BTC,1566065260690,2019-08-17T18:07:40.690Z,buy,1.02e-06,249.0,0.00025398
QSP/BTC,1566065285562,2019-08-17T18:08:05.562Z,buy,1.02e-06,299.0,0.00030498
QSP/BTC,1566065355619,2019-08-17T18:09:15.619Z,buy,1.02e-06,37711.0,0.03846522
QSP/BTC,1566065355973,2019-08-17T18:09:15.973Z,sell,1.02e-06,1000.0,0.00102
QSP/BTC,1566065390579,2019-08-17T18:09:50.579Z,sell,1.02e-06,9387.0,0.00957474
QSP/BTC,1566065460571,2019-08-17T18:11:00.571Z,sell,1.02e-06,467.0,0.00047634
QSP/BTC,1566065895239,2019-08-17T18:18:15.239Z,sell,1.02e-06,101.0,0.00010302
QSP/BTC,1566067328349,2019-08-17T18:42:08.349Z,sell,1.02e-06,316.0,0.00032232
QSP/BTC,1566067328349,2019-08-17T18:42:08.349Z,sell,1.02e-06,316.0,0.00032232
QSP/BTC,1566068471470,2019-08-17T19:01:11.470Z,sell,1.02e-06,4374.0,0.00446148
QSP/BTC,1566070559760,2019-08-17T19:35:59.760Z,buy,1.03e-06,2861.0,0.00294683
QSP/BTC,1566070923997,2019-08-17T19:42:03.997Z,sell,1.02e-06,4351.0,0.00443802
QSP/BTC,1566070923997,2019-08-17T19:42:03.997Z,sell,1.02e-06,4351.0,0.00443802
QSP/BTC,1566071247409,2019-08-17T19:47:27.409Z,buy,1.03e-06,5113.0,0.00526639
QSP/BTC,1566071933108,2019-08-17T19:58:53.108Z,sell,1.02e-06,41363.0,0.04219026
QSP/BTC,1566072507028,2019-08-17T20:08:27.028Z,buy,1.03e-06,9924.0,0.01022172
QSP/BTC,1566072870042,2019-08-17T20:14:30.042Z,sell,1.02e-06,5437.0,0.0055457399999999
QSP/BTC,1566073079003,2019-08-17T20:17:59.003Z,sell,1.02e-06,1500.0,0.00153
QSP/BTC,1566073079003,2019-08-17T20:17:59.003Z,sell,1.02e-06,1500.0,0.00153
QSP/BTC,1566074597693,2019-08-17T20:43:17.693Z,sell,1.02e-06,12673.0,0.0129264599999999
QSP/BTC,1566074685590,2019-08-17T20:44:45.590Z,sell,1.02e-06,8448.0,0.00861696
QSP/BTC,1566074729056,2019-08-17T20:45:29.056Z,sell,1.02e-06,5065.0,0.0051662999999999
QSP/BTC,1566075424500,2019-08-17T20:57:04.500Z,sell,1.02e-06,175.0,0.0001785
QSP/BTC,1566075424500,2019-08-17T20:57:04.500Z,sell,1.02e-06,175.0,0.0001785
QSP/BTC,1566077112016,2019-08-17T21:25:12.016Z,sell,1.02e-06,35000.0,0.0357
QSP/BTC,1566077211417,2019-08-17T21:26:51.417Z,sell,1.02e-06,13618.0,0.01389036
QSP/BTC,1566077301657,2019-08-17T21:28:21.657Z,sell,1.01e-06,50000.0,0.0505
QSP/BTC,1566077395681,2019-08-17T21:29:55.681Z,buy,1.02e-06,19950.0,0.020349
QSP/BTC,1566077647234,2019-08-17T21:34:07.234Z,sell,1.01e-06,63957.0,0.06459657
QSP/BTC,1566077696578,2019-08-17T21:34:56.578Z,buy,1.02e-06,111.0,0.00011322
QSP/BTC,1566078103530,2019-08-17T21:41:43.530Z,buy,1.02e-06,105.0,0.0001071
QSP/BTC,1566078565614,2019-08-17T21:49:25.614Z,buy,1.02e-06,102.0,0.00010404
QSP/BTC,1566078565614,2019-08-17T21:49:25.614Z,buy,1.02e-06,102.0,0.00010404
QSP/BTC,1566079176734,2019-08-17T21:59:36.734Z,sell,1.01e-06,7492.0,0.00756692
QSP/BTC,1566079206246,2019-08-17T22:00:06.246Z,buy,1.02e-06,277.0,0.00028254
QSP/BTC,1566079253982,2019-08-17T22:00:53.982Z,buy,1.02e-06,12566.0,0.01281732
QSP/BTC,1566080304694,2019-08-17T22:18:24.694Z,buy,1.02e-06,2565.0,0.0026163
QSP/BTC,1566080305402,2019-08-17T22:18:25.402Z,buy,1.02e-06,5958.0,0.00607716
QSP/BTC,1566080306250,2019-08-17T22:18:26.250Z,buy,1.02e-06,6965.0,0.0071043
QSP/BTC,1566080306783,2019-08-17T22:18:26.783Z,buy,1.02e-06,4592.0,0.00468384
QSP/BTC,1566080307723,2019-08-17T22:18:27.723Z,buy,1.02e-06,1700.0,0.0017339999999999
QSP/BTC,1566080308429,2019-08-17T22:18:28.429Z,buy,1.02e-06,796.0,0.0008119199999999
QSP/BTC,1566080309008,2019-08-17T22:18:29.008Z,buy,1.02e-06,700.0,0.000714
QSP/BTC,1566080459109,2019-08-17T22:20:59.109Z,buy,1.02e-06,4929.0,0.00502758
QSP/BTC,1566080459961,2019-08-17T22:20:59.961Z,buy,1.02e-06,2253.0,0.0022980599999999
QSP/BTC,1566080460508,2019-08-17T22:21:00.508Z,buy,1.02e-06,1279.0,0.00130458
QSP/BTC,1566080461466,2019-08-17T22:21:01.466Z,buy,1.02e-06,700.0,0.000714
QSP/BTC,1566080469759,2019-08-17T22:21:09.759Z,buy,1.02e-06,700.0,0.000714
QSP/BTC,1566080470235,2019-08-17T22:21:10.235Z,buy,1.02e-06,1103.0,0.00112506
QSP/BTC,1566080471184,2019-08-17T22:21:11.184Z,buy,1.02e-06,786.0,0.00080172
QSP/BTC,1566080472546,2019-08-17T22:21:12.546Z,buy,1.02e-06,1216.0,0.00124032
QSP/BTC,1566080473511,2019-08-17T22:21:13.511Z,buy,1.02e-06,711.0,0.0007252199999999
QSP/BTC,1566080473894,2019-08-17T22:21:13.894Z,buy,1.02e-06,1552.0,0.00158304
QSP/BTC,1566080501869,2019-08-17T22:21:41.869Z,buy,1.02e-06,700.0,0.000714
QSP/BTC,1566080502727,2019-08-17T22:21:42.727Z,buy,1.02e-06,700.0,0.000714
QSP/BTC,1566080556779,2019-08-17T22:22:36.779Z,buy,1.02e-06,700.0,0.000714
QSP/BTC,1566081342778,2019-08-17T22:35:42.778Z,sell,1.01e-06,157084.0,0.15865484
QSP/BTC,1566081668990,2019-08-17T22:41:08.990Z,sell,1.01e-06,4400.0,0.004444
QSP/BTC,1566081789200,2019-08-17T22:43:09.200Z,sell,1.01e-06,39852.0,0.04025052
QSP/BTC,1566081789200,2019-08-17T22:43:09.200Z,sell,1.01e-06,39852.0,0.04025052
QSP/BTC,1566083859831,2019-08-17T23:17:39.831Z,sell,1.01e-06,439.0,0.00044339
QSP/BTC,1566084364857,2019-08-17T23:26:04.857Z,sell,1.01e-06,1071.0,0.00108171
QSP/BTC,1566084364886,2019-08-17T23:26:04.886Z,buy,1.02e-06,3180.0,0.0032436
QSP/BTC,1566084839427,2019-08-17T23:33:59.427Z,buy,1.02e-06,204212.0,0.20829624
QSP/BTC,1566084839427,2019-08-17T23:33:59.427Z,buy,1.02e-06,204212.0,0.20829624
QSP/BTC,1566086260477,2019-08-17T23:57:40.477Z,sell,1.01e-06,1000.0,0.00101
QSP/BTC,1566086260477,2019-08-17T23:57:40.477Z,sell,1.01e-06,1000.0,0.00101
QSP/BTC,1566091278271,2019-08-18T01:21:18.271Z,sell,1.01e-06,11704.0,0.01182104
QSP/BTC,1566091278976,2019-08-18T01:21:18.976Z,sell,1.01e-06,12922.0,0.01305122
QSP/BTC,1566091279272,2019-08-18T01:21:19.272Z,sell,1.01e-06,14023.0,0.01416323
QSP/BTC,1566091279866,2019-08-18T01:21:19.866Z,sell,1.01e-06,11363.0,0.01147663
QSP/BTC,1566091279944,2019-08-18T01:21:19.944Z,sell,1.01e-06,3000.0,0.00303
QSP/BTC,1566091289905,2019-08-18T01:21:29.905Z,sell,1.01e-06,717.0,0.00072417
QSP/BTC,1566091289905,2019-08-18T01:21:29.905Z,sell,1.01e-06,717.0,0.00072417
QSP/BTC,1566093057123,2019-08-18T01:50:57.123Z,sell,1.01e-06,100.0,0.000101
QSP/BTC,1566093653623,2019-08-18T02:00:53.623Z,sell,1.01e-06,329.0,0.00033229
QSP/BTC,1566094831226,2019-08-18T02:20:31.226Z,buy,1.02e-06,30000.0,0.0306
QSP/BTC,1566094831226,2019-08-18T02:20:31.226Z,buy,1.02e-06,30000.0,0.0306
QSP/BTC,1566095277553,2019-08-18T02:27:57.553Z,sell,1.01e-06,1035.0,0.00104535
QSP/BTC,1566095934438,2019-08-18T02:38:54.438Z,sell,1.01e-06,10351.0,0.01045451
QSP/BTC,1566095935392,2019-08-18T02:38:55.392Z,sell,1.01e-06,11026.0,0.01113626
QSP/BTC,1566095936067,2019-08-18T02:38:56.067Z,sell,1.01e-06,11363.0,0.01147663
QSP/BTC,1566095936842,2019-08-18T02:38:56.842Z,sell,1.01e-06,3000.0,0.00303
QSP/BTC,1566095937164,2019-08-18T02:38:57.164Z,buy,1.02e-06,1261.0,0.00128622
QSP/BTC,1566095947069,2019-08-18T02:39:07.069Z,sell,1.01e-06,4726.0,0.00477326
QSP/BTC,1566096575352,2019-08-18T02:49:35.352Z,buy,1.02e-06,101.0,0.00010302
QSP/BTC,1566096813803,2019-08-18T02:53:33.803Z,buy,1.02e-06,2873.0,0.0029304599999999
QSP/BTC,1566098303529,2019-08-18T03:18:23.529Z,buy,1.02e-06,121.0,0.00012342
QSP/BTC,1566098303529,2019-08-18T03:18:23.529Z,buy,1.02e-06,121.0,0.00012342
QSP/BTC,1566098559222,2019-08-18T03:22:39.222Z,buy,1.02e-06,60044.0,0.06124488
QSP/BTC,1566098559782,2019-08-18T03:22:39.782Z,sell,1.02e-06,1111.0,0.0011332199999999
QSP/BTC,1566098560783,2019-08-18T03:22:40.783Z,sell,1.02e-06,313.0,0.00031926
QSP/BTC,1566098561078,2019-08-18T03:22:41.078Z,sell,1.02e-06,1658.0,0.00169116
QSP/BTC,1566099660345,2019-08-18T03:41:00.345Z,sell,1.02e-06,2002.0,0.0020420399999999
QSP/BTC,1566099732240,2019-08-18T03:42:12.240Z,sell,1.02e-06,262.0,0.0002672399999999
QSP/BTC,1566099732240,2019-08-18T03:42:12.240Z,sell,1.02e-06,262.0,0.0002672399999999
QSP/BTC,1566102649957,2019-08-18T04:30:49.957Z,sell,1.02e-06,77019.0,0.07855938
QSP/BTC,1566103248238,2019-08-18T04:40:48.238Z,sell,1.02e-06,6205.0,0.0063291
QSP/BTC,1566103248238,2019-08-18T04:40:48.238Z,sell,1.02e-06,6205.0,0.0063291
QSP/BTC,1566105483287,2019-08-18T05:18:03.287Z,sell,1.02e-06,77019.0,0.07855938
QSP/BTC,1566106461477,2019-08-18T05:34:21.477Z,sell,1.02e-06,92761.0,0.09461622
QSP/BTC,1566106461477,2019-08-18T05:34:21.477Z,sell,1.02e-06,92761.0,0.09461622
QSP/BTC,1566107079086,2019-08-18T05:44:39.086Z,sell,1.02e-06,8135.0,0.0082977
QSP/BTC,1566107079374,2019-08-18T05:44:39.374Z,sell,1.02e-06,155.0,0.0001581
QSP/BTC,1566107108992,2019-08-18T05:45:08.992Z,sell,1.01e-06,700.0,0.000707
QSP/BTC,1566107110507,2019-08-18T05:45:10.507Z,buy,1.03e-06,155.0,0.00015965
QSP/BTC,1566107114491,2019-08-18T05:45:14.491Z,sell,1.02e-06,111.0,0.00011322
QSP/BTC,1566109564282,2019-08-18T06:26:04.282Z,sell,1.01e-06,178.0,0.00017978
QSP/BTC,1566109564557,2019-08-18T06:26:04.557Z,buy,1.02e-06,1765.0,0.0018003
QSP/BTC,1566109960590,2019-08-18T06:32:40.590Z,sell,1.01e-06,179.0,0.00018079
QSP/BTC,1566109960590,2019-08-18T06:32:40.590Z,sell,1.01e-06,179.0,0.00018079
QSP/BTC,1566110532211,2019-08-18T06:42:12.211Z,buy,1.02e-06,189.0,0.00019278
QSP/BTC,1566110602956,2019-08-18T06:43:22.956Z,buy,1.02e-06,1150.0,0.001173
QSP/BTC,1566111787216,2019-08-18T07:03:07.216Z,buy,1.02e-06,2130.0,0.0021726
QSP/BTC,1566112137618,2019-08-18T07:08:57.618Z,buy,1.02e-06,700.0,0.000714
QSP/BTC,1566112315502,2019-08-18T07:11:55.502Z,buy,1.02e-06,490.0,0.0004998
QSP/BTC,1566112315520,2019-08-18T07:11:55.520Z,buy,1.02e-06,313.0,0.00031926
QSP/BTC,1566112315951,2019-08-18T07:11:55.951Z,buy,1.02e-06,226.0,0.0002305199999999
QSP/BTC,1566112318617,2019-08-18T07:11:58.617Z,buy,1.02e-06,319.0,0.00032538
QSP/BTC,1566112956065,2019-08-18T07:22:36.065Z,sell,1.01e-06,34965.0,0.03531465
QSP/BTC,1566112956065,2019-08-18T07:22:36.065Z,sell,1.01e-06,34965.0,0.03531465
QSP/BTC,1566115364250,2019-08-18T08:02:44.250Z,sell,1.01e-06,694.0,0.00070094
QSP/BTC,1566115664319,2019-08-18T08:07:44.319Z,buy,1.02e-06,1228.0,0.00125256
QSP/BTC,1566115706124,2019-08-18T08:08:26.124Z,sell,1.01e-06,83784.0,0.08462184
QSP/BTC,1566115873724,2019-08-18T08:11:13.724Z,buy,1.02e-06,6985.0,0.0071246999999999
QSP/BTC,1566116406809,2019-08-18T08:20:06.809Z,buy,1.02e-06,1022.0,0.00104244
QSP/BTC,1566116406809,2019-08-18T08:20:06.809Z,buy,1.02e-06,1022.0,0.00104244
QSP/BTC,1566116857243,2019-08-18T08:27:37.243Z,buy,1.02e-06,5000.0,0.0050999999999999
QSP/BTC,1566119554105,2019-08-18T09:12:34.105Z,buy,1.02e-06,30419.0,0.03102738
QSP/BTC,1566119554105,2019-08-18T09:12:34.105Z,buy,1.02e-06,30419.0,0.03102738
QSP/BTC,1566121316194,2019-08-18T09:41:56.194Z,sell,1.02e-06,170.0,0.0001733999999999
QSP/BTC,1566121478515,2019-08-18T09:44:38.515Z,sell,1.02e-06,122330.0,0.1247766
QSP/BTC,1566121478515,2019-08-18T09:44:38.515Z,sell,1.02e-06,122330.0,0.1247766
QSP/BTC,1566123262124,2019-08-18T10:14:22.124Z,sell,1.02e-06,50000.0,0.051
QSP/BTC,1566124021707,2019-08-18T10:27:01.707Z,buy,1.03e-06,1165.0,0.00119995
QSP/BTC,1566124103617,2019-08-18T10:28:23.617Z,sell,1.02e-06,354.0,0.00036108
QSP/BTC,1566124211257,2019-08-18T10:30:11.257Z,buy,1.03e-06,3369.0,0.00347007
QSP/BTC,1566124211268,2019-08-18T10:30:11.268Z,buy,1.03e-06,814.0,0.00083842
QSP/BTC,1566124211269,2019-08-18T10:30:11.269Z,buy,1.03e-06,9412.0,0.00969436
QSP/BTC,1566124212665,2019-08-18T10:30:12.665Z,sell,1.02e-06,102.0,0.00010404
QSP/BTC,1566124212665,2019-08-18T10:30:12.665Z,sell,1.01e-06,9959.0,0.01005859
QSP/BTC,1566124213176,2019-08-18T10:30:13.176Z,sell,1.01e-06,6148.0,0.00620948
QSP/BTC,1566124213523,2019-08-18T10:30:13.523Z,sell,1.01e-06,10439.0,0.01054339
QSP/BTC,1566124677222,2019-08-18T10:37:57.222Z,sell,1.01e-06,21325.0,0.02153825
QSP/BTC,1566124678151,2019-08-18T10:37:58.151Z,sell,1.01e-06,9492.0,0.00958692
QSP/BTC,1566124678411,2019-08-18T10:37:58.411Z,sell,1.01e-06,26523.0,0.02678823
QSP/BTC,1566124844152,2019-08-18T10:40:44.152Z,sell,1.01e-06,21657.0,0.02187357
QSP/BTC,1566124844898,2019-08-18T10:40:44.898Z,sell,1.01e-06,27508.0,0.02778308
QSP/BTC,1566124844898,2019-08-18T10:40:44.898Z,sell,1.01e-06,27508.0,0.02778308
QSP/BTC,1566125513331,2019-08-18T10:51:53.331Z,buy,1.02e-06,1757.0,0.00179214
QSP/BTC,1566125513331,2019-08-18T10:51:53.331Z,buy,1.02e-06,1757.0,0.00179214
QSP/BTC,1566128454971,2019-08-18T11:40:54.971Z,buy,1.02e-06,13827.0,0.01410354
QSP/BTC,1566128454971,2019-08-18T11:40:54.971Z,buy,1.02e-06,13827.0,0.01410354
QSP/BTC,1566129598946,2019-08-18T11:59:58.946Z,sell,1.01e-06,1238.0,0.00125038
QSP/BTC,1566129654630,2019-08-18T12:00:54.630Z,buy,1.02e-06,1418.0,0.00144636
QSP/BTC,1566129708132,2019-08-18T12:01:48.132Z,buy,1.02e-06,393.0,0.00040086
QSP/BTC,1566130528470,2019-08-18T12:15:28.470Z,sell,1.02e-06,29342.0,0.0299288399999999
QSP/BTC,1566130722417,2019-08-18T12:18:42.417Z,sell,1.01e-06,7822.0,0.00790022
QSP/BTC,1566130778661,2019-08-18T12:19:38.661Z,sell,1.01e-06,99905.0,0.10090405
QSP/BTC,1566130972287,2019-08-18T12:22:52.287Z,buy,1.02e-06,105.0,0.0001071
QSP/BTC,1566131022676,2019-08-18T12:23:42.676Z,buy,1.02e-06,1083.0,0.00110466
QSP/BTC,1566131113850,2019-08-18T12:25:13.850Z,buy,1.02e-06,509.0,0.0005191799999999
QSP/BTC,1566131865134,2019-08-18T12:37:45.134Z,sell,1.01e-06,159.0,0.00016059
QSP/BTC,1566131865134,2019-08-18T12:37:45.134Z,sell,1.01e-06,159.0,0.00016059
QSP/BTC,1566132104251,2019-08-18T12:41:44.251Z,buy,1.02e-06,142.0,0.00014484
QSP/BTC,1566132248689,2019-08-18T12:44:08.689Z,sell,1.01e-06,186728.0,0.18859528
QSP/BTC,1566133096484,2019-08-18T12:58:16.484Z,buy,1.02e-06,500.0,0.00051
QSP/BTC,1566133264962,2019-08-18T13:01:04.962Z,buy,1.02e-06,15010.0,0.0153102
QSP/BTC,1566133461425,2019-08-18T13:04:21.425Z,buy,1.02e-06,1137.0,0.00115974
QSP/BTC,1566133911867,2019-08-18T13:11:51.867Z,sell,1.01e-06,154.0,0.00015554
QSP/BTC,1566134874178,2019-08-18T13:27:54.178Z,buy,1.02e-06,983.0,0.00100266
QSP/BTC,1566134874282,2019-08-18T13:27:54.282Z,buy,1.02e-06,1607.0,0.0016391399999999
QSP/BTC,1566134874386,2019-08-18T13:27:54.386Z,buy,1.02e-06,1607.0,0.0016391399999999
QSP/BTC,1566134990237,2019-08-18T13:29:50.237Z,sell,1.01e-06,1136.0,0.00114736
QSP/BTC,1566135270343,2019-08-18T13:34:30.343Z,buy,1.02e-06,115.0,0.0001172999999999
QSP/BTC,1566135270343,2019-08-18T13:34:30.343Z,buy,1.02e-06,115.0,0.0001172999999999
QSP/BTC,1566135636607,2019-08-18T13:40:36.607Z,buy,1.02e-06,1436.0,0.0014647199999999
QSP/BTC,1566135636685,2019-08-18T13:40:36.685Z,buy,1.02e-06,700.0,0.000714
QSP/BTC,1566135637515,2019-08-18T13:40:37.515Z,buy,1.02e-06,700.0,0.000714
QSP/BTC,1566136520418,2019-08-18T13:55:20.418Z,buy,1.02e-06,365.0,0.0003723
QSP/BTC,1566136520458,2019-08-18T13:55:20.458Z,buy,1.02e-06,365.0,0.0003723
QSP/BTC,1566136564454,2019-08-18T13:56:04.454Z,sell,1.01e-06,5025.0,0.00507525
QSP/BTC,1566136682691,2019-08-18T13:58:02.691Z,buy,1.01e-06,3122.0,0.00315322
QSP/BTC,1566136682733,2019-08-18T13:58:02.733Z,buy,1.01e-06,215.0,0.00021715
QSP/BTC,1566136683029,2019-08-18T13:58:03.029Z,buy,1.01e-06,495.0,0.00049995
QSP/BTC,1566136683034,2019-08-18T13:58:03.034Z,buy,1.01e-06,5393.0,0.00544693
QSP/BTC,1566136686253,2019-08-18T13:58:06.253Z,sell,1.01e-06,215.0,0.00021715
QSP/BTC,1566136829222,2019-08-18T14:00:29.222Z,buy,1.01e-06,896.0,0.00090496
QSP/BTC,1566136829918,2019-08-18T14:00:29.918Z,buy,1.01e-06,1332.0,0.00134532
QSP/BTC,1566136830657,2019-08-18T14:00:30.657Z,buy,1.01e-06,1291.0,0.00130391
QSP/BTC,1566136831488,2019-08-18T14:00:31.488Z,buy,1.01e-06,726.0,0.00073326
QSP/BTC,1566137098546,2019-08-18T14:04:58.546Z,buy,1.01e-06,100.0,0.000101
QSP/BTC,1566137654874,2019-08-18T14:14:14.874Z,buy,1.01e-06,1853.0,0.00187153
QSP/BTC,1566137774664,2019-08-18T14:16:14.664Z,sell,1e-06,50000.0,0.0499999999999999
QSP/BTC,1566137774923,2019-08-18T14:16:14.923Z,sell,1e-06,1765.0,0.0017649999999999
QSP/BTC,1566137900759,2019-08-18T14:18:20.759Z,buy,1.01e-06,117.0,0.00011817
QSP/BTC,1566137990590,2019-08-18T14:19:50.590Z,sell,1e-06,4974.0,0.004974
QSP/BTC,1566138746728,2019-08-18T14:32:26.728Z,sell,1e-06,1364.0,0.001364
QSP/BTC,1566138746728,2019-08-18T14:32:26.728Z,sell,1e-06,1364.0,0.001364
QSP/BTC,1566138975745,2019-08-18T14:36:15.745Z,buy,1.01e-06,603.0,0.00060903
QSP/BTC,1566140342905,2019-08-18T14:59:02.905Z,buy,1.01e-06,72500.0,0.073225
QSP/BTC,1566140675697,2019-08-18T15:04:35.697Z,buy,1.01e-06,110.0,0.0001111
QSP/BTC,1566140702608,2019-08-18T15:05:02.608Z,buy,1.01e-06,235.0,0.00023735
QSP/BTC,1566141158803,2019-08-18T15:12:38.803Z,buy,1.01e-06,51494.0,0.05200894
QSP/BTC,1566141852145,2019-08-18T15:24:12.145Z,buy,1.02e-06,10248.0,0.0104529599999999
QSP/BTC,1566141852145,2019-08-18T15:24:12.145Z,buy,1.02e-06,10248.0,0.0104529599999999
QSP/BTC,1566144006624,2019-08-18T16:00:06.624Z,sell,1.01e-06,123856.0,0.12509456
QSP/BTC,1566144006624,2019-08-18T16:00:06.624Z,sell,1e-06,398987.0,0.398987
QSP/BTC,1566144007652,2019-08-18T16:00:07.652Z,buy,1.01e-06,327.0,0.00033027
QSP/BTC,1566144035597,2019-08-18T16:00:35.597Z,buy,1.01e-06,205.0,0.00020705
QSP/BTC,1566144035848,2019-08-18T16:00:35.848Z,buy,1.01e-06,3000.0,0.00303
QSP/BTC,1566144036221,2019-08-18T16:00:36.221Z,buy,1.01e-06,2212.0,0.00223412
QSP/BTC,1566144099206,2019-08-18T16:01:39.206Z,buy,1.01e-06,700.0,0.000707
QSP/BTC,1566144108694,2019-08-18T16:01:48.694Z,buy,1.01e-06,37591.0,0.03796691
QSP/BTC,1566144108821,2019-08-18T16:01:48.821Z,buy,1.01e-06,1482.0,0.00149682
QSP/BTC,1566144345726,2019-08-18T16:05:45.726Z,sell,1e-06,411.0,0.0004109999999999
QSP/BTC,1566144482077,2019-08-18T16:08:02.077Z,sell,1e-06,9020.0,0.00902
QSP/BTC,1566144781896,2019-08-18T16:13:01.896Z,buy,1.01e-06,1355.0,0.00136855
QSP/BTC,1566144782013,2019-08-18T16:13:02.013Z,buy,1.01e-06,869.0,0.00087769
QSP/BTC,1566144796181,2019-08-18T16:13:16.181Z,buy,1.01e-06,5114.0,0.00516514
QSP/BTC,1566144798064,2019-08-18T16:13:18.064Z,buy,1.01e-06,438.0,0.00044238
QSP/BTC,1566144798064,2019-08-18T16:13:18.064Z,buy,1.01e-06,438.0,0.00044238
QSP/BTC,1566145487250,2019-08-18T16:24:47.250Z,buy,1.01e-06,700.0,0.000707
QSP/BTC,1566145889754,2019-08-18T16:31:29.754Z,buy,1.01e-06,256.0,0.00025856
QSP/BTC,1566146001763,2019-08-18T16:33:21.763Z,buy,1.01e-06,365.0,0.00036865
QSP/BTC,1566146062297,2019-08-18T16:34:22.297Z,buy,1.01e-06,111.0,0.00011211
QSP/BTC,1566146398616,2019-08-18T16:39:58.616Z,buy,1.01e-06,1592.0,0.00160792
QSP/BTC,1566146489988,2019-08-18T16:41:29.988Z,buy,1.01e-06,1705.0,0.00172205
QSP/BTC,1566146514690,2019-08-18T16:41:54.690Z,buy,1.01e-06,984.0,0.00099384
QSP/BTC,1566146546328,2019-08-18T16:42:26.328Z,buy,1.01e-06,630.0,0.0006363
QSP/BTC,1566146582334,2019-08-18T16:43:02.334Z,buy,1.01e-06,1017.0,0.00102717
QSP/BTC,1566146596848,2019-08-18T16:43:16.848Z,buy,1.01e-06,765.0,0.00077265
QSP/BTC,1566146626772,2019-08-18T16:43:46.772Z,buy,1.01e-06,451.0,0.00045551
QSP/BTC,1566146707231,2019-08-18T16:45:07.231Z,buy,1.01e-06,214.0,0.00021614
QSP/BTC,1566147112070,2019-08-18T16:51:52.070Z,buy,1.01e-06,201.0,0.00020301
QSP/BTC,1566147365525,2019-08-18T16:56:05.525Z,buy,1.01e-06,2895.0,0.00292395
QSP/BTC,1566147397087,2019-08-18T16:56:37.087Z,buy,1.01e-06,910.0,0.0009191
QSP/BTC,1566147974985,2019-08-18T17:06:14.985Z,buy,1.01e-06,50000.0,0.0505
QSP/BTC,1566148332768,2019-08-18T17:12:12.768Z,buy,1.01e-06,11884.0,0.01200284
QSP/BTC,1566148332768,2019-08-18T17:12:12.768Z,buy,1.01e-06,11884.0,0.01200284
QSP/BTC,1566149588279,2019-08-18T17:33:08.279Z,buy,1.01e-06,2324.0,0.00234724
QSP/BTC,1566150612123,2019-08-18T17:50:12.123Z,sell,1.01e-06,206581.0,0.20864681
QSP/BTC,1566151123422,2019-08-18T17:58:43.422Z,sell,1.01e-06,1811.0,0.00182911
QSP/BTC,1566151330017,2019-08-18T18:02:10.017Z,sell,1.01e-06,3471.0,0.00350571
QSP/BTC,1566151415648,2019-08-18T18:03:35.648Z,sell,1.01e-06,200.0,0.000202
QSP/BTC,1566151633952,2019-08-18T18:07:13.952Z,sell,1.01e-06,3132.0,0.00316332
QSP/BTC,1566151633952,2019-08-18T18:07:13.952Z,sell,1.01e-06,3132.0,0.00316332
QSP/BTC,1566152407043,2019-08-18T18:20:07.043Z,buy,1.02e-06,2526.0,0.00257652
QSP/BTC,1566152407407,2019-08-18T18:20:07.407Z,buy,1.02e-06,1117.0,0.00113934
QSP/BTC,1566152407580,2019-08-18T18:20:07.580Z,buy,1.02e-06,1999.0,0.00203898
QSP/BTC,1566152409446,2019-08-18T18:20:09.446Z,buy,1.02e-06,2409.0,0.0024571799999999
QSP/BTC,1566153255525,2019-08-18T18:34:15.525Z,buy,1.02e-06,605.0,0.0006171
QSP/BTC,1566153873177,2019-08-18T18:44:33.177Z,buy,1.02e-06,939.0,0.00095778
QSP/BTC,1566153910732,2019-08-18T18:45:10.732Z,sell,1.01e-06,250000.0,0.2525
QSP/BTC,1566154191407,2019-08-18T18:49:51.407Z,buy,1.02e-06,57000.0,0.05814
QSP/BTC,1566154398946,2019-08-18T18:53:18.946Z,buy,1.02e-06,605.0,0.0006171
QSP/BTC,1566154744876,2019-08-18T18:59:04.876Z,buy,1.02e-06,20325.0,0.0207315
QSP/BTC,1566154744876,2019-08-18T18:59:04.876Z,buy,1.02e-06,20325.0,0.0207315
QSP/BTC,1566155620707,2019-08-18T19:13:40.707Z,sell,1.01e-06,2215.0,0.00223715
QSP/BTC,1566155837646,2019-08-18T19:17:17.646Z,sell,1.01e-06,1998.0,0.00201798
QSP/BTC,1566157044401,2019-08-18T19:37:24.401Z,sell,1.01e-06,889.0,0.00089789
QSP/BTC,1566157321615,2019-08-18T19:42:01.615Z,buy,1.02e-06,19607.0,0.01999914
QSP/BTC,1566157321615,2019-08-18T19:42:01.615Z,buy,1.02e-06,19607.0,0.01999914
QSP/BTC,1566158399570,2019-08-18T19:59:59.570Z,buy,1.02e-06,672.0,0.0006854399999999
QSP/BTC,1566158916953,2019-08-18T20:08:36.953Z,buy,1.02e-06,805.0,0.0008211
QSP/BTC,1566158954863,2019-08-18T20:09:14.863Z,sell,1.01e-06,13768.0,0.01390568
QSP/BTC,1566159387804,2019-08-18T20:16:27.804Z,sell,1.01e-06,127.0,0.00012827
QSP/BTC,1566159422666,2019-08-18T20:17:02.666Z,sell,1.01e-06,111.0,0.00011211
QSP/BTC,1566159585295,2019-08-18T20:19:45.295Z,sell,1.01e-06,27000.0,0.02727
QSP/BTC,1566159626672,2019-08-18T20:20:26.672Z,sell,1.01e-06,1345.0,0.00135845
QSP/BTC,1566159627574,2019-08-18T20:20:27.574Z,sell,1.01e-06,7613.0,0.00768913
QSP/BTC,1566159630637,2019-08-18T20:20:30.637Z,buy,1.01e-06,1612.0,0.00162812
QSP/BTC,1566160166740,2019-08-18T20:29:26.740Z,sell,1.01e-06,125.0,0.00012625
QSP/BTC,1566160841113,2019-08-18T20:40:41.113Z,sell,1.01e-06,112.0,0.00011312
QSP/BTC,1566160841113,2019-08-18T20:40:41.113Z,sell,1.01e-06,112.0,0.00011312
QSP/BTC,1566161318405,2019-08-18T20:48:38.405Z,sell,1.01e-06,200.0,0.000202
QSP/BTC,1566162220363,2019-08-18T21:03:40.363Z,sell,1.01e-06,31555.0,0.03187055
QSP/BTC,1566162324699,2019-08-18T21:05:24.699Z,sell,1.01e-06,117.0,0.00011817
QSP/BTC,1566162371648,2019-08-18T21:06:11.648Z,sell,1.01e-06,32993.0,0.03332293
QSP/BTC,1566162500438,2019-08-18T21:08:20.438Z,buy,1.02e-06,10000.0,0.0101999999999999
QSP/BTC,1566162809610,2019-08-18T21:13:29.610Z,buy,1.02e-06,103.0,0.00010506
QSP/BTC,1566162887873,2019-08-18T21:14:47.873Z,buy,1.02e-06,98039.0,0.09999978
QSP/BTC,1566162887873,2019-08-18T21:14:47.873Z,buy,1.02e-06,98039.0,0.09999978
QSP/BTC,1566164503235,2019-08-18T21:41:43.235Z,buy,1.02e-06,102.0,0.00010404
QSP/BTC,1566164611277,2019-08-18T21:43:31.277Z,buy,1.02e-06,12000.0,0.01224
QSP/BTC,1566164839761,2019-08-18T21:47:19.761Z,buy,1.02e-06,104401.0,0.10648902
QSP/BTC,1566164959271,2019-08-18T21:49:19.271Z,sell,1.01e-06,107.0,0.00010807
QSP/BTC,1566165816634,2019-08-18T22:03:36.634Z,sell,1.01e-06,2110.0,0.0021311
QSP/BTC,1566166429591,2019-08-18T22:13:49.591Z,buy,1.02e-06,450.0,0.000459
QSP/BTC,1566166487376,2019-08-18T22:14:47.376Z,sell,1.01e-06,449.0,0.00045349
QSP/BTC,1566166487376,2019-08-18T22:14:47.376Z,sell,1.01e-06,449.0,0.00045349
QSP/BTC,1566167072188,2019-08-18T22:24:32.188Z,buy,1.02e-06,11167.0,0.01139034
QSP/BTC,1566167778999,2019-08-18T22:36:18.999Z,sell,1.01e-06,10989.0,0.01109889
QSP/BTC,1566167779216,2019-08-18T22:36:19.216Z,sell,1.01e-06,132.0,0.00013332
QSP/BTC,1566167779218,2019-08-18T22:36:19.218Z,sell,1.01e-06,186.0,0.00018786
QSP/BTC,1566168391980,2019-08-18T22:46:31.980Z,sell,1.01e-06,3111.0,0.00314211
QSP/BTC,1566168675691,2019-08-18T22:51:15.691Z,buy,1.02e-06,107856.0,0.1100131199999999
QSP/BTC,1566169308522,2019-08-18T23:01:48.522Z,sell,1.01e-06,8335.0,0.00841835
QSP/BTC,1566169428545,2019-08-18T23:03:48.545Z,sell,1.01e-06,971.0,0.00098071
QSP/BTC,1566169428545,2019-08-18T23:03:48.545Z,sell,1.01e-06,971.0,0.00098071
QSP/BTC,1566170341215,2019-08-18T23:19:01.215Z,sell,1.01e-06,1351.0,0.00136451
QSP/BTC,1566170719806,2019-08-18T23:25:19.806Z,sell,1.01e-06,3883.0,0.00392183
QSP/BTC,1566171588499,2019-08-18T23:39:48.499Z,sell,1.01e-06,694.0,0.00070094
QSP/BTC,1566171588515,2019-08-18T23:39:48.515Z,sell,1.01e-06,11638.0,0.01175438
QSP/BTC,1566171588555,2019-08-18T23:39:48.555Z,sell,1.01e-06,70000.0,0.0707
QSP/BTC,1566171588556,2019-08-18T23:39:48.556Z,sell,1.01e-06,59799.0,0.06039699
QSP/BTC,1566171588768,2019-08-18T23:39:48.768Z,sell,1.01e-06,58851.0,0.05943951
QSP/BTC,1566171589150,2019-08-18T23:39:49.150Z,sell,1.01e-06,3788.0,0.00382588
QSP/BTC,1566171590318,2019-08-18T23:39:50.318Z,sell,1.01e-06,3000.0,0.00303
QSP/BTC,1566171599577,2019-08-18T23:39:59.577Z,buy,1.02e-06,48721.0,0.04969542
QSP/BTC,1566171859900,2019-08-18T23:44:19.900Z,buy,1.02e-06,7345.0,0.0074919
QSP/BTC,1566172494478,2019-08-18T23:54:54.478Z,buy,1.02e-06,7464.0,0.00761328
QSP/BTC,1566172677297,2019-08-18T23:57:57.297Z,sell,1.01e-06,1253.0,0.00126553
QSP/BTC,1566172821600,2019-08-19T00:00:21.600Z,sell,1.01e-06,962.0,0.00097162
QSP/BTC,1566172821600,2019-08-19T00:00:21.600Z,sell,1.01e-06,962.0,0.00097162
QSP/BTC,1566173850497,2019-08-19T00:17:30.497Z,sell,1.01e-06,2500.0,0.002525
QSP/BTC,1566175319061,2019-08-19T00:41:59.061Z,buy,1.02e-06,125.0,0.0001275
QSP/BTC,1566175481081,2019-08-19T00:44:41.081Z,sell,1.01e-06,198.0,0.00019998
QSP/BTC,1566175481081,2019-08-19T00:44:41.081Z,sell,1.01e-06,198.0,0.00019998
QSP/BTC,1566177220764,2019-08-19T01:13:40.764Z,sell,1.01e-06,4083.0,0.00412383
QSP/BTC,1566177927180,2019-08-19T01:25:27.180Z,sell,1.01e-06,4000.0,0.00404
QSP/BTC,1566178799391,2019-08-19T01:39:59.391Z,sell,1.01e-06,5848.0,0.00590648
QSP/BTC,1566178799391,2019-08-19T01:39:59.391Z,sell,1.01e-06,5848.0,0.00590648
QSP/BTC,1566179148000,2019-08-19T01:45:48.000Z,sell,1.01e-06,2197.0,0.00221897
QSP/BTC,1566179188566,2019-08-19T01:46:28.566Z,sell,1.01e-06,3596.0,0.00363196
QSP/BTC,1566179843362,2019-08-19T01:57:23.362Z,sell,1.01e-06,9903.0,0.01000203
QSP/BTC,1566180410641,2019-08-19T02:06:50.641Z,sell,1.01e-06,40512.0,0.04091712
QSP/BTC,1566180957465,2019-08-19T02:15:57.465Z,buy,1.02e-06,3119.0,0.0031813799999999
QSP/BTC,1566181160201,2019-08-19T02:19:20.201Z,buy,1.02e-06,6017.0,0.00613734
QSP/BTC,1566181254090,2019-08-19T02:20:54.090Z,sell,1.01e-06,5000.0,0.00505
QSP/BTC,1566181380463,2019-08-19T02:23:00.463Z,sell,1.01e-06,8261.0,0.00834361
QSP/BTC,1566181380463,2019-08-19T02:23:00.463Z,sell,1.01e-06,8261.0,0.00834361
QSP/BTC,1566183011025,2019-08-19T02:50:11.025Z,buy,1.01e-06,7355.0,0.00742855
QSP/BTC,1566183011070,2019-08-19T02:50:11.070Z,buy,1.01e-06,300.0,0.000303
QSP/BTC,1566183694320,2019-08-19T03:01:34.320Z,buy,1.01e-06,1632.0,0.00164832
QSP/BTC,1566184544352,2019-08-19T03:15:44.352Z,buy,1.01e-06,205.0,0.00020705
QSP/BTC,1566184760576,2019-08-19T03:19:20.576Z,buy,1.01e-06,105.0,0.00010605
QSP/BTC,1566184760576,2019-08-19T03:19:20.576Z,buy,1.01e-06,105.0,0.00010605
QSP/BTC,1566185593619,2019-08-19T03:33:13.619Z,sell,1e-06,4350.0,0.00435
QSP/BTC,1566186119646,2019-08-19T03:41:59.646Z,buy,1.01e-06,237.0,0.00023937
QSP/BTC,1566186424940,2019-08-19T03:47:04.940Z,buy,1.01e-06,571.0,0.00057671
QSP/BTC,1566186617603,2019-08-19T03:50:17.603Z,buy,1.01e-06,5600.0,0.005656
QSP/BTC,1566188043432,2019-08-19T04:14:03.432Z,buy,1.01e-06,49869.0,0.05036769
QSP/BTC,1566188043432,2019-08-19T04:14:03.432Z,buy,1.01e-06,49869.0,0.05036769
QSP/BTC,1566188526533,2019-08-19T04:22:06.533Z,sell,1.01e-06,3245.0,0.00327745
QSP/BTC,1566189036468,2019-08-19T04:30:36.468Z,buy,1.02e-06,1078.0,0.00109956
QSP/BTC,1566189950228,2019-08-19T04:45:50.228Z,sell,1.01e-06,10597.0,0.01070297
QSP/BTC,1566191419095,2019-08-19T05:10:19.095Z,buy,1.02e-06,3751.0,0.00382602
QSP/BTC,1566191419095,2019-08-19T05:10:19.095Z,buy,1.02e-06,3751.0,0.00382602
QSP/BTC,1566192367553,2019-08-19T05:26:07.553Z,buy,1.02e-06,18382.0,0.0187496399999999
QSP/BTC,1566192927253,2019-08-19T05:35:27.253Z,buy,1.02e-06,603.0,0.00061506
QSP/BTC,1566193646944,2019-08-19T05:47:26.944Z,sell,1.01e-06,229.0,0.00023129
QSP/BTC,1566194443531,2019-08-19T06:00:43.531Z,buy,1.02e-06,147.0,0.00014994
QSP/BTC,1566194443531,2019-08-19T06:00:43.531Z,buy,1.02e-06,147.0,0.00014994
QSP/BTC,1566195320767,2019-08-19T06:15:20.767Z,sell,1.01e-06,238.0,0.00024038
QSP/BTC,1566196680036,2019-08-19T06:38:00.036Z,sell,1.01e-06,2759.0,0.00278659
QSP/BTC,1566196680191,2019-08-19T06:38:00.191Z,sell,1.01e-06,343.0,0.00034643
QSP/BTC,1566196680303,2019-08-19T06:38:00.303Z,sell,1.01e-06,343.0,0.00034643
QSP/BTC,1566196680429,2019-08-19T06:38:00.429Z,sell,1.01e-06,343.0,0.00034643
QSP/BTC,1566196681227,2019-08-19T06:38:01.227Z,sell,1.01e-06,338.0,0.00034138
QSP/BTC,1566196720475,2019-08-19T06:38:40.475Z,sell,1.01e-06,360.0,0.0003636
QSP/BTC,1566197369055,2019-08-19T06:49:29.055Z,sell,1.01e-06,119.0,0.00012019
QSP/BTC,1566197485789,2019-08-19T06:51:25.789Z,sell,1.01e-06,10949.0,0.01105849
QSP/BTC,1566197760639,2019-08-19T06:56:00.639Z,buy,1.02e-06,120681.0,0.12309462
QSP/BTC,1566197760639,2019-08-19T06:56:00.639Z,buy,1.02e-06,120681.0,0.12309462
QSP/BTC,1566198087357,2019-08-19T07:01:27.357Z,sell,1.01e-06,1099.0,0.00110999
QSP/BTC,1566198089873,2019-08-19T07:01:29.873Z,sell,1.01e-06,2526.0,0.00255126
QSP/BTC,1566198094082,2019-08-19T07:01:34.082Z,sell,1.01e-06,21000.0,0.02121
QSP/BTC,1566198094085,2019-08-19T07:01:34.085Z,sell,1.01e-06,238.0,0.00024038
QSP/BTC,1566198094499,2019-08-19T07:01:34.499Z,sell,1.01e-06,17000.0,0.01717
QSP/BTC,1566198139435,2019-08-19T07:02:19.435Z,sell,1.01e-06,21348.0,0.02156148
QSP/BTC,1566198161144,2019-08-19T07:02:41.144Z,sell,1.01e-06,40000.0,0.0404
QSP/BTC,1566198190371,2019-08-19T07:03:10.371Z,sell,1.01e-06,21774.0,0.02199174
QSP/BTC,1566198271720,2019-08-19T07:04:31.720Z,sell,1.01e-06,438.0,0.00044238
QSP/BTC,1566198299285,2019-08-19T07:04:59.285Z,sell,1.01e-06,134.0,0.00013534
QSP/BTC,1566198313615,2019-08-19T07:05:13.615Z,sell,1.01e-06,26620.0,0.0268862
QSP/BTC,1566198323639,2019-08-19T07:05:23.639Z,sell,1.01e-06,43644.0,0.04408044
QSP/BTC,1566198423804,2019-08-19T07:07:03.804Z,sell,1e-06,108495.0,0.108495
QSP/BTC,1566198439577,2019-08-19T07:07:19.577Z,sell,1e-06,11156.0,0.011156
QSP/BTC,1566198451035,2019-08-19T07:07:31.035Z,sell,1e-06,57636.0,0.057636
QSP/BTC,1566198451409,2019-08-19T07:07:31.409Z,buy,1e-06,1870.0,0.00187
QSP/BTC,1566198464588,2019-08-19T07:07:44.588Z,buy,1e-06,552.0,0.000552
QSP/BTC,1566198540711,2019-08-19T07:09:00.711Z,buy,1e-06,214.0,0.000214
QSP/BTC,1566198674287,2019-08-19T07:11:14.287Z,sell,9.9e-07,96171.0,0.09520929
QSP/BTC,1566198674331,2019-08-19T07:11:14.331Z,buy,9.9e-07,232.0,0.00022968
QSP/BTC,1566198674360,2019-08-19T07:11:14.360Z,buy,9.9e-07,232.0,0.00022968
QSP/BTC,1566198792474,2019-08-19T07:13:12.474Z,sell,9.8e-07,8000.0,0.00784
QSP/BTC,1566198864725,2019-08-19T07:14:24.725Z,sell,9.8e-07,51838.0,0.05080124
QSP/BTC,1566198864764,2019-08-19T07:14:24.764Z,buy,9.8e-07,510.0,0.0004998
QSP/BTC,1566198864874,2019-08-19T07:14:24.874Z,buy,9.8e-07,340.0,0.0003331999999999
QSP/BTC,1566198865039,2019-08-19T07:14:25.039Z,buy,9.8e-07,11760.0,0.0115248
QSP/BTC,1566198865731,2019-08-19T07:14:25.731Z,buy,9.8e-07,6072.0,0.00595056
QSP/BTC,1566198866061,2019-08-19T07:14:26.061Z,sell,9.7e-07,105.0,0.00010185
QSP/BTC,1566198866563,2019-08-19T07:14:26.563Z,buy,9.8e-07,18410.0,0.0180418
QSP/BTC,1566198866899,2019-08-19T07:14:26.899Z,buy,9.8e-07,3000.0,0.00294
QSP/BTC,1566198868193,2019-08-19T07:14:28.193Z,buy,9.8e-07,2979.0,0.00291942
QSP/BTC,1566198872575,2019-08-19T07:14:32.575Z,sell,9.7e-07,1417.0,0.00137449
QSP/BTC,1566198872580,2019-08-19T07:14:32.580Z,sell,9.7e-07,1106.0,0.00107282
QSP/BTC,1566198872589,2019-08-19T07:14:32.589Z,sell,9.7e-07,1110.0,0.0010767
QSP/BTC,1566198872955,2019-08-19T07:14:32.955Z,sell,9.7e-07,1446.0,0.00140262
QSP/BTC,1566198873113,2019-08-19T07:14:33.113Z,sell,9.7e-07,1078.0,0.00104566
QSP/BTC,1566198873611,2019-08-19T07:14:33.611Z,sell,9.7e-07,2387.0,0.00231539
QSP/BTC,1566198873728,2019-08-19T07:14:33.728Z,buy,9.8e-07,1260.0,0.0012347999999999
QSP/BTC,1566198873986,2019-08-19T07:14:33.986Z,buy,9.8e-07,2000.0,0.00196
QSP/BTC,1566198874012,2019-08-19T07:14:34.012Z,buy,9.8e-07,2000.0,0.00196
QSP/BTC,1566198874366,2019-08-19T07:14:34.366Z,buy,9.8e-07,534.0,0.00052332
QSP/BTC,1566198876920,2019-08-19T07:14:36.920Z,buy,9.8e-07,203.0,0.00019894
QSP/BTC,1566198879760,2019-08-19T07:14:39.760Z,buy,9.8e-07,2227.0,0.0021824599999999
QSP/BTC,1566198885403,2019-08-19T07:14:45.403Z,buy,9.8e-07,2081.0,0.00203938
QSP/BTC,1566198927392,2019-08-19T07:15:27.392Z,buy,9.8e-07,11505.0,0.0112749
QSP/BTC,1566198965596,2019-08-19T07:16:05.596Z,buy,9.8e-07,225.0,0.0002205
QSP/BTC,1566198990049,2019-08-19T07:16:30.049Z,sell,9.7e-07,19587.0,0.01899939
QSP/BTC,1566198990229,2019-08-19T07:16:30.229Z,sell,9.7e-07,105.0,0.00010185
QSP/BTC,1566198995545,2019-08-19T07:16:35.545Z,buy,9.8e-07,7645.0,0.0074921
QSP/BTC,1566199000584,2019-08-19T07:16:40.584Z,sell,9.7e-07,71657.0,0.06950729
QSP/BTC,1566199000778,2019-08-19T07:16:40.778Z,buy,9.7e-07,5122.0,0.00496834
QSP/BTC,1566199000914,2019-08-19T07:16:40.914Z,buy,9.7e-07,4112.0,0.00398864
QSP/BTC,1566199001019,2019-08-19T07:16:41.019Z,buy,9.7e-07,2188.0,0.00212236
QSP/BTC,1566199001300,2019-08-19T07:16:41.300Z,buy,9.7e-07,6682.0,0.00648154
QSP/BTC,1566199001734,2019-08-19T07:16:41.734Z,buy,9.7e-07,700.0,0.000679
QSP/BTC,1566199001914,2019-08-19T07:16:41.914Z,buy,9.7e-07,755.0,0.00073235
QSP/BTC,1566199016534,2019-08-19T07:16:56.534Z,sell,9.6e-07,1165.0,0.0011183999999999
QSP/BTC,1566199019384,2019-08-19T07:16:59.384Z,buy,9.7e-07,1763.0,0.00171011
QSP/BTC,1566199111919,2019-08-19T07:18:31.919Z,buy,9.7e-07,130.0,0.0001261
QSP/BTC,1566199122652,2019-08-19T07:18:42.652Z,sell,9.6e-07,14555.0,0.0139727999999999
QSP/BTC,1566199194019,2019-08-19T07:19:54.019Z,buy,9.7e-07,239.0,0.00023183
QSP/BTC,1566199197422,2019-08-19T07:19:57.422Z,buy,9.7e-07,241.0,0.00023377
QSP/BTC,1566199230749,2019-08-19T07:20:30.749Z,buy,9.7e-07,4652.0,0.00451244
QSP/BTC,1566199288035,2019-08-19T07:21:28.035Z,sell,9.6e-07,5000.0,0.0048
QSP/BTC,1566199383345,2019-08-19T07:23:03.345Z,sell,9.6e-07,340.0,0.0003263999999999
QSP/BTC,1566199387918,2019-08-19T07:23:07.918Z,buy,9.7e-07,2313.0,0.00224361
QSP/BTC,1566199426256,2019-08-19T07:23:46.256Z,buy,9.7e-07,9999.0,0.00969903
QSP/BTC,1566199433163,2019-08-19T07:23:53.163Z,sell,9.7e-07,1.0,9.7e-07
QSP/BTC,1566199518800,2019-08-19T07:25:18.800Z,sell,9.6e-07,14286.0,0.0137145599999999
QSP/BTC,1566199587272,2019-08-19T07:26:27.272Z,sell,9.6e-07,210.0,0.0002016
QSP/BTC,1566199656647,2019-08-19T07:27:36.647Z,buy,9.7e-07,15078.0,0.01462566
QSP/BTC,1566199656734,2019-08-19T07:27:36.734Z,sell,9.7e-07,862.0,0.00083614
QSP/BTC,1566199656817,2019-08-19T07:27:36.817Z,sell,9.7e-07,382.0,0.00037054
QSP/BTC,1566199669868,2019-08-19T07:27:49.868Z,sell,9.7e-07,385.0,0.00037345
QSP/BTC,1566200155976,2019-08-19T07:35:55.976Z,sell,9.7e-07,3547.0,0.00344059
QSP/BTC,1566200311674,2019-08-19T07:38:31.674Z,buy,9.8e-07,5712.0,0.0055977599999999
QSP/BTC,1566200311762,2019-08-19T07:38:31.762Z,buy,9.8e-07,11632.0,0.0113993599999999
QSP/BTC,1566200324496,2019-08-19T07:38:44.496Z,buy,9.8e-07,22837.0,0.02238026
QSP/BTC,1566200328066,2019-08-19T07:38:48.066Z,sell,9.7e-07,29899.0,0.02900203
QSP/BTC,1566200328066,2019-08-19T07:38:48.066Z,sell,9.6e-07,3600.0,0.003456
QSP/BTC,1566200551949,2019-08-19T07:42:31.949Z,sell,9.7e-07,4843.0,0.00469771
QSP/BTC,1566200886045,2019-08-19T07:48:06.045Z,buy,9.7e-07,51777.0,0.05022369
QSP/BTC,1566200953234,2019-08-19T07:49:13.234Z,sell,9.7e-07,153.0,0.00014841
QSP/BTC,1566201015578,2019-08-19T07:50:15.578Z,sell,9.7e-07,347.0,0.00033659
QSP/BTC,1566201312710,2019-08-19T07:55:12.710Z,buy,9.8e-07,11204.0,0.0109799199999999
QSP/BTC,1566201327147,2019-08-19T07:55:27.147Z,buy,9.8e-07,16791.0,0.01645518
QSP/BTC,1566201352345,2019-08-19T07:55:52.345Z,buy,9.8e-07,150.0,0.000147
QSP/BTC,1566201352345,2019-08-19T07:55:52.345Z,buy,9.8e-07,150.0,0.000147
QSP/BTC,1566201385088,2019-08-19T07:56:25.088Z,sell,9.7e-07,24672.0,0.02393184
QSP/BTC,1566201546639,2019-08-19T07:59:06.639Z,sell,9.7e-07,28725.0,0.02786325
QSP/BTC,1566201910413,2019-08-19T08:05:10.413Z,buy,9.8e-07,11377.0,0.01114946
QSP/BTC,1566201913165,2019-08-19T08:05:13.165Z,buy,9.8e-07,2178.0,0.00213444
QSP/BTC,1566202447713,2019-08-19T08:14:07.713Z,sell,9.7e-07,70000.0,0.0679
QSP/BTC,1566202473596,2019-08-19T08:14:33.596Z,sell,9.7e-07,371848.0,0.36069256
QSP/BTC,1566202473665,2019-08-19T08:14:33.665Z,buy,9.7e-07,2050.0,0.0019885
QSP/BTC,1566202473670,2019-08-19T08:14:33.670Z,buy,9.7e-07,3527.0,0.00342119
QSP/BTC,1566202473795,2019-08-19T08:14:33.795Z,buy,9.7e-07,3527.0,0.00342119
QSP/BTC,1566202474814,2019-08-19T08:14:34.814Z,buy,9.7e-07,5401.0,0.00523897
QSP/BTC,1566202474877,2019-08-19T08:14:34.877Z,buy,9.7e-07,5092.0,0.00493924
QSP/BTC,1566202475534,2019-08-19T08:14:35.534Z,buy,9.7e-07,3203.0,0.00310691
QSP/BTC,1566202475580,2019-08-19T08:14:35.580Z,buy,9.7e-07,3493.0,0.00338821
QSP/BTC,1566202528610,2019-08-19T08:15:28.610Z,buy,9.7e-07,113.0,0.00010961
QSP/BTC,1566202731376,2019-08-19T08:18:51.376Z,buy,9.7e-07,12450.0,0.0120765
QSP/BTC,1566202930609,2019-08-19T08:22:10.609Z,buy,9.7e-07,18412.0,0.01785964
QSP/BTC,1566203159693,2019-08-19T08:25:59.693Z,sell,9.7e-07,1000.0,0.00097
QSP/BTC,1566203426291,2019-08-19T08:30:26.291Z,sell,9.6e-07,6664.0,0.0063974399999999
QSP/BTC,1566203562552,2019-08-19T08:32:42.552Z,buy,9.7e-07,28843.0,0.02797771
QSP/BTC,1566203562592,2019-08-19T08:32:42.592Z,buy,9.7e-07,335.0,0.00032495
QSP/BTC,1566203667415,2019-08-19T08:34:27.415Z,buy,9.7e-07,120.0,0.0001164
QSP/BTC,1566203698939,2019-08-19T08:34:58.939Z,buy,9.7e-07,27941.0,0.02710277
QSP/BTC,1566203878389,2019-08-19T08:37:58.389Z,sell,9.7e-07,27941.0,0.02710277
QSP/BTC,1566204038708,2019-08-19T08:40:38.708Z,sell,9.7e-07,123163.0,0.11946811
QSP/BTC,1566204038731,2019-08-19T08:40:38.731Z,buy,9.7e-07,16099.0,0.01561603
QSP/BTC,1566204038737,2019-08-19T08:40:38.737Z,buy,9.8e-07,827.0,0.0008104599999999
QSP/BTC,1566204680374,2019-08-19T08:51:20.374Z,buy,9.7e-07,669.0,0.00064893
QSP/BTC,1566204680374,2019-08-19T08:51:20.374Z,buy,9.7e-07,669.0,0.00064893
QSP/BTC,1566204981551,2019-08-19T08:56:21.551Z,buy,9.7e-07,21882.0,0.02122554
QSP/BTC,1566204981586,2019-08-19T08:56:21.586Z,buy,9.7e-07,335.0,0.00032495
QSP/BTC,1566205118091,2019-08-19T08:58:38.091Z,buy,9.7e-07,36765.0,0.03566205
QSP/BTC,1566205699107,2019-08-19T09:08:19.107Z,buy,9.8e-07,79906.0,0.07830788
QSP/BTC,1566205699371,2019-08-19T09:08:19.371Z,buy,9.8e-07,1000.0,0.00098
QSP/BTC,1566205817940,2019-08-19T09:10:17.940Z,buy,9.8e-07,10204.0,0.0099999199999999
QSP/BTC,1566205817969,2019-08-19T09:10:17.969Z,buy,9.8e-07,332.0,0.0003253599999999
QSP/BTC,1566206123212,2019-08-19T09:15:23.212Z,buy,9.8e-07,9835.0,0.0096382999999999
QSP/BTC,1566206260258,2019-08-19T09:17:40.258Z,buy,9.8e-07,2665.0,0.0026117
QSP/BTC,1566206886960,2019-08-19T09:28:06.960Z,buy,9.8e-07,52853.0,0.05179594
QSP/BTC,1566206887001,2019-08-19T09:28:07.001Z,sell,9.8e-07,2751.0,0.0026959799999999
QSP/BTC,1566206887067,2019-08-19T09:28:07.067Z,sell,9.8e-07,5542.0,0.00543116
QSP/BTC,1566206887097,2019-08-19T09:28:07.097Z,sell,9.8e-07,241.0,0.0002361799999999
QSP/BTC,1566206912116,2019-08-19T09:28:32.116Z,sell,9.8e-07,1000.0,0.00098
QSP/BTC,1566207047755,2019-08-19T09:30:47.755Z,sell,9.8e-07,2310.0,0.0022638
QSP/BTC,1566207047799,2019-08-19T09:30:47.799Z,sell,9.8e-07,329.0,0.0003224199999999
QSP/BTC,1566207048566,2019-08-19T09:30:48.566Z,sell,9.8e-07,4128.0,0.00404544
QSP/BTC,1566207058712,2019-08-19T09:30:58.712Z,sell,9.8e-07,2141.0,0.00209818
QSP/BTC,1566207059858,2019-08-19T09:30:59.858Z,sell,9.8e-07,700.0,0.000686
QSP/BTC,1566207060811,2019-08-19T09:31:00.811Z,sell,9.8e-07,806.0,0.00078988
QSP/BTC,1566207061688,2019-08-19T09:31:01.688Z,sell,9.8e-07,700.0,0.000686
QSP/BTC,1566207082549,2019-08-19T09:31:22.549Z,sell,9.8e-07,5693.0,0.00557914
QSP/BTC,1566207082701,2019-08-19T09:31:22.701Z,sell,9.8e-07,700.0,0.000686
QSP/BTC,1566207083267,2019-08-19T09:31:23.267Z,sell,9.8e-07,46769.0,0.04583362
QSP/BTC,1566207382951,2019-08-19T09:36:22.951Z,sell,9.7e-07,700.0,0.000679
QSP/BTC,1566207434105,2019-08-19T09:37:14.105Z,sell,9.7e-07,13275.0,0.01287675
QSP/BTC,1566207434134,2019-08-19T09:37:14.134Z,sell,9.7e-07,5240.0,0.0050828
QSP/BTC,1566207511859,2019-08-19T09:38:31.859Z,sell,9.7e-07,700.0,0.000679
QSP/BTC,1566207560461,2019-08-19T09:39:20.461Z,buy,9.8e-07,2040.0,0.0019992
QSP/BTC,1566207570349,2019-08-19T09:39:30.349Z,buy,9.8e-07,3061.0,0.0029997799999999
QSP/BTC,1566207646483,2019-08-19T09:40:46.483Z,buy,9.8e-07,30587.0,0.0299752599999999
QSP/BTC,1566207722485,2019-08-19T09:42:02.485Z,buy,9.8e-07,679.0,0.00066542
QSP/BTC,1566207722485,2019-08-19T09:42:02.485Z,buy,9.8e-07,679.0,0.00066542
QSP/BTC,1566209121742,2019-08-19T10:05:21.742Z,buy,9.8e-07,65802.0,0.06448596
QSP/BTC,1566209122005,2019-08-19T10:05:22.005Z,buy,9.8e-07,1000.0,0.00098
QSP/BTC,1566209300802,2019-08-19T10:08:20.802Z,buy,9.8e-07,31689.0,0.0310552199999999
QSP/BTC,1566209300834,2019-08-19T10:08:20.834Z,sell,9.8e-07,3014.0,0.00295372
QSP/BTC,1566209359643,2019-08-19T10:09:19.643Z,sell,9.8e-07,3605.0,0.0035329
QSP/BTC,1566209493433,2019-08-19T10:11:33.433Z,sell,9.8e-07,700.0,0.000686
QSP/BTC,1566209494554,2019-08-19T10:11:34.554Z,sell,9.8e-07,1027.0,0.00100646
QSP/BTC,1566209495718,2019-08-19T10:11:35.718Z,sell,9.8e-07,1110.0,0.0010877999999999
QSP/BTC,1566209499486,2019-08-19T10:11:39.486Z,sell,9.8e-07,700.0,0.000686
QSP/BTC,1566209629584,2019-08-19T10:13:49.584Z,sell,9.8e-07,1261.0,0.00123578
QSP/BTC,1566209895911,2019-08-19T10:18:15.911Z,sell,9.8e-07,131.0,0.00012838
QSP/BTC,1566210313225,2019-08-19T10:25:13.225Z,buy,9.9e-07,22409.0,0.02218491
QSP/BTC,1566210313225,2019-08-19T10:25:13.225Z,buy,9.9e-07,22409.0,0.02218491
QSP/BTC,1566211787503,2019-08-19T10:49:47.503Z,sell,9.8e-07,35671.0,0.0349575799999999
QSP/BTC,1566211905823,2019-08-19T10:51:45.823Z,sell,9.7e-07,44155.0,0.04283035
QSP/BTC,1566211912971,2019-08-19T10:51:52.971Z,sell,9.7e-07,105.0,0.00010185
QSP/BTC,1566212321279,2019-08-19T10:58:41.279Z,buy,9.8e-07,20451.0,0.0200419799999999
QSP/BTC,1566212321412,2019-08-19T10:58:41.412Z,buy,9.8e-07,332.0,0.0003253599999999
QSP/BTC,1566212364137,2019-08-19T10:59:24.137Z,sell,9.7e-07,5487.0,0.00532239
QSP/BTC,1566213249858,2019-08-19T11:14:09.858Z,sell,9.7e-07,3000.0,0.00291
QSP/BTC,1566213637694,2019-08-19T11:20:37.694Z,sell,9.7e-07,14940.0,0.0144918
QSP/BTC,1566213670351,2019-08-19T11:21:10.351Z,sell,9.7e-07,5001.0,0.00485097
QSP/BTC,1566213670351,2019-08-19T11:21:10.351Z,sell,9.7e-07,5001.0,0.00485097
QSP/BTC,1566213952228,2019-08-19T11:25:52.228Z,sell,9.7e-07,12794.0,0.01241018
QSP/BTC,1566214248190,2019-08-19T11:30:48.190Z,sell,9.7e-07,1226.0,0.00118922
QSP/BTC,1566215416156,2019-08-19T11:50:16.156Z,sell,9.7e-07,51071.0,0.04953887
QSP/BTC,1566215700037,2019-08-19T11:55:00.037Z,sell,9.6e-07,498.0,0.00047808
QSP/BTC,1566215845960,2019-08-19T11:57:25.960Z,sell,9.6e-07,74925.0,0.0719279999999999
QSP/BTC,1566215998795,2019-08-19T11:59:58.795Z,buy,9.7e-07,16180.0,0.0156946
QSP/BTC,1566216075711,2019-08-19T12:01:15.711Z,buy,9.7e-07,108.0,0.00010476
QSP/BTC,1566216223501,2019-08-19T12:03:43.501Z,sell,9.6e-07,4109.0,0.0039446399999999
QSP/BTC,1566216300955,2019-08-19T12:05:00.955Z,buy,9.7e-07,113.0,0.00010961
QSP/BTC,1566216313735,2019-08-19T12:05:13.735Z,sell,9.6e-07,4774.0,0.0045830399999999
QSP/BTC,1566216318276,2019-08-19T12:05:18.276Z,buy,9.7e-07,4955.0,0.00480635
QSP/BTC,1566216318405,2019-08-19T12:05:18.405Z,buy,9.7e-07,312.0,0.00030264
QSP/BTC,1566216340002,2019-08-19T12:05:40.002Z,buy,9.7e-07,196106.0,0.19022282
QSP/BTC,1566216553877,2019-08-19T12:09:13.877Z,sell,9.7e-07,108.0,0.00010476
QSP/BTC,1566216804104,2019-08-19T12:13:24.104Z,sell,9.7e-07,4479.0,0.00434463
QSP/BTC,1566216804239,2019-08-19T12:13:24.239Z,sell,9.7e-07,332.0,0.00032204
QSP/BTC,1566216871166,2019-08-19T12:14:31.166Z,sell,9.7e-07,22435.0,0.02176195
QSP/BTC,1566216871166,2019-08-19T12:14:31.166Z,sell,9.7e-07,22435.0,0.02176195
QSP/BTC,1566217808077,2019-08-19T12:30:08.077Z,sell,9.7e-07,644.0,0.00062468
QSP/BTC,1566218081393,2019-08-19T12:34:41.393Z,sell,9.7e-07,162.0,0.00015714
QSP/BTC,1566218202265,2019-08-19T12:36:42.265Z,sell,9.7e-07,417.0,0.00040449
QSP/BTC,1566218692626,2019-08-19T12:44:52.626Z,sell,9.7e-07,131.0,0.00012707
QSP/BTC,1566218769985,2019-08-19T12:46:09.985Z,sell,9.7e-07,4169.0,0.00404393
QSP/BTC,1566219311474,2019-08-19T12:55:11.474Z,buy,9.8e-07,1659.0,0.0016258199999999
QSP/BTC,1566219812188,2019-08-19T13:03:32.188Z,sell,9.7e-07,120.0,0.0001164
QSP/BTC,1566220416429,2019-08-19T13:13:36.429Z,buy,9.8e-07,109.0,0.00010682
QSP/BTC,1566220441319,2019-08-19T13:14:01.319Z,buy,9.8e-07,10863.0,0.0106457399999999
QSP/BTC,1566220441319,2019-08-19T13:14:01.319Z,buy,9.8e-07,10863.0,0.0106457399999999
QSP/BTC,1566220702558,2019-08-19T13:18:22.558Z,buy,9.8e-07,111.0,0.00010878
QSP/BTC,1566221841243,2019-08-19T13:37:21.243Z,buy,9.8e-07,170.0,0.0001665999999999
QSP/BTC,1566222304923,2019-08-19T13:45:04.923Z,sell,9.7e-07,6825.0,0.00662025
QSP/BTC,1566222381708,2019-08-19T13:46:21.708Z,sell,9.7e-07,10208.0,0.00990176
QSP/BTC,1566223339116,2019-08-19T14:02:19.116Z,buy,9.8e-07,8487.0,0.00831726
QSP/BTC,1566223531577,2019-08-19T14:05:31.577Z,sell,9.7e-07,1549.0,0.00150253
QSP/BTC,1566223531577,2019-08-19T14:05:31.577Z,sell,9.7e-07,1549.0,0.00150253
QSP/BTC,1566224840001,2019-08-19T14:27:20.001Z,buy,9.8e-07,117.0,0.0001146599999999
QSP/BTC,1566225776297,2019-08-19T14:42:56.297Z,sell,9.7e-07,11397.0,0.01105509
QSP/BTC,1566225777306,2019-08-19T14:42:57.306Z,sell,9.7e-07,2835.0,0.00274995
QSP/BTC,1566225777322,2019-08-19T14:42:57.322Z,sell,9.7e-07,2835.0,0.00274995
QSP/BTC,1566225777324,2019-08-19T14:42:57.324Z,sell,9.7e-07,2470.0,0.0023959
QSP/BTC,1566225777332,2019-08-19T14:42:57.332Z,sell,9.7e-07,2725.0,0.00264325
QSP/BTC,1566225777360,2019-08-19T14:42:57.360Z,sell,9.7e-07,2718.0,0.00263646
QSP/BTC,1566225777423,2019-08-19T14:42:57.423Z,sell,9.7e-07,2835.0,0.00274995
QSP/BTC,1566225777438,2019-08-19T14:42:57.438Z,sell,9.7e-07,2798.0,0.00271406
QSP/BTC,1566225777846,2019-08-19T14:42:57.846Z,sell,9.7e-07,2684.0,0.00260348
QSP/BTC,1566225778287,2019-08-19T14:42:58.287Z,sell,9.7e-07,2025.0,0.00196425
QSP/BTC,1566225782850,2019-08-19T14:43:02.850Z,buy,9.8e-07,2025.0,0.0019844999999999
QSP/BTC,1566226346368,2019-08-19T14:52:26.368Z,buy,9.8e-07,153.0,0.00014994
QSP/BTC,1566226432922,2019-08-19T14:53:52.922Z,sell,9.7e-07,10000.0,0.0097
QSP/BTC,1566226907719,2019-08-19T15:01:47.719Z,sell,9.7e-07,2541.0,0.00246477
QSP/BTC,1566226907719,2019-08-19T15:01:47.719Z,sell,9.7e-07,2541.0,0.00246477
QSP/BTC,1566227259358,2019-08-19T15:07:39.358Z,sell,9.7e-07,1110.0,0.0010767
QSP/BTC,1566227362857,2019-08-19T15:09:22.857Z,sell,9.7e-07,133.0,0.00012901
QSP/BTC,1566227494821,2019-08-19T15:11:34.821Z,sell,9.7e-07,159.0,0.00015423
QSP/BTC,1566228245984,2019-08-19T15:24:05.984Z,sell,9.7e-07,2590.0,0.0025123
QSP/BTC,1566228431559,2019-08-19T15:27:11.559Z,sell,9.7e-07,8519.0,0.00826343
QSP/BTC,1566228787972,2019-08-19T15:33:07.972Z,sell,9.7e-07,9000.0,0.00873
QSP/BTC,1566228788084,2019-08-19T15:33:08.084Z,sell,9.7e-07,5250.0,0.0050925
QSP/BTC,1566228788094,2019-08-19T15:33:08.094Z,sell,9.7e-07,12799.0,0.01241503
QSP/BTC,1566228788139,2019-08-19T15:33:08.139Z,sell,9.7e-07,2188.0,0.00212236
QSP/BTC,1566228788433,2019-08-19T15:33:08.433Z,sell,9.7e-07,8795.0,0.00853115
QSP/BTC,1566228788990,2019-08-19T15:33:08.990Z,sell,9.7e-07,6435.0,0.00624195
QSP/BTC,1566228789037,2019-08-19T15:33:09.037Z,sell,9.7e-07,8939.0,0.00867083
QSP/BTC,1566228789255,2019-08-19T15:33:09.255Z,sell,9.7e-07,3000.0,0.00291
QSP/BTC,1566228800469,2019-08-19T15:33:20.469Z,sell,9.7e-07,13421.0,0.01301837
QSP/BTC,1566228830777,2019-08-19T15:33:50.777Z,sell,9.7e-07,114.0,0.00011058
QSP/BTC,1566228850504,2019-08-19T15:34:10.504Z,buy,9.8e-07,8939.0,0.0087602199999999
QSP/BTC,1566228896327,2019-08-19T15:34:56.327Z,sell,9.7e-07,108.0,0.00010476
QSP/BTC,1566228904923,2019-08-19T15:35:04.923Z,sell,9.7e-07,1904.0,0.00184688
QSP/BTC,1566230291783,2019-08-19T15:58:11.783Z,sell,9.7e-07,27431.0,0.02660807
QSP/BTC,1566230292016,2019-08-19T15:58:12.016Z,sell,9.7e-07,182.0,0.00017654
QSP/BTC,1566230292237,2019-08-19T15:58:12.237Z,sell,9.7e-07,137.0,0.00013289
QSP/BTC,1566230435230,2019-08-19T16:00:35.230Z,buy,9.8e-07,3127.0,0.0030644599999999
QSP/BTC,1566230453996,2019-08-19T16:00:53.996Z,sell,9.7e-07,65658.0,0.06368826
QSP/BTC,1566230458470,2019-08-19T16:00:58.470Z,buy,9.8e-07,2686.0,0.00263228
QSP/BTC,1566230460939,2019-08-19T16:01:00.939Z,buy,9.8e-07,2815.0,0.0027586999999999
QSP/BTC,1566230468543,2019-08-19T16:01:08.543Z,sell,9.7e-07,21926.0,0.02126822
QSP/BTC,1566230468649,2019-08-19T16:01:08.649Z,buy,9.7e-07,239.0,0.00023183
QSP/BTC,1566230469391,2019-08-19T16:01:09.391Z,buy,9.7e-07,8795.0,0.00853115
QSP/BTC,1566230469516,2019-08-19T16:01:09.516Z,buy,9.7e-07,335.0,0.00032495
QSP/BTC,1566230472670,2019-08-19T16:01:12.670Z,buy,9.7e-07,1384.0,0.00134248
QSP/BTC,1566230474802,2019-08-19T16:01:14.802Z,buy,9.7e-07,150.0,0.0001455
QSP/BTC,1566230477315,2019-08-19T16:01:17.315Z,buy,9.8e-07,47884.0,0.0469263199999999
QSP/BTC,1566230477342,2019-08-19T16:01:17.342Z,buy,9.8e-07,37126.0,0.0363834799999999
QSP/BTC,1566230504721,2019-08-19T16:01:44.721Z,buy,9.8e-07,7026.0,0.0068854799999999
QSP/BTC,1566230504752,2019-08-19T16:01:44.752Z,buy,9.8e-07,332.0,0.0003253599999999
QSP/BTC,1566230504752,2019-08-19T16:01:44.752Z,buy,9.8e-07,332.0,0.0003253599999999
QSP/BTC,1566230684522,2019-08-19T16:04:44.522Z,buy,9.8e-07,109.0,0.00010682
QSP/BTC,1566230684787,2019-08-19T16:04:44.787Z,buy,9.8e-07,22000.0,0.02156
QSP/BTC,1566231279851,2019-08-19T16:14:39.851Z,buy,9.8e-07,40825.0,0.0400084999999999
QSP/BTC,1566231906712,2019-08-19T16:25:06.712Z,sell,9.7e-07,32829.0,0.03184413
QSP/BTC,1566232845286,2019-08-19T16:40:45.286Z,sell,9.7e-07,2000.0,0.00194
QSP/BTC,1566232845286,2019-08-19T16:40:45.286Z,sell,9.7e-07,2000.0,0.00194
QSP/BTC,1566235052122,2019-08-19T17:17:32.122Z,buy,9.8e-07,48100.0,0.047138
QSP/BTC,1566235177333,2019-08-19T17:19:37.333Z,buy,9.8e-07,398.0,0.0003900399999999
QSP/BTC,1566235180051,2019-08-19T17:19:40.051Z,sell,9.7e-07,289.0,0.00028033
QSP/BTC,1566235874586,2019-08-19T17:31:14.586Z,buy,9.8e-07,238986.0,0.23420628
QSP/BTC,1566235874787,2019-08-19T17:31:14.787Z,sell,9.8e-07,267.0,0.00026166
QSP/BTC,1566235875270,2019-08-19T17:31:15.270Z,sell,9.8e-07,20738.0,0.02032324
QSP/BTC,1566235875271,2019-08-19T17:31:15.271Z,sell,9.8e-07,15983.0,0.0156633399999999
QSP/BTC,1566235875315,2019-08-19T17:31:15.315Z,sell,9.8e-07,3902.0,0.00382396
QSP/BTC,1566235875345,2019-08-19T17:31:15.345Z,sell,9.8e-07,29454.0,0.02886492
QSP/BTC,1566235875345,2019-08-19T17:31:15.345Z,sell,9.8e-07,29454.0,0.02886492
QSP/BTC,1566236762931,2019-08-19T17:46:02.931Z,buy,9.9e-07,1191.0,0.00117909
QSP/BTC,1566236765500,2019-08-19T17:46:05.500Z,sell,9.8e-07,1659.0,0.0016258199999999
QSP/BTC,1566237420993,2019-08-19T17:57:00.993Z,sell,9.8e-07,10863.0,0.0106457399999999
QSP/BTC,1566237443839,2019-08-19T17:57:23.839Z,sell,9.8e-07,1423.0,0.0013945399999999
QSP/BTC,1566237597351,2019-08-19T17:59:57.351Z,sell,9.8e-07,18858.0,0.01848084
QSP/BTC,1566239190098,2019-08-19T18:26:30.098Z,buy,9.8e-07,689.0,0.0006752199999999
QSP/BTC,1566239436878,2019-08-19T18:30:36.878Z,buy,9.8e-07,682.0,0.00066836
QSP/BTC,1566239436897,2019-08-19T18:30:36.897Z,buy,9.8e-07,682.0,0.00066836
QSP/BTC,1566239436959,2019-08-19T18:30:36.959Z,buy,9.8e-07,4779.0,0.00468342
QSP/BTC,1566239436992,2019-08-19T18:30:36.992Z,buy,9.8e-07,332.0,0.0003253599999999
QSP/BTC,1566239437424,2019-08-19T18:30:37.424Z,buy,9.8e-07,3297.0,0.0032310599999999
QSP/BTC,1566239437545,2019-08-19T18:30:37.545Z,buy,9.8e-07,2888.0,0.00283024
QSP/BTC,1566239437597,2019-08-19T18:30:37.597Z,sell,9.7e-07,2888.0,0.00280136
QSP/BTC,1566239438346,2019-08-19T18:30:38.346Z,buy,9.8e-07,978.0,0.00095844
QSP/BTC,1566239439561,2019-08-19T18:30:39.561Z,buy,9.8e-07,660.0,0.0006468
QSP/BTC,1566239439567,2019-08-19T18:30:39.567Z,buy,9.8e-07,660.0,0.0006468
QSP/BTC,1566239439708,2019-08-19T18:30:39.708Z,buy,9.8e-07,999.0,0.00097902
QSP/BTC,1566239440006,2019-08-19T18:30:40.006Z,buy,9.8e-07,437.0,0.0004282599999999
QSP/BTC,1566239440012,2019-08-19T18:30:40.012Z,buy,9.8e-07,3438.0,0.00336924
QSP/BTC,1566239440211,2019-08-19T18:30:40.211Z,buy,9.8e-07,509.0,0.00049882
QSP/BTC,1566239440863,2019-08-19T18:30:40.863Z,buy,9.8e-07,425.0,0.0004165
QSP/BTC,1566239441529,2019-08-19T18:30:41.529Z,buy,9.8e-07,682.0,0.00066836
QSP/BTC,1566239442071,2019-08-19T18:30:42.071Z,buy,9.8e-07,1620.0,0.0015876
QSP/BTC,1566239442097,2019-08-19T18:30:42.097Z,buy,9.8e-07,1620.0,0.0015876
QSP/BTC,1566239442159,2019-08-19T18:30:42.159Z,buy,9.8e-07,4136.0,0.0040532799999999
QSP/BTC,1566239442214,2019-08-19T18:30:42.214Z,buy,9.8e-07,909.0,0.00089082
QSP/BTC,1566239442223,2019-08-19T18:30:42.223Z,buy,9.8e-07,909.0,0.00089082
QSP/BTC,1566239443273,2019-08-19T18:30:43.273Z,buy,9.8e-07,682.0,0.00066836
QSP/BTC,1566239443297,2019-08-19T18:30:43.297Z,buy,9.8e-07,682.0,0.00066836
QSP/BTC,1566239444126,2019-08-19T18:30:44.126Z,buy,9.8e-07,601.0,0.0005889799999999
QSP/BTC,1566239444151,2019-08-19T18:30:44.151Z,buy,9.8e-07,601.0,0.0005889799999999
QSP/BTC,1566239444365,2019-08-19T18:30:44.365Z,buy,9.8e-07,337.0,0.0003302599999999
QSP/BTC,1566239445206,2019-08-19T18:30:45.206Z,buy,9.8e-07,599.0,0.00058702
QSP/BTC,1566239445206,2019-08-19T18:30:45.206Z,buy,9.8e-07,599.0,0.00058702
QSP/BTC,1566240193218,2019-08-19T18:43:13.218Z,sell,9.7e-07,2500.0,0.002425
QSP/BTC,1566240898206,2019-08-19T18:54:58.206Z,sell,9.7e-07,249.0,0.00024153
QSP/BTC,1566240935476,2019-08-19T18:55:35.476Z,sell,9.7e-07,131565.0,0.12761805
QSP/BTC,1566240937203,2019-08-19T18:55:37.203Z,buy,9.7e-07,12525.0,0.01214925
QSP/BTC,1566241822464,2019-08-19T19:10:22.464Z,sell,9.6e-07,23187.0,0.0222595199999999
QSP/BTC,1566241822464,2019-08-19T19:10:22.464Z,sell,9.6e-07,50191.0,0.0481833599999999
QSP/BTC,1566241929932,2019-08-19T19:12:09.932Z,buy,9.7e-07,384.0,0.00037248
QSP/BTC,1566242063323,2019-08-19T19:14:23.323Z,sell,9.6e-07,12775.0,0.0122639999999999
QSP/BTC,1566242262345,2019-08-19T19:17:42.345Z,buy,9.7e-07,217.0,0.00021049
QSP/BTC,1566242262345,2019-08-19T19:17:42.345Z,buy,9.7e-07,217.0,0.00021049
QSP/BTC,1566244026420,2019-08-19T19:47:06.420Z,sell,9.6e-07,2997.0,0.00287712
QSP/BTC,1566244445536,2019-08-19T19:54:05.536Z,buy,9.7e-07,2000.0,0.00194
QSP/BTC,1566244783928,2019-08-19T19:59:43.928Z,buy,9.7e-07,1949.0,0.00189053
QSP/BTC,1566244827953,2019-08-19T20:00:27.953Z,sell,9.6e-07,50000.0,0.0479999999999999
QSP/BTC,1566244879565,2019-08-19T20:01:19.565Z,buy,9.7e-07,484.0,0.00046948
QSP/BTC,1566244882904,2019-08-19T20:01:22.904Z,sell,9.6e-07,106.0,0.0001017599999999
QSP/BTC,1566245069920,2019-08-19T20:04:29.920Z,sell,9.6e-07,1498.0,0.0014380799999999
QSP/BTC,1566245069920,2019-08-19T20:04:29.920Z,sell,9.6e-07,1498.0,0.0014380799999999
QSP/BTC,1566246092720,2019-08-19T20:21:32.720Z,sell,9.6e-07,3324.0,0.0031910399999999
QSP/BTC,1566246239718,2019-08-19T20:23:59.718Z,buy,9.7e-07,537.0,0.00052089
QSP/BTC,1566248089662,2019-08-19T20:54:49.662Z,sell,9.6e-07,409.0,0.00039264
QSP/BTC,1566248526996,2019-08-19T21:02:06.996Z,sell,9.6e-07,255.0,0.0002448
QSP/BTC,1566248526996,2019-08-19T21:02:06.996Z,sell,9.6e-07,255.0,0.0002448
QSP/BTC,1566249491291,2019-08-19T21:18:11.291Z,buy,9.7e-07,123.0,0.00011931
QSP/BTC,1566249621363,2019-08-19T21:20:21.363Z,sell,9.6e-07,3043.0,0.0029212799999999
QSP/BTC,1566250920203,2019-08-19T21:42:00.203Z,buy,9.7e-07,153.0,0.00014841
QSP/BTC,1566250993278,2019-08-19T21:43:13.278Z,sell,9.6e-07,2856.0,0.0027417599999999
QSP/BTC,1566251790666,2019-08-19T21:56:30.666Z,sell,9.6e-07,36860.0,0.0353855999999999
QSP/BTC,1566251985910,2019-08-19T21:59:45.910Z,buy,9.7e-07,16000.0,0.01552
QSP/BTC,1566251985910,2019-08-19T21:59:45.910Z,buy,9.7e-07,16000.0,0.01552
QSP/BTC,1566252663181,2019-08-19T22:11:03.181Z,sell,9.6e-07,4474.0,0.00429504
QSP/BTC,1566252743278,2019-08-19T22:12:23.278Z,sell,9.6e-07,124.0,0.0001190399999999
QSP/BTC,1566253070805,2019-08-19T22:17:50.805Z,sell,9.6e-07,6993.0,0.0067132799999999
QSP/BTC,1566253133796,2019-08-19T22:18:53.796Z,buy,9.7e-07,3092.0,0.00299924
QSP/BTC,1566253341001,2019-08-19T22:22:21.001Z,buy,9.7e-07,20618.0,0.01999946
QSP/BTC,1566253341180,2019-08-19T22:22:21.180Z,buy,9.7e-07,2061.0,0.00199917
QSP/BTC,1566253341212,2019-08-19T22:22:21.212Z,buy,9.7e-07,15749.0,0.01527653
QSP/BTC,1566253341212,2019-08-19T22:22:21.212Z,buy,9.8e-07,10024.0,0.0098235199999999
QSP/BTC,1566253341221,2019-08-19T22:22:21.221Z,buy,9.8e-07,10309.0,0.0101028199999999
QSP/BTC,1566253341229,2019-08-19T22:22:21.229Z,buy,9.8e-07,20618.0,0.0202056399999999
QSP/BTC,1566253383587,2019-08-19T22:23:03.587Z,buy,9.8e-07,2655.0,0.0026019
QSP/BTC,1566253430222,2019-08-19T22:23:50.222Z,buy,9.8e-07,30613.0,0.0300007399999999
QSP/BTC,1566253490980,2019-08-19T22:24:50.980Z,sell,9.7e-07,3688.0,0.00357736
QSP/BTC,1566253556448,2019-08-19T22:25:56.448Z,buy,9.8e-07,60037.0,0.0588362599999999
QSP/BTC,1566253557791,2019-08-19T22:25:57.791Z,buy,9.8e-07,26689.0,0.02615522
QSP/BTC,1566253696383,2019-08-19T22:28:16.383Z,sell,9.8e-07,4180.0,0.0040964
QSP/BTC,1566253696517,2019-08-19T22:28:16.517Z,sell,9.8e-07,329.0,0.0003224199999999
QSP/BTC,1566253795990,2019-08-19T22:29:55.990Z,sell,9.8e-07,119.0,0.0001166199999999
QSP/BTC,1566254096308,2019-08-19T22:34:56.308Z,sell,9.8e-07,114.0,0.00011172
QSP/BTC,1566254493640,2019-08-19T22:41:33.640Z,sell,9.8e-07,84.0,8.232e-05
QSP/BTC,1566254493640,2019-08-19T22:41:33.640Z,sell,9.7e-07,133657.0,0.12964729
QSP/BTC,1566255229193,2019-08-19T22:53:49.193Z,sell,9.7e-07,42508.0,0.04123276
QSP/BTC,1566255259137,2019-08-19T22:54:19.137Z,sell,9.6e-07,27483.0,0.0263836799999999
QSP/BTC,1566255259137,2019-08-19T22:54:19.137Z,sell,9.6e-07,27483.0,0.0263836799999999
QSP/BTC,1566255759717,2019-08-19T23:02:39.717Z,buy,9.7e-07,3000.0,0.00291
QSP/BTC,1566255759940,2019-08-19T23:02:39.940Z,buy,9.7e-07,335.0,0.00032495
QSP/BTC,1566255899376,2019-08-19T23:04:59.376Z,buy,9.7e-07,138.0,0.00013386
QSP/BTC,1566256120677,2019-08-19T23:08:40.677Z,sell,9.6e-07,37857.0,0.0363427199999999
QSP/BTC,1566256154949,2019-08-19T23:09:14.949Z,sell,9.6e-07,161.0,0.0001545599999999
QSP/BTC,1566256290423,2019-08-19T23:11:30.423Z,sell,9.6e-07,90429.0,0.0868118399999999
QSP/BTC,1566256290442,2019-08-19T23:11:30.442Z,buy,9.6e-07,2000.0,0.0019199999999999
QSP/BTC,1566256290445,2019-08-19T23:11:30.445Z,buy,9.6e-07,9366.0,0.0089913599999999
QSP/BTC,1566256290477,2019-08-19T23:11:30.477Z,buy,9.7e-07,9366.0,0.00908502
QSP/BTC,1566256290974,2019-08-19T23:11:30.974Z,buy,9.6e-07,5230.0,0.0050208
QSP/BTC,1566256297854,2019-08-19T23:11:37.854Z,sell,9.6e-07,106.0,0.0001017599999999
QSP/BTC,1566256305313,2019-08-19T23:11:45.313Z,buy,9.6e-07,953.0,0.00091488
QSP/BTC,1566256305314,2019-08-19T23:11:45.314Z,buy,9.6e-07,173.0,0.0001660799999999
QSP/BTC,1566256305783,2019-08-19T23:11:45.783Z,sell,9.5e-07,20598.0,0.0195681
QSP/BTC,1566256312439,2019-08-19T23:11:52.439Z,buy,9.6e-07,10283.0,0.0098716799999999
QSP/BTC,1566256312681,2019-08-19T23:11:52.681Z,sell,9.5e-07,9924.0,0.0094278
QSP/BTC,1566256313731,2019-08-19T23:11:53.731Z,buy,9.6e-07,6250.0,0.0059999999999999
QSP/BTC,1566256313932,2019-08-19T23:11:53.932Z,sell,9.5e-07,5890.0,0.0055955
QSP/BTC,1566256322611,2019-08-19T23:12:02.611Z,sell,9.5e-07,1081.0,0.00102695
QSP/BTC,1566256323513,2019-08-19T23:12:03.513Z,sell,9.5e-07,1980.0,0.001881
QSP/BTC,1566256605969,2019-08-19T23:16:45.969Z,buy,9.6e-07,24105.0,0.0231408
QSP/BTC,1566256606083,2019-08-19T23:16:46.083Z,sell,9.6e-07,3801.0,0.0036489599999999
QSP/BTC,1566256608130,2019-08-19T23:16:48.130Z,buy,9.7e-07,2062.0,0.00200014
QSP/BTC,1566256726895,2019-08-19T23:18:46.895Z,sell,9.6e-07,24167.0,0.0232003199999999
QSP/BTC,1566256728754,2019-08-19T23:18:48.754Z,buy,9.6e-07,4753.0,0.0045628799999999
QSP/BTC,1566256738244,2019-08-19T23:18:58.244Z,buy,9.6e-07,8559.0,0.0082166399999999
QSP/BTC,1566256773369,2019-08-19T23:19:33.369Z,buy,9.6e-07,10003.0,0.00960288
QSP/BTC,1566256778208,2019-08-19T23:19:38.208Z,buy,9.6e-07,37780.0,0.0362688
QSP/BTC,1566256988387,2019-08-19T23:23:08.387Z,sell,9.5e-07,2033.0,0.00193135
QSP/BTC,1566258074736,2019-08-19T23:41:14.736Z,sell,9.5e-07,452.0,0.0004294
QSP/BTC,1566258279109,2019-08-19T23:44:39.109Z,sell,9.5e-07,1077.0,0.00102315
QSP/BTC,1566258403333,2019-08-19T23:46:43.333Z,buy,9.6e-07,1166.0,0.0011193599999999
QSP/BTC,1566258420338,2019-08-19T23:47:00.338Z,buy,9.7e-07,5154.0,0.00499938
QSP/BTC,1566258437566,2019-08-19T23:47:17.566Z,sell,9.5e-07,2972.0,0.0028234
QSP/BTC,1566258437566,2019-08-19T23:47:17.566Z,sell,9.5e-07,2972.0,0.0028234
QSP/BTC,1566259386811,2019-08-20T00:03:06.811Z,sell,9.5e-07,252.0,0.0002394
QSP/BTC,1566259613300,2019-08-20T00:06:53.300Z,sell,9.5e-07,209158.0,0.1987001
QSP/BTC,1566259613556,2019-08-20T00:06:53.556Z,sell,9.5e-07,14784.0,0.0140448
QSP/BTC,1566259662847,2019-08-20T00:07:42.847Z,sell,9.5e-07,89853.0,0.08536035
QSP/BTC,1566259740798,2019-08-20T00:09:00.798Z,sell,9.5e-07,95268.0,0.0905046
QSP/BTC,1566259802693,2019-08-20T00:10:02.693Z,sell,9.5e-07,3883.0,0.00368885
QSP/BTC,1566259809936,2019-08-20T00:10:09.936Z,sell,9.5e-07,34289.0,0.03257455
QSP/BTC,1566259810817,2019-08-20T00:10:10.817Z,sell,9.4e-07,20597.0,0.01936118
QSP/BTC,1566259810817,2019-08-20T00:10:10.817Z,sell,9.4e-07,1671.0,0.00157074
QSP/BTC,1566259810817,2019-08-20T00:10:10.817Z,sell,9.4e-07,15000.0,0.0141
QSP/BTC,1566259810817,2019-08-20T00:10:10.817Z,sell,9.4e-07,40000.0,0.0376
QSP/BTC,1566259822792,2019-08-20T00:10:22.792Z,sell,9.4e-07,108.0,0.00010152
QSP/BTC,1566259837171,2019-08-20T00:10:37.171Z,buy,9.5e-07,210.0,0.0001995
QSP/BTC,1566259837263,2019-08-20T00:10:37.263Z,buy,9.5e-07,421.0,0.00039995
QSP/BTC,1566259942245,2019-08-20T00:12:22.245Z,sell,9.4e-07,5893.0,0.00553942
QSP/BTC,1566260002223,2019-08-20T00:13:22.223Z,sell,9.4e-07,25062.0,0.02355828
QSP/BTC,1566260020548,2019-08-20T00:13:40.548Z,sell,9.4e-07,210.0,0.0001974
QSP/BTC,1566260209712,2019-08-20T00:16:49.712Z,sell,9.4e-07,9423.0,0.00885762
QSP/BTC,1566261725455,2019-08-20T00:42:05.455Z,buy,9.5e-07,372.0,0.0003534
QSP/BTC,1566261725455,2019-08-20T00:42:05.455Z,buy,9.5e-07,372.0,0.0003534
QSP/BTC,1566262138950,2019-08-20T00:48:58.950Z,buy,9.5e-07,2003.0,0.00190285
QSP/BTC,1566262139119,2019-08-20T00:48:59.119Z,buy,9.5e-07,343.0,0.00032585
QSP/BTC,1566262146467,2019-08-20T00:49:06.467Z,sell,9.4e-07,5100.0,0.004794
QSP/BTC,1566263092328,2019-08-20T01:04:52.328Z,sell,9.4e-07,1998.0,0.00187812
QSP/BTC,1566263401008,2019-08-20T01:10:01.008Z,buy,9.5e-07,120.0,0.000114
QSP/BTC,1566263841985,2019-08-20T01:17:21.985Z,sell,9.4e-07,444.0,0.00041736
QSP/BTC,1566264130985,2019-08-20T01:22:10.985Z,sell,9.4e-07,3058.0,0.00287452
QSP/BTC,1566264303799,2019-08-20T01:25:03.799Z,sell,9.4e-07,3752.0,0.00352688
QSP/BTC,1566264618312,2019-08-20T01:30:18.312Z,sell,9.4e-07,4250.0,0.003995
QSP/BTC,1566264618312,2019-08-20T01:30:18.312Z,sell,9.4e-07,4250.0,0.003995
QSP/BTC,1566265668863,2019-08-20T01:47:48.863Z,sell,9.4e-07,3000.0,0.00282
QSP/BTC,1566266360390,2019-08-20T01:59:20.390Z,sell,9.4e-07,1562.0,0.00146828
QSP/BTC,1566266535064,2019-08-20T02:02:15.064Z,sell,9.4e-07,7000.0,0.00658
QSP/BTC,1566266535064,2019-08-20T02:02:15.064Z,sell,9.4e-07,7000.0,0.00658
QSP/BTC,1566268970369,2019-08-20T02:42:50.369Z,buy,9.5e-07,34557.0,0.03282915
QSP/BTC,1566270067338,2019-08-20T03:01:07.338Z,buy,9.5e-07,816.0,0.0007752
QSP/BTC,1566270067338,2019-08-20T03:01:07.338Z,buy,9.5e-07,816.0,0.0007752
QSP/BTC,1566270973285,2019-08-20T03:16:13.285Z,sell,9.4e-07,308.0,0.00028952
QSP/BTC,1566271188862,2019-08-20T03:19:48.862Z,buy,9.5e-07,127.0,0.00012065
QSP/BTC,1566271776519,2019-08-20T03:29:36.519Z,sell,9.4e-07,21500.0,0.02021
QSP/BTC,1566271896088,2019-08-20T03:31:36.088Z,sell,9.4e-07,172.0,0.00016168
QSP/BTC,1566272083257,2019-08-20T03:34:43.257Z,sell,9.4e-07,426.0,0.00040044
QSP/BTC,1566272132433,2019-08-20T03:35:32.433Z,buy,9.5e-07,200.0,0.00019
QSP/BTC,1566272271027,2019-08-20T03:37:51.027Z,buy,9.5e-07,77644.0,0.0737618
QSP/BTC,1566272418922,2019-08-20T03:40:18.922Z,buy,9.5e-07,39783.0,0.03779385
QSP/BTC,1566272522316,2019-08-20T03:42:02.316Z,sell,9.5e-07,252.0,0.0002394
QSP/BTC,1566273191659,2019-08-20T03:53:11.659Z,buy,9.6e-07,1600.0,0.0015359999999999
QSP/BTC,1566273192955,2019-08-20T03:53:12.955Z,sell,9.5e-07,4570.0,0.0043415
QSP/BTC,1566273227204,2019-08-20T03:53:47.204Z,sell,9.5e-07,1042.0,0.0009899
QSP/BTC,1566273227204,2019-08-20T03:53:47.204Z,sell,9.5e-07,1042.0,0.0009899
QSP/BTC,1566273996758,2019-08-20T04:06:36.758Z,sell,9.5e-07,2577.0,0.00244815
QSP/BTC,1566274122610,2019-08-20T04:08:42.610Z,sell,9.5e-07,1873.0,0.00177935
QSP/BTC,1566274270140,2019-08-20T04:11:10.140Z,buy,9.6e-07,1005.0,0.0009647999999999
QSP/BTC,1566274307212,2019-08-20T04:11:47.212Z,sell,9.5e-07,1042.0,0.0009899
QSP/BTC,1566274446392,2019-08-20T04:14:06.392Z,sell,9.5e-07,21135.0,0.02007825
QSP/BTC,1566274446397,2019-08-20T04:14:06.397Z,sell,9.4e-07,14059.0,0.01321546
QSP/BTC,1566274973118,2019-08-20T04:22:53.118Z,buy,9.5e-07,5215.0,0.00495425
QSP/BTC,1566275474975,2019-08-20T04:31:14.975Z,sell,9.5e-07,1727.0,0.00164065
QSP/BTC,1566275764645,2019-08-20T04:36:04.645Z,sell,9.5e-07,999.0,0.00094905
QSP/BTC,1566275837745,2019-08-20T04:37:17.745Z,buy,9.6e-07,1104.0,0.0010598399999999
QSP/BTC,1566276016881,2019-08-20T04:40:16.881Z,sell,9.5e-07,392.0,0.0003724
QSP/BTC,1566276028606,2019-08-20T04:40:28.606Z,sell,9.5e-07,1104.0,0.0010488
QSP/BTC,1566276338756,2019-08-20T04:45:38.756Z,sell,9.5e-07,28929.0,0.02748255
QSP/BTC,1566276368111,2019-08-20T04:46:08.111Z,buy,9.5e-07,429.0,0.00040755
QSP/BTC,1566276370039,2019-08-20T04:46:10.039Z,buy,9.5e-07,2434.0,0.0023123
QSP/BTC,1566276370111,2019-08-20T04:46:10.111Z,buy,9.5e-07,2742.0,0.0026049
QSP/BTC,1566276642063,2019-08-20T04:50:42.063Z,sell,9.4e-07,274.0,0.00025756
QSP/BTC,1566276783404,2019-08-20T04:53:03.404Z,buy,9.5e-07,10638.0,0.0101061
QSP/BTC,1566276783404,2019-08-20T04:53:03.404Z,buy,9.5e-07,10638.0,0.0101061
QSP/BTC,1566277365356,2019-08-20T05:02:45.356Z,sell,9.4e-07,7316.0,0.00687704
QSP/BTC,1566277365824,2019-08-20T05:02:45.824Z,buy,9.5e-07,11024.0,0.0104728
QSP/BTC,1566278024642,2019-08-20T05:13:44.642Z,buy,9.5e-07,1680.0,0.001596
QSP/BTC,1566278141986,2019-08-20T05:15:41.986Z,buy,9.5e-07,1320.0,0.001254
QSP/BTC,1566279878334,2019-08-20T05:44:38.334Z,buy,9.5e-07,3971.0,0.00377245
QSP/BTC,1566279878334,2019-08-20T05:44:38.334Z,buy,9.5e-07,3971.0,0.00377245
QSP/BTC,1566280842234,2019-08-20T06:00:42.234Z,buy,9.5e-07,126.0,0.0001197
QSP/BTC,1566281283577,2019-08-20T06:08:03.577Z,sell,9.4e-07,130200.0,0.122388
QSP/BTC,1566281286803,2019-08-20T06:08:06.803Z,sell,9.4e-07,108.0,0.00010152
QSP/BTC,1566282905544,2019-08-20T06:35:05.544Z,buy,9.5e-07,644.0,0.0006118
QSP/BTC,1566283321239,2019-08-20T06:42:01.239Z,buy,9.5e-07,138.0,0.0001311
QSP/BTC,1566283321239,2019-08-20T06:42:01.239Z,buy,9.5e-07,138.0,0.0001311
QSP/BTC,1566284839814,2019-08-20T07:07:19.814Z,sell,9.4e-07,47516.0,0.04466504
QSP/BTC,1566285033651,2019-08-20T07:10:33.651Z,buy,9.5e-07,12580.0,0.011951
QSP/BTC,1566285134901,2019-08-20T07:12:14.901Z,buy,9.5e-07,6106.0,0.0058007
QSP/BTC,1566285337574,2019-08-20T07:15:37.574Z,sell,9.4e-07,98918.0,0.09298292
QSP/BTC,1566285337709,2019-08-20T07:15:37.709Z,sell,9.4e-07,126.0,0.00011844
QSP/BTC,1566286121319,2019-08-20T07:28:41.319Z,sell,9.4e-07,633.0,0.00059502
QSP/BTC,1566286122048,2019-08-20T07:28:42.048Z,sell,9.4e-07,5212.0,0.00489928
QSP/BTC,1566286186066,2019-08-20T07:29:46.066Z,buy,9.5e-07,1300.0,0.001235
QSP/BTC,1566286199537,2019-08-20T07:29:59.537Z,buy,9.5e-07,3636.0,0.0034542
QSP/BTC,1566286199537,2019-08-20T07:29:59.537Z,buy,9.5e-07,3636.0,0.0034542
QSP/BTC,1566287327611,2019-08-20T07:48:47.611Z,buy,9.5e-07,665.0,0.00063175
QSP/BTC,1566287652075,2019-08-20T07:54:12.075Z,buy,9.5e-07,12379.0,0.01176005
QSP/BTC,1566287652088,2019-08-20T07:54:12.088Z,buy,9.5e-07,4892.0,0.0046474
QSP/BTC,1566287652205,2019-08-20T07:54:12.205Z,buy,9.5e-07,2211.0,0.00210045
QSP/BTC,1566287652224,2019-08-20T07:54:12.224Z,buy,9.5e-07,400.0,0.00038
QSP/BTC,1566287652232,2019-08-20T07:54:12.232Z,buy,9.5e-07,400.0,0.00038
QSP/BTC,1566287652263,2019-08-20T07:54:12.263Z,buy,9.5e-07,1841.0,0.00174895
QSP/BTC,1566287675256,2019-08-20T07:54:35.256Z,buy,9.5e-07,560.0,0.000532
QSP/BTC,1566287678282,2019-08-20T07:54:38.282Z,buy,9.5e-07,950.0,0.0009025
QSP/BTC,1566287681303,2019-08-20T07:54:41.303Z,buy,9.5e-07,950.0,0.0009025
QSP/BTC,1566287743154,2019-08-20T07:55:43.154Z,buy,9.5e-07,1364.0,0.0012958
QSP/BTC,1566287743530,2019-08-20T07:55:43.530Z,buy,9.5e-07,411.0,0.00039045
QSP/BTC,1566287745091,2019-08-20T07:55:45.091Z,buy,9.5e-07,908.0,0.0008626
QSP/BTC,1566287745472,2019-08-20T07:55:45.472Z,buy,9.5e-07,399.0,0.00037905
QSP/BTC,1566287745472,2019-08-20T07:55:45.472Z,buy,9.5e-07,399.0,0.00037905
QSP/BTC,1566290230708,2019-08-20T08:37:10.708Z,buy,9.5e-07,200.0,0.00019
QSP/BTC,1566290234953,2019-08-20T08:37:14.953Z,buy,9.5e-07,200.0,0.00019
QSP/BTC,1566290236889,2019-08-20T08:37:16.889Z,buy,9.5e-07,200.0,0.00019
QSP/BTC,1566291199630,2019-08-20T08:53:19.630Z,sell,9.4e-07,15151.0,0.01424194
QSP/BTC,1566291199630,2019-08-20T08:53:19.630Z,sell,9.4e-07,15151.0,0.01424194
QSP/BTC,1566292422203,2019-08-20T09:13:42.203Z,buy,9.5e-07,583.0,0.00055385
QSP/BTC,1566292577648,2019-08-20T09:16:17.648Z,buy,9.5e-07,351.0,0.00033345
QSP/BTC,1566292991523,2019-08-20T09:23:11.523Z,buy,9.5e-07,313.0,0.00029735
QSP/BTC,1566293427972,2019-08-20T09:30:27.972Z,sell,9.4e-07,14459.0,0.01359146
QSP/BTC,1566293521134,2019-08-20T09:32:01.134Z,sell,9.4e-07,122.0,0.00011468
QSP/BTC,1566293521403,2019-08-20T09:32:01.403Z,sell,9.4e-07,24528.0,0.02305632
QSP/BTC,1566293980208,2019-08-20T09:39:40.208Z,sell,9.4e-07,11630.0,0.0109322
QSP/BTC,1566294010501,2019-08-20T09:40:10.501Z,sell,9.4e-07,45453.0,0.04272582
QSP/BTC,1566294124040,2019-08-20T09:42:04.040Z,buy,9.4e-07,262.0,0.00024628
QSP/BTC,1566294666551,2019-08-20T09:51:06.551Z,sell,9.3e-07,1356.0,0.00126108
QSP/BTC,1566294666551,2019-08-20T09:51:06.551Z,sell,9.3e-07,1510.0,0.0014043
QSP/BTC,1566294669237,2019-08-20T09:51:09.237Z,sell,9.3e-07,1089.0,0.00101277
QSP/BTC,1566294739788,2019-08-20T09:52:19.788Z,sell,9.3e-07,2540.0,0.0023622
QSP/BTC,1566294739788,2019-08-20T09:52:19.788Z,sell,9.3e-07,2540.0,0.0023622
QSP/BTC,1566294972624,2019-08-20T09:56:12.624Z,sell,9.3e-07,1297.0,0.00120621
QSP/BTC,1566295167599,2019-08-20T09:59:27.599Z,buy,9.4e-07,330.0,0.0003102
QSP/BTC,1566295219653,2019-08-20T10:00:19.653Z,sell,9.3e-07,1003.0,0.00093279
QSP/BTC,1566295249040,2019-08-20T10:00:49.040Z,sell,9.3e-07,1301.0,0.00120993
QSP/BTC,1566295423583,2019-08-20T10:03:43.583Z,buy,9.4e-07,114.0,0.00010716
QSP/BTC,1566295511456,2019-08-20T10:05:11.456Z,buy,9.4e-07,129.0,0.00012126
QSP/BTC,1566295590072,2019-08-20T10:06:30.072Z,sell,9.3e-07,2033.0,0.00189069
QSP/BTC,1566295708850,2019-08-20T10:08:28.850Z,sell,9.3e-07,1390.0,0.0012927
QSP/BTC,1566295935186,2019-08-20T10:12:15.186Z,buy,9.4e-07,863.0,0.00081122
QSP/BTC,1566295937370,2019-08-20T10:12:17.370Z,buy,9.4e-07,644.0,0.00060536
QSP/BTC,1566295944140,2019-08-20T10:12:24.140Z,buy,9.4e-07,331.0,0.00031114
QSP/BTC,1566296300871,2019-08-20T10:18:20.871Z,buy,9.4e-07,146.0,0.00013724
QSP/BTC,1566296509530,2019-08-20T10:21:49.530Z,buy,9.4e-07,1489.0,0.00139966
QSP/BTC,1566296524925,2019-08-20T10:22:04.925Z,buy,9.4e-07,255.0,0.0002397
QSP/BTC,1566296846499,2019-08-20T10:27:26.499Z,buy,9.4e-07,116.0,0.00010904
QSP/BTC,1566297090293,2019-08-20T10:31:30.293Z,sell,9.3e-07,13892.0,0.01291956
QSP/BTC,1566297097717,2019-08-20T10:31:37.717Z,sell,9.3e-07,109.0,0.00010137
QSP/BTC,1566297362482,2019-08-20T10:36:02.482Z,sell,9.3e-07,1410.0,0.0013113
QSP/BTC,1566297367290,2019-08-20T10:36:07.290Z,sell,9.3e-07,2500.0,0.002325
QSP/BTC,1566297595862,2019-08-20T10:39:55.862Z,sell,9.3e-07,10211.0,0.00949623
QSP/BTC,1566297608268,2019-08-20T10:40:08.268Z,sell,9.3e-07,11621.0,0.01080753
QSP/BTC,1566297608319,2019-08-20T10:40:08.319Z,sell,9.3e-07,1698.0,0.00157914
QSP/BTC,1566297608384,2019-08-20T10:40:08.384Z,sell,9.3e-07,5177.0,0.0048146099999999
QSP/BTC,1566297610602,2019-08-20T10:40:10.602Z,sell,9.3e-07,700.0,0.000651
QSP/BTC,1566297611575,2019-08-20T10:40:11.575Z,sell,9.3e-07,700.0,0.000651
QSP/BTC,1566297618446,2019-08-20T10:40:18.446Z,sell,9.3e-07,10111.0,0.00940323
QSP/BTC,1566297618636,2019-08-20T10:40:18.636Z,sell,9.3e-07,3102.0,0.00288486
QSP/BTC,1566297618697,2019-08-20T10:40:18.697Z,sell,9.3e-07,15352.0,0.01427736
QSP/BTC,1566297626237,2019-08-20T10:40:26.237Z,sell,9.3e-07,2051.0,0.0019074299999999
QSP/BTC,1566297641885,2019-08-20T10:40:41.885Z,sell,9.3e-07,11821.0,0.01099353
QSP/BTC,1566297853244,2019-08-20T10:44:13.244Z,sell,9.3e-07,2329.0,0.00216597
QSP/BTC,1566297920328,2019-08-20T10:45:20.328Z,sell,9.3e-07,42338.0,0.03937434
QSP/BTC,1566297930112,2019-08-20T10:45:30.112Z,sell,9.3e-07,40000.0,0.0372
QSP/BTC,1566297930112,2019-08-20T10:45:30.112Z,sell,9.3e-07,40000.0,0.0372
QSP/BTC,1566298486977,2019-08-20T10:54:46.977Z,sell,9.3e-07,131.0,0.00012183
QSP/BTC,1566299087420,2019-08-20T11:04:47.420Z,sell,9.3e-07,16321.0,0.0151785299999999
QSP/BTC,1566300343359,2019-08-20T11:25:43.359Z,sell,9.3e-07,117.0,0.00010881
QSP/BTC,1566300955047,2019-08-20T11:35:55.047Z,buy,9.4e-07,1943.0,0.00182642
QSP/BTC,1566300955047,2019-08-20T11:35:55.047Z,buy,9.4e-07,1943.0,0.00182642
QSP/BTC,1566302008033,2019-08-20T11:53:28.033Z,sell,9.3e-07,1784.0,0.00165912
QSP/BTC,1566302032485,2019-08-20T11:53:52.485Z,buy,9.4e-07,35887.0,0.03373378
QSP/BTC,1566302039100,2019-08-20T11:53:59.100Z,buy,9.4e-07,48003.0,0.04512282
QSP/BTC,1566302050680,2019-08-20T11:54:10.680Z,buy,9.4e-07,39610.0,0.0372334
QSP/BTC,1566302050802,2019-08-20T11:54:10.802Z,buy,9.4e-07,25035.0,0.0235329
QSP/BTC,1566303122717,2019-08-20T12:12:02.717Z,sell,9.3e-07,975.0,0.00090675
QSP/BTC,1566303126298,2019-08-20T12:12:06.298Z,sell,9.3e-07,1232.0,0.00114576
QSP/BTC,1566303326308,2019-08-20T12:15:26.308Z,sell,9.3e-07,120.0,0.0001116
QSP/BTC,1566303373303,2019-08-20T12:16:13.303Z,buy,9.4e-07,112.0,0.00010528
QSP/BTC,1566303765210,2019-08-20T12:22:45.210Z,buy,9.4e-07,136.0,0.00012784
QSP/BTC,1566303957708,2019-08-20T12:25:57.708Z,buy,9.4e-07,761.0,0.00071534
QSP/BTC,1566304209377,2019-08-20T12:30:09.377Z,sell,9.3e-07,101264.0,0.09417552
QSP/BTC,1566304209377,2019-08-20T12:30:09.377Z,sell,9.2e-07,16415.0,0.0151018
QSP/BTC,1566304209377,2019-08-20T12:30:09.377Z,sell,9.2e-07,51866.0,0.04771672
QSP/BTC,1566304209377,2019-08-20T12:30:09.377Z,sell,9.2e-07,6119.0,0.00562948
QSP/BTC,1566304213945,2019-08-20T12:30:13.945Z,buy,9.3e-07,15352.0,0.01427736
QSP/BTC,1566304217491,2019-08-20T12:30:17.491Z,buy,9.3e-07,531.0,0.00049383
QSP/BTC,1566304217558,2019-08-20T12:30:17.558Z,buy,9.3e-07,1063.0,0.00098859
QSP/BTC,1566304217592,2019-08-20T12:30:17.592Z,buy,9.3e-07,212.0,0.00019716
QSP/BTC,1566304217712,2019-08-20T12:30:17.712Z,buy,9.3e-07,425.0,0.00039525
QSP/BTC,1566304217979,2019-08-20T12:30:17.979Z,buy,9.3e-07,10638.0,0.00989334
QSP/BTC,1566304219187,2019-08-20T12:30:19.187Z,buy,9.3e-07,744.0,0.00069192
QSP/BTC,1566304219258,2019-08-20T12:30:19.258Z,buy,9.3e-07,851.0,0.00079143
QSP/BTC,1566304219587,2019-08-20T12:30:19.587Z,buy,9.3e-07,5319.0,0.00494667
QSP/BTC,1566304219901,2019-08-20T12:30:19.901Z,buy,9.3e-07,335.0,0.00031155
QSP/BTC,1566304220666,2019-08-20T12:30:20.666Z,buy,9.3e-07,1276.0,0.00118668
QSP/BTC,1566304220823,2019-08-20T12:30:20.823Z,buy,9.3e-07,21276.0,0.01978668
QSP/BTC,1566304221167,2019-08-20T12:30:21.167Z,buy,9.3e-07,1170.0,0.0010881
QSP/BTC,1566304221502,2019-08-20T12:30:21.502Z,buy,9.3e-07,4787.0,0.00445191
QSP/BTC,1566304221520,2019-08-20T12:30:21.520Z,buy,9.3e-07,212.0,0.00019716
QSP/BTC,1566304221739,2019-08-20T12:30:21.739Z,buy,9.3e-07,1276.0,0.00118668
QSP/BTC,1566304221960,2019-08-20T12:30:21.960Z,buy,9.3e-07,1595.0,0.00148335
QSP/BTC,1566304222067,2019-08-20T12:30:22.067Z,buy,9.3e-07,5376.0,0.00499968
QSP/BTC,1566304222135,2019-08-20T12:30:22.135Z,buy,9.3e-07,3191.0,0.00296763
QSP/BTC,1566304222689,2019-08-20T12:30:22.689Z,buy,9.3e-07,120.0,0.0001116
QSP/BTC,1566304222689,2019-08-20T12:30:22.689Z,buy,9.4e-07,327.0,0.00030738
QSP/BTC,1566304222819,2019-08-20T12:30:22.819Z,buy,9.4e-07,212.0,0.00019928
QSP/BTC,1566304222901,2019-08-20T12:30:22.901Z,buy,9.4e-07,851.0,0.00079994
QSP/BTC,1566304223494,2019-08-20T12:30:23.494Z,buy,9.4e-07,851.0,0.00079994
QSP/BTC,1566304224349,2019-08-20T12:30:24.349Z,buy,9.4e-07,851.0,0.00079994
QSP/BTC,1566304224530,2019-08-20T12:30:24.530Z,buy,9.4e-07,6489.0,0.00609966
QSP/BTC,1566304224547,2019-08-20T12:30:24.547Z,buy,9.4e-07,744.0,0.00069936
QSP/BTC,1566304224566,2019-08-20T12:30:24.566Z,buy,9.4e-07,531.0,0.00049914
QSP/BTC,1566304224898,2019-08-20T12:30:24.898Z,buy,9.4e-07,319.0,0.00029986
QSP/BTC,1566304224931,2019-08-20T12:30:24.931Z,buy,9.4e-07,212.0,0.00019928
QSP/BTC,1566304227670,2019-08-20T12:30:27.670Z,buy,9.4e-07,1147.0,0.00107818
QSP/BTC,1566304230860,2019-08-20T12:30:30.860Z,buy,9.4e-07,1007.0,0.00094658
QSP/BTC,1566304231584,2019-08-20T12:30:31.584Z,buy,9.4e-07,130.0,0.0001222
QSP/BTC,1566304262336,2019-08-20T12:31:02.336Z,sell,9.3e-07,112.0,0.00010416
QSP/BTC,1566304268338,2019-08-20T12:31:08.338Z,buy,9.4e-07,132.0,0.00012408
QSP/BTC,1566304360555,2019-08-20T12:32:40.555Z,buy,9.4e-07,28250.0,0.026555
QSP/BTC,1566304365771,2019-08-20T12:32:45.771Z,buy,9.4e-07,135.0,0.0001269
QSP/BTC,1566304475671,2019-08-20T12:34:35.671Z,buy,9.4e-07,45654.0,0.04291476
QSP/BTC,1566304475701,2019-08-20T12:34:35.701Z,sell,9.4e-07,851.0,0.00079994
QSP/BTC,1566304475778,2019-08-20T12:34:35.778Z,sell,9.4e-07,109.0,0.00010246
QSP/BTC,1566304475840,2019-08-20T12:34:35.840Z,sell,9.4e-07,310.0,0.0002914
QSP/BTC,1566304475904,2019-08-20T12:34:35.904Z,sell,9.4e-07,310.0,0.0002914
QSP/BTC,1566304476069,2019-08-20T12:34:36.069Z,sell,9.4e-07,109.0,0.00010246
QSP/BTC,1566304476278,2019-08-20T12:34:36.278Z,sell,9.4e-07,109.0,0.00010246
QSP/BTC,1566304476383,2019-08-20T12:34:36.383Z,sell,9.4e-07,109.0,0.00010246
QSP/BTC,1566304476481,2019-08-20T12:34:36.481Z,sell,9.4e-07,109.0,0.00010246
QSP/BTC,1566304476649,2019-08-20T12:34:36.649Z,sell,9.4e-07,109.0,0.00010246
QSP/BTC,1566304476737,2019-08-20T12:34:36.737Z,sell,9.4e-07,109.0,0.00010246
QSP/BTC,1566304476835,2019-08-20T12:34:36.835Z,sell,9.4e-07,109.0,0.00010246
QSP/BTC,1566304477005,2019-08-20T12:34:37.005Z,sell,9.4e-07,109.0,0.00010246
QSP/BTC,1566304477095,2019-08-20T12:34:37.095Z,sell,9.4e-07,109.0,0.00010246
QSP/BTC,1566304477201,2019-08-20T12:34:37.201Z,sell,9.4e-07,109.0,0.00010246
QSP/BTC,1566304477309,2019-08-20T12:34:37.309Z,sell,9.4e-07,109.0,0.00010246
QSP/BTC,1566304477408,2019-08-20T12:34:37.408Z,sell,9.4e-07,109.0,0.00010246
QSP/BTC,1566304477494,2019-08-20T12:34:37.494Z,sell,9.4e-07,109.0,0.00010246
QSP/BTC,1566304477514,2019-08-20T12:34:37.514Z,sell,9.4e-07,313.0,0.00029422
QSP/BTC,1566304477601,2019-08-20T12:34:37.601Z,sell,9.4e-07,109.0,0.00010246
QSP/BTC,1566304477647,2019-08-20T12:34:37.647Z,sell,9.4e-07,5732.0,0.00538808
QSP/BTC,1566304477701,2019-08-20T12:34:37.701Z,sell,9.4e-07,109.0,0.00010246
QSP/BTC,1566304477804,2019-08-20T12:34:37.804Z,sell,9.4e-07,109.0,0.00010246
QSP/BTC,1566304477906,2019-08-20T12:34:37.906Z,sell,9.4e-07,109.0,0.00010246
QSP/BTC,1566304478014,2019-08-20T12:34:38.014Z,sell,9.4e-07,109.0,0.00010246
QSP/BTC,1566304478114,2019-08-20T12:34:38.114Z,sell,9.4e-07,109.0,0.00010246
QSP/BTC,1566304478218,2019-08-20T12:34:38.218Z,sell,9.4e-07,109.0,0.00010246
QSP/BTC,1566304478312,2019-08-20T12:34:38.312Z,sell,9.4e-07,109.0,0.00010246
QSP/BTC,1566304478426,2019-08-20T12:34:38.426Z,sell,9.4e-07,109.0,0.00010246
QSP/BTC,1566304478522,2019-08-20T12:34:38.522Z,sell,9.4e-07,109.0,0.00010246
QSP/BTC,1566304478626,2019-08-20T12:34:38.626Z,sell,9.4e-07,109.0,0.00010246
QSP/BTC,1566304478710,2019-08-20T12:34:38.710Z,sell,9.4e-07,109.0,0.00010246
QSP/BTC,1566304478804,2019-08-20T12:34:38.804Z,sell,9.4e-07,109.0,0.00010246
QSP/BTC,1566304478912,2019-08-20T12:34:38.912Z,sell,9.4e-07,109.0,0.00010246
QSP/BTC,1566304479009,2019-08-20T12:34:39.009Z,sell,9.4e-07,109.0,0.00010246
QSP/BTC,1566304479136,2019-08-20T12:34:39.136Z,sell,9.4e-07,109.0,0.00010246
QSP/BTC,1566304479227,2019-08-20T12:34:39.227Z,sell,9.4e-07,109.0,0.00010246
QSP/BTC,1566304479323,2019-08-20T12:34:39.323Z,sell,9.4e-07,109.0,0.00010246
QSP/BTC,1566304479450,2019-08-20T12:34:39.450Z,sell,9.4e-07,109.0,0.00010246
QSP/BTC,1566304479550,2019-08-20T12:34:39.550Z,sell,9.4e-07,109.0,0.00010246
QSP/BTC,1566304479663,2019-08-20T12:34:39.663Z,sell,9.4e-07,109.0,0.00010246
QSP/BTC,1566304479781,2019-08-20T12:34:39.781Z,sell,9.4e-07,109.0,0.00010246
QSP/BTC,1566304479944,2019-08-20T12:34:39.944Z,sell,9.4e-07,109.0,0.00010246
QSP/BTC,1566304480046,2019-08-20T12:34:40.046Z,sell,9.4e-07,109.0,0.00010246
QSP/BTC,1566304480153,2019-08-20T12:34:40.153Z,sell,9.4e-07,109.0,0.00010246
QSP/BTC,1566304480258,2019-08-20T12:34:40.258Z,sell,9.4e-07,109.0,0.00010246
QSP/BTC,1566304480365,2019-08-20T12:34:40.365Z,sell,9.4e-07,109.0,0.00010246
QSP/BTC,1566304480472,2019-08-20T12:34:40.472Z,sell,9.4e-07,109.0,0.00010246
QSP/BTC,1566304480576,2019-08-20T12:34:40.576Z,sell,9.4e-07,109.0,0.00010246
QSP/BTC,1566304480685,2019-08-20T12:34:40.685Z,sell,9.4e-07,109.0,0.00010246
QSP/BTC,1566304480794,2019-08-20T12:34:40.794Z,sell,9.4e-07,109.0,0.00010246
QSP/BTC,1566304480800,2019-08-20T12:34:40.800Z,sell,9.4e-07,2065.0,0.0019411
QSP/BTC,1566304480914,2019-08-20T12:34:40.914Z,sell,9.4e-07,109.0,0.00010246
QSP/BTC,1566304481017,2019-08-20T12:34:41.017Z,sell,9.4e-07,109.0,0.00010246
QSP/BTC,1566304481184,2019-08-20T12:34:41.184Z,sell,9.4e-07,109.0,0.00010246
QSP/BTC,1566304481286,2019-08-20T12:34:41.286Z,sell,9.4e-07,109.0,0.00010246
QSP/BTC,1566304481385,2019-08-20T12:34:41.385Z,sell,9.4e-07,109.0,0.00010246
QSP/BTC,1566304481497,2019-08-20T12:34:41.497Z,sell,9.4e-07,109.0,0.00010246
QSP/BTC,1566304481598,2019-08-20T12:34:41.598Z,sell,9.4e-07,109.0,0.00010246
QSP/BTC,1566304481699,2019-08-20T12:34:41.699Z,sell,9.4e-07,109.0,0.00010246
QSP/BTC,1566304481861,2019-08-20T12:34:41.861Z,sell,9.4e-07,109.0,0.00010246
QSP/BTC,1566304481973,2019-08-20T12:34:41.973Z,sell,9.4e-07,109.0,0.00010246
QSP/BTC,1566304482061,2019-08-20T12:34:42.061Z,sell,9.4e-07,109.0,0.00010246
QSP/BTC,1566304482174,2019-08-20T12:34:42.174Z,sell,9.4e-07,109.0,0.00010246
QSP/BTC,1566304482293,2019-08-20T12:34:42.293Z,sell,9.4e-07,109.0,0.00010246
QSP/BTC,1566304482392,2019-08-20T12:34:42.392Z,sell,9.4e-07,109.0,0.00010246
QSP/BTC,1566304482521,2019-08-20T12:34:42.521Z,sell,9.4e-07,109.0,0.00010246
QSP/BTC,1566304482627,2019-08-20T12:34:42.627Z,sell,9.4e-07,109.0,0.00010246
QSP/BTC,1566304482744,2019-08-20T12:34:42.744Z,sell,9.4e-07,109.0,0.00010246
QSP/BTC,1566304482845,2019-08-20T12:34:42.845Z,sell,9.4e-07,109.0,0.00010246
QSP/BTC,1566304483080,2019-08-20T12:34:43.080Z,sell,9.4e-07,109.0,0.00010246
QSP/BTC,1566304483168,2019-08-20T12:34:43.168Z,sell,9.4e-07,109.0,0.00010246
QSP/BTC,1566304483343,2019-08-20T12:34:43.343Z,sell,9.4e-07,109.0,0.00010246
QSP/BTC,1566304483465,2019-08-20T12:34:43.465Z,sell,9.4e-07,109.0,0.00010246
QSP/BTC,1566304484247,2019-08-20T12:34:44.247Z,sell,9.4e-07,412.0,0.00038728
QSP/BTC,1566304484247,2019-08-20T12:34:44.247Z,sell,9.4e-07,412.0,0.00038728
QSP/BTC,1566304718365,2019-08-20T12:38:38.365Z,buy,9.5e-07,34928.0,0.0331816
QSP/BTC,1566305079827,2019-08-20T12:44:39.827Z,sell,9.4e-07,3416.0,0.00321104
QSP/BTC,1566305171629,2019-08-20T12:46:11.629Z,sell,9.4e-07,2433.0,0.00228702
QSP/BTC,1566305321527,2019-08-20T12:48:41.527Z,sell,9.4e-07,145.0,0.0001363
QSP/BTC,1566305613723,2019-08-20T12:53:33.723Z,sell,9.4e-07,1241.0,0.00116654
QSP/BTC,1566305613874,2019-08-20T12:53:33.874Z,sell,9.4e-07,1241.0,0.00116654
QSP/BTC,1566306615193,2019-08-20T13:10:15.193Z,sell,9.4e-07,1112.0,0.00104528
QSP/BTC,1566306823723,2019-08-20T13:13:43.723Z,buy,9.5e-07,204.0,0.0001938
QSP/BTC,1566306876121,2019-08-20T13:14:36.121Z,sell,9.4e-07,137.0,0.00012878
QSP/BTC,1566306931139,2019-08-20T13:15:31.139Z,buy,9.5e-07,651.0,0.00061845
QSP/BTC,1566306940786,2019-08-20T13:15:40.786Z,sell,9.4e-07,417.0,0.00039198
QSP/BTC,1566306948641,2019-08-20T13:15:48.641Z,sell,9.4e-07,113.0,0.00010622
QSP/BTC,1566307178237,2019-08-20T13:19:38.237Z,buy,9.5e-07,8522.0,0.0080959
QSP/BTC,1566307204451,2019-08-20T13:20:04.451Z,buy,9.5e-07,12000.0,0.0114
QSP/BTC,1566307322642,2019-08-20T13:22:02.642Z,buy,9.5e-07,975.0,0.00092625
QSP/BTC,1566308060332,2019-08-20T13:34:20.332Z,buy,9.5e-07,1628.0,0.0015466
QSP/BTC,1566308060332,2019-08-20T13:34:20.332Z,buy,9.5e-07,1628.0,0.0015466
QSP/BTC,1566308474016,2019-08-20T13:41:14.016Z,buy,9.5e-07,269636.0,0.2561542
QSP/BTC,1566308512920,2019-08-20T13:41:52.920Z,sell,9.5e-07,9225.0,0.00876375
QSP/BTC,1566308573762,2019-08-20T13:42:53.762Z,sell,9.5e-07,9225.0,0.00876375
QSP/BTC,1566308638594,2019-08-20T13:43:58.594Z,sell,9.5e-07,9225.0,0.00876375
QSP/BTC,1566308687611,2019-08-20T13:44:47.611Z,sell,9.5e-07,9225.0,0.00876375
QSP/BTC,1566308738124,2019-08-20T13:45:38.124Z,sell,9.5e-07,8335.0,0.00791825
QSP/BTC,1566308921554,2019-08-20T13:48:41.554Z,sell,9.5e-07,131.0,0.00012445
QSP/BTC,1566308995488,2019-08-20T13:49:55.488Z,sell,9.5e-07,123.0,0.00011685
QSP/BTC,1566309157758,2019-08-20T13:52:37.758Z,sell,9.5e-07,3166.0,0.0030077
QSP/BTC,1566309362269,2019-08-20T13:56:02.269Z,buy,9.6e-07,105.0,0.0001008
QSP/BTC,1566309382705,2019-08-20T13:56:22.705Z,sell,9.5e-07,7499.0,0.00712405
QSP/BTC,1566309382807,2019-08-20T13:56:22.807Z,sell,9.5e-07,2585.0,0.00245575
QSP/BTC,1566309382878,2019-08-20T13:56:22.878Z,sell,9.5e-07,1520.0,0.001444
QSP/BTC,1566309383076,2019-08-20T13:56:23.076Z,sell,9.5e-07,2405.0,0.00228475
QSP/BTC,1566309383802,2019-08-20T13:56:23.802Z,sell,9.5e-07,5973.0,0.00567435
QSP/BTC,1566309384062,2019-08-20T13:56:24.062Z,sell,9.5e-07,1465.0,0.00139175
QSP/BTC,1566309384066,2019-08-20T13:56:24.066Z,sell,9.5e-07,1329.0,0.00126255
QSP/BTC,1566309385491,2019-08-20T13:56:25.491Z,sell,9.5e-07,1635.0,0.00155325
QSP/BTC,1566309386630,2019-08-20T13:56:26.630Z,sell,9.5e-07,934.0,0.0008873
QSP/BTC,1566309392190,2019-08-20T13:56:32.190Z,sell,9.5e-07,204.0,0.0001938
QSP/BTC,1566309401455,2019-08-20T13:56:41.455Z,sell,9.5e-07,5114.0,0.0048583
QSP/BTC,1566309455151,2019-08-20T13:57:35.151Z,sell,9.5e-07,11644.0,0.0110618
QSP/BTC,1566309821252,2019-08-20T14:03:41.252Z,buy,9.5e-07,131.0,0.00012445
QSP/BTC,1566310202611,2019-08-20T14:10:02.611Z,buy,9.5e-07,32404.0,0.0307838
QSP/BTC,1566310571257,2019-08-20T14:16:11.257Z,sell,9.5e-07,114.0,0.0001083
QSP/BTC,1566310641041,2019-08-20T14:17:21.041Z,sell,9.5e-07,36833.0,0.03499135
QSP/BTC,1566310641326,2019-08-20T14:17:21.326Z,buy,9.5e-07,1174.0,0.0011153
QSP/BTC,1566310641372,2019-08-20T14:17:21.372Z,buy,9.5e-07,218.0,0.0002071
QSP/BTC,1566310678407,2019-08-20T14:17:58.407Z,buy,9.6e-07,1176.0,0.0011289599999999
QSP/BTC,1566310679390,2019-08-20T14:17:59.390Z,buy,9.6e-07,1158.0,0.0011116799999999
QSP/BTC,1566310680232,2019-08-20T14:18:00.232Z,sell,9.5e-07,23132.0,0.0219754
QSP/BTC,1566310721613,2019-08-20T14:18:41.613Z,sell,9.5e-07,127.0,0.00012065
QSP/BTC,1566311152413,2019-08-20T14:25:52.413Z,sell,9.5e-07,2082.0,0.0019779
QSP/BTC,1566311162673,2019-08-20T14:26:02.673Z,sell,9.5e-07,1147.0,0.00108965
QSP/BTC,1566311162673,2019-08-20T14:26:02.673Z,sell,9.5e-07,1147.0,0.00108965
QSP/BTC,1566311792613,2019-08-20T14:36:32.613Z,buy,9.6e-07,120601.0,0.1157769599999999
QSP/BTC,1566312001941,2019-08-20T14:40:01.941Z,buy,9.6e-07,833.0,0.0007996799999999
QSP/BTC,1566312559307,2019-08-20T14:49:19.307Z,sell,9.5e-07,114.0,0.0001083
QSP/BTC,1566313058341,2019-08-20T14:57:38.341Z,buy,9.6e-07,20506.0,0.0196857599999999
QSP/BTC,1566313430716,2019-08-20T15:03:50.716Z,sell,9.5e-07,309149.0,0.29369155
QSP/BTC,1566313582416,2019-08-20T15:06:22.416Z,sell,9.4e-07,15479.0,0.01455026
QSP/BTC,1566313582614,2019-08-20T15:06:22.614Z,sell,9.4e-07,127.0,0.00011938
QSP/BTC,1566313585341,2019-08-20T15:06:25.341Z,sell,9.4e-07,116.0,0.00010904
QSP/BTC,1566313592383,2019-08-20T15:06:32.383Z,buy,9.5e-07,11561.0,0.01098295
QSP/BTC,1566313593186,2019-08-20T15:06:33.186Z,buy,9.5e-07,3000.0,0.00285
QSP/BTC,1566313593407,2019-08-20T15:06:33.407Z,buy,9.5e-07,14989.0,0.01423955
QSP/BTC,1566313593410,2019-08-20T15:06:33.410Z,buy,9.5e-07,3424.0,0.0032528
QSP/BTC,1566313604248,2019-08-20T15:06:44.248Z,buy,9.6e-07,14989.0,0.0143894399999999
QSP/BTC,1566313624550,2019-08-20T15:07:04.550Z,buy,9.6e-07,9000.0,0.0086399999999999
QSP/BTC,1566313624645,2019-08-20T15:07:04.645Z,buy,9.6e-07,14989.0,0.0143894399999999
QSP/BTC,1566313626032,2019-08-20T15:07:06.032Z,buy,9.6e-07,14989.0,0.0143894399999999
QSP/BTC,1566313904657,2019-08-20T15:11:44.657Z,buy,9.6e-07,14989.0,0.0143894399999999
QSP/BTC,1566314110675,2019-08-20T15:15:10.675Z,buy,9.6e-07,83653.0,0.08030688
QSP/BTC,1566314110680,2019-08-20T15:15:10.680Z,buy,9.6e-07,83867.0,0.08051232
QSP/BTC,1566314126474,2019-08-20T15:15:26.474Z,buy,9.6e-07,10386.0,0.00997056
QSP/BTC,1566314126479,2019-08-20T15:15:26.479Z,buy,9.6e-07,7464.0,0.0071654399999999
QSP/BTC,1566314128090,2019-08-20T15:15:28.090Z,buy,9.6e-07,112621.0,0.1081161599999999
QSP/BTC,1566314129959,2019-08-20T15:15:29.959Z,buy,9.6e-07,57078.0,0.05479488
QSP/BTC,1566314130813,2019-08-20T15:15:30.813Z,buy,9.6e-07,12422.0,0.0119251199999999
QSP/BTC,1566314130816,2019-08-20T15:15:30.816Z,buy,9.6e-07,7464.0,0.0071654399999999
QSP/BTC,1566314131534,2019-08-20T15:15:31.534Z,buy,9.6e-07,26037.0,0.0249955199999999
QSP/BTC,1566314143087,2019-08-20T15:15:43.087Z,buy,9.7e-07,379.0,0.00036763
QSP/BTC,1566314143144,2019-08-20T15:15:43.144Z,buy,9.7e-07,379.0,0.00036763
QSP/BTC,1566314143188,2019-08-20T15:15:43.188Z,sell,9.6e-07,379.0,0.00036384
QSP/BTC,1566314202351,2019-08-20T15:16:42.351Z,sell,9.6e-07,38278.0,0.0367468799999999
QSP/BTC,1566314205799,2019-08-20T15:16:45.799Z,sell,9.6e-07,37500.0,0.036
QSP/BTC,1566314213237,2019-08-20T15:16:53.237Z,sell,9.6e-07,108655.0,0.1043088
QSP/BTC,1566314248240,2019-08-20T15:17:28.240Z,sell,9.5e-07,82140.0,0.078033
QSP/BTC,1566314258289,2019-08-20T15:17:38.289Z,sell,9.4e-07,37302.0,0.03506388
QSP/BTC,1566314258316,2019-08-20T15:17:38.316Z,buy,9.4e-07,4252.0,0.00399688
QSP/BTC,1566314258465,2019-08-20T15:17:38.465Z,buy,9.4e-07,247.0,0.00023218
QSP/BTC,1566314258545,2019-08-20T15:17:38.545Z,buy,9.4e-07,15437.0,0.01451078
QSP/BTC,1566314258715,2019-08-20T15:17:38.715Z,sell,9.4e-07,119.0,0.00011186
QSP/BTC,1566314260791,2019-08-20T15:17:40.791Z,sell,9.4e-07,108.0,0.00010152
QSP/BTC,1566314262864,2019-08-20T15:17:42.864Z,sell,9.4e-07,379.0,0.00035626
QSP/BTC,1566314268736,2019-08-20T15:17:48.736Z,buy,9.5e-07,3717.0,0.00353115
QSP/BTC,1566314291664,2019-08-20T15:18:11.664Z,buy,9.5e-07,54358.0,0.0516401
QSP/BTC,1566314309225,2019-08-20T15:18:29.225Z,buy,9.6e-07,5169.0,0.00496224
QSP/BTC,1566314407225,2019-08-20T15:20:07.225Z,sell,9.5e-07,38108.0,0.0362026
QSP/BTC,1566314434596,2019-08-20T15:20:34.596Z,buy,9.5e-07,33186.0,0.0315267
QSP/BTC,1566314534434,2019-08-20T15:22:14.434Z,sell,9.4e-07,11463.0,0.01077522
QSP/BTC,1566314581971,2019-08-20T15:23:01.971Z,buy,9.5e-07,33186.0,0.0315267
QSP/BTC,1566314737677,2019-08-20T15:25:37.677Z,sell,9.4e-07,6844.0,0.00643336
QSP/BTC,1566314742255,2019-08-20T15:25:42.255Z,sell,9.4e-07,108.0,0.00010152
QSP/BTC,1566314742255,2019-08-20T15:25:42.255Z,sell,9.4e-07,108.0,0.00010152
QSP/BTC,1566314983192,2019-08-20T15:29:43.192Z,sell,9.4e-07,134935.0,0.1268389
QSP/BTC,1566315221253,2019-08-20T15:33:41.253Z,buy,9.5e-07,114.0,0.0001083
QSP/BTC,1566315679305,2019-08-20T15:41:19.305Z,sell,9.4e-07,63114.0,0.05932716
QSP/BTC,1566316232374,2019-08-20T15:50:32.374Z,buy,9.5e-07,194.0,0.0001843
QSP/BTC,1566316234588,2019-08-20T15:50:34.588Z,buy,9.5e-07,193.0,0.00018335
QSP/BTC,1566316234771,2019-08-20T15:50:34.771Z,buy,9.5e-07,2106.0,0.0020007
QSP/BTC,1566316670726,2019-08-20T15:57:50.726Z,buy,9.5e-07,894.0,0.0008493
QSP/BTC,1566316803987,2019-08-20T16:00:03.987Z,buy,9.5e-07,11726.0,0.0111397
QSP/BTC,1566316804591,2019-08-20T16:00:04.591Z,buy,9.5e-07,28058.0,0.0266551
QSP/BTC,1566316804662,2019-08-20T16:00:04.662Z,buy,9.5e-07,10000.0,0.0095
QSP/BTC,1566316804680,2019-08-20T16:00:04.680Z,buy,9.5e-07,7505.0,0.00712975
QSP/BTC,1566316804964,2019-08-20T16:00:04.964Z,buy,9.5e-07,8457.0,0.00803415
QSP/BTC,1566316805443,2019-08-20T16:00:05.443Z,buy,9.5e-07,1563.0,0.00148485
QSP/BTC,1566316805516,2019-08-20T16:00:05.516Z,buy,9.5e-07,3000.0,0.00285
QSP/BTC,1566316806188,2019-08-20T16:00:06.188Z,buy,9.5e-07,1565.0,0.00148675
QSP/BTC,1566316806191,2019-08-20T16:00:06.191Z,buy,9.5e-07,1634.0,0.0015523
QSP/BTC,1566316806230,2019-08-20T16:00:06.230Z,buy,9.5e-07,1565.0,0.00148675
QSP/BTC,1566316806236,2019-08-20T16:00:06.236Z,buy,9.5e-07,1538.0,0.0014611
QSP/BTC,1566316806242,2019-08-20T16:00:06.242Z,buy,9.5e-07,12337.0,0.01172015
QSP/BTC,1566316807384,2019-08-20T16:00:07.384Z,buy,9.5e-07,298.0,0.0002831
QSP/BTC,1566316807425,2019-08-20T16:00:07.425Z,buy,9.5e-07,3000.0,0.00285
QSP/BTC,1566316809175,2019-08-20T16:00:09.175Z,buy,9.5e-07,180386.0,0.1713667
QSP/BTC,1566316809337,2019-08-20T16:00:09.337Z,sell,9.5e-07,10289.0,0.00977455
QSP/BTC,1566316816104,2019-08-20T16:00:16.104Z,buy,9.5e-07,3299.0,0.00313405
QSP/BTC,1566316819082,2019-08-20T16:00:19.082Z,buy,9.5e-07,11726.0,0.0111397
QSP/BTC,1566316819415,2019-08-20T16:00:19.415Z,buy,9.5e-07,375.0,0.00035625
QSP/BTC,1566316819428,2019-08-20T16:00:19.428Z,buy,9.5e-07,10000.0,0.0095
QSP/BTC,1566316819568,2019-08-20T16:00:19.568Z,buy,9.5e-07,30556.0,0.0290282
QSP/BTC,1566316819728,2019-08-20T16:00:19.728Z,buy,9.5e-07,6686.0,0.0063517
QSP/BTC,1566316820663,2019-08-20T16:00:20.663Z,buy,9.5e-07,6726.0,0.0063897
QSP/BTC,1566316821180,2019-08-20T16:00:21.180Z,buy,9.5e-07,6139.0,0.00583205
QSP/BTC,1566316821214,2019-08-20T16:00:21.214Z,buy,9.5e-07,6082.0,0.0057779
QSP/BTC,1566316821353,2019-08-20T16:00:21.353Z,buy,9.5e-07,8771.0,0.00833245
QSP/BTC,1566316821368,2019-08-20T16:00:21.368Z,buy,9.5e-07,3648.0,0.0034656
QSP/BTC,1566316821737,2019-08-20T16:00:21.737Z,buy,9.5e-07,3336.0,0.0031692
QSP/BTC,1566316821844,2019-08-20T16:00:21.844Z,buy,9.6e-07,4558.0,0.00437568
QSP/BTC,1566316826906,2019-08-20T16:00:26.906Z,buy,9.6e-07,2019.0,0.00193824
QSP/BTC,1566316827561,2019-08-20T16:00:27.561Z,buy,9.6e-07,894.0,0.0008582399999999
QSP/BTC,1566316829789,2019-08-20T16:00:29.789Z,sell,9.5e-07,3735.0,0.00354825
QSP/BTC,1566316842381,2019-08-20T16:00:42.381Z,buy,9.6e-07,4593.0,0.00440928
QSP/BTC,1566316850582,2019-08-20T16:00:50.582Z,buy,9.6e-07,3298.0,0.0031660799999999
QSP/BTC,1566316850593,2019-08-20T16:00:50.593Z,buy,9.6e-07,12700.0,0.012192
QSP/BTC,1566316850798,2019-08-20T16:00:50.798Z,buy,9.6e-07,9535.0,0.0091536
QSP/BTC,1566316851147,2019-08-20T16:00:51.147Z,buy,9.6e-07,12700.0,0.012192
QSP/BTC,1566316851300,2019-08-20T16:00:51.300Z,buy,9.6e-07,6790.0,0.0065184
QSP/BTC,1566316851325,2019-08-20T16:00:51.325Z,buy,9.6e-07,2223.0,0.00213408
QSP/BTC,1566316851870,2019-08-20T16:00:51.870Z,buy,9.6e-07,2107.0,0.00202272
QSP/BTC,1566316851910,2019-08-20T16:00:51.910Z,buy,9.6e-07,27104.0,0.02601984
QSP/BTC,1566316851923,2019-08-20T16:00:51.923Z,buy,9.6e-07,16176.0,0.0155289599999999
QSP/BTC,1566316855231,2019-08-20T16:00:55.231Z,sell,9.5e-07,744.0,0.0007068
QSP/BTC,1566316855520,2019-08-20T16:00:55.520Z,buy,9.6e-07,7288.0,0.0069964799999999
QSP/BTC,1566316867587,2019-08-20T16:01:07.587Z,buy,9.6e-07,20733.0,0.0199036799999999
QSP/BTC,1566316868090,2019-08-20T16:01:08.090Z,buy,9.6e-07,2906.0,0.0027897599999999
QSP/BTC,1566316871650,2019-08-20T16:01:11.650Z,buy,9.6e-07,3826.0,0.00367296
QSP/BTC,1566316874505,2019-08-20T16:01:14.505Z,buy,9.6e-07,8330.0,0.0079968
QSP/BTC,1566316877521,2019-08-20T16:01:17.521Z,buy,9.6e-07,6036.0,0.00579456
QSP/BTC,1566316890435,2019-08-20T16:01:30.435Z,sell,9.5e-07,421.0,0.00039995
QSP/BTC,1566316895407,2019-08-20T16:01:35.407Z,buy,9.6e-07,16558.0,0.01589568
QSP/BTC,1566316895688,2019-08-20T16:01:35.688Z,buy,9.6e-07,146.0,0.0001401599999999
QSP/BTC,1566316897682,2019-08-20T16:01:37.682Z,buy,9.6e-07,8807.0,0.0084547199999999
QSP/BTC,1566316897780,2019-08-20T16:01:37.780Z,buy,9.6e-07,45063.0,0.04326048
QSP/BTC,1566316898359,2019-08-20T16:01:38.359Z,buy,9.6e-07,8394.0,0.00805824
QSP/BTC,1566316899247,2019-08-20T16:01:39.247Z,buy,9.6e-07,3595.0,0.0034511999999999
QSP/BTC,1566316901984,2019-08-20T16:01:41.984Z,buy,9.6e-07,2970.0,0.0028512
QSP/BTC,1566316902547,2019-08-20T16:01:42.547Z,buy,9.6e-07,4950.0,0.0047519999999999
QSP/BTC,1566316903602,2019-08-20T16:01:43.602Z,buy,9.6e-07,2116.0,0.00203136
QSP/BTC,1566316903602,2019-08-20T16:01:43.602Z,buy,9.7e-07,5972.0,0.00579284
QSP/BTC,1566316904957,2019-08-20T16:01:44.957Z,buy,9.7e-07,5542.0,0.00537574
QSP/BTC,1566316906088,2019-08-20T16:01:46.088Z,buy,9.7e-07,4950.0,0.0048015
QSP/BTC,1566316909524,2019-08-20T16:01:49.524Z,buy,9.7e-07,244.0,0.00023668
QSP/BTC,1566316914232,2019-08-20T16:01:54.232Z,buy,9.7e-07,661.0,0.00064117
QSP/BTC,1566316942145,2019-08-20T16:02:22.145Z,sell,9.6e-07,4950.0,0.0047519999999999
QSP/BTC,1566317021544,2019-08-20T16:03:41.544Z,sell,9.6e-07,305.0,0.0002927999999999
QSP/BTC,1566317056324,2019-08-20T16:04:16.324Z,sell,9.6e-07,231.0,0.00022176
QSP/BTC,1566317898384,2019-08-20T16:18:18.384Z,sell,9.6e-07,202.0,0.00019392
QSP/BTC,1566317964695,2019-08-20T16:19:24.695Z,sell,9.6e-07,8620.0,0.0082752
QSP/BTC,1566317964695,2019-08-20T16:19:24.695Z,sell,9.6e-07,8620.0,0.0082752
QSP/BTC,1566318549102,2019-08-20T16:29:09.102Z,sell,9.5e-07,1573.0,0.00149435
QSP/BTC,1566318753363,2019-08-20T16:32:33.363Z,buy,9.6e-07,3171.0,0.0030441599999999
QSP/BTC,1566319022841,2019-08-20T16:37:02.841Z,sell,9.5e-07,9085.0,0.00863075
QSP/BTC,1566319094173,2019-08-20T16:38:14.173Z,sell,9.5e-07,128.0,0.0001216
QSP/BTC,1566319111442,2019-08-20T16:38:31.442Z,sell,9.5e-07,125.0,0.00011875
QSP/BTC,1566319721315,2019-08-20T16:48:41.315Z,buy,9.6e-07,108.0,0.00010368
QSP/BTC,1566319865614,2019-08-20T16:51:05.614Z,sell,9.5e-07,137.0,0.00013015
QSP/BTC,1566321431571,2019-08-20T17:17:11.571Z,sell,9.5e-07,4195.0,0.00398525
QSP/BTC,1566321431571,2019-08-20T17:17:11.571Z,sell,9.5e-07,4195.0,0.00398525
QSP/BTC,1566321776747,2019-08-20T17:22:56.747Z,sell,9.5e-07,1489.0,0.00141455
QSP/BTC,1566322034271,2019-08-20T17:27:14.271Z,sell,9.5e-07,1000.0,0.00095
QSP/BTC,1566322044013,2019-08-20T17:27:24.013Z,sell,9.5e-07,766.0,0.0007277
QSP/BTC,1566322624498,2019-08-20T17:37:04.498Z,sell,9.5e-07,3666.0,0.0034827
QSP/BTC,1566322634531,2019-08-20T17:37:14.531Z,sell,9.5e-07,647.0,0.00061465
QSP/BTC,1566323229497,2019-08-20T17:47:09.497Z,sell,9.5e-07,194.0,0.0001843
QSP/BTC,1566323449574,2019-08-20T17:50:49.574Z,sell,9.5e-07,19793.0,0.01880335
QSP/BTC,1566323557582,2019-08-20T17:52:37.582Z,sell,9.5e-07,3986.0,0.0037867
QSP/BTC,1566324017646,2019-08-20T18:00:17.646Z,sell,9.5e-07,131.0,0.00012445
QSP/BTC,1566324220976,2019-08-20T18:03:40.976Z,buy,9.6e-07,2227.0,0.0021379199999999
QSP/BTC,1566324945864,2019-08-20T18:15:45.864Z,buy,9.6e-07,2500.0,0.0024
QSP/BTC,1566324945864,2019-08-20T18:15:45.864Z,buy,9.6e-07,2500.0,0.0024
QSP/BTC,1566325636541,2019-08-20T18:27:16.541Z,sell,9.5e-07,186.0,0.0001767
QSP/BTC,1566325668249,2019-08-20T18:27:48.249Z,sell,9.5e-07,73564.0,0.0698858
QSP/BTC,1566326021259,2019-08-20T18:33:41.259Z,buy,9.5e-07,123.0,0.00011685
QSP/BTC,1566326520898,2019-08-20T18:42:00.898Z,sell,9.4e-07,188.0,0.00017672
QSP/BTC,1566326577632,2019-08-20T18:42:57.632Z,sell,9.4e-07,320.0,0.0003008
QSP/BTC,1566326577632,2019-08-20T18:42:57.632Z,sell,9.4e-07,320.0,0.0003008
QSP/BTC,1566328575811,2019-08-20T19:16:15.811Z,sell,9.4e-07,337.0,0.00031678
QSP/BTC,1566328700026,2019-08-20T19:18:20.026Z,buy,9.5e-07,139.0,0.00013205
QSP/BTC,1566329655423,2019-08-20T19:34:15.423Z,sell,9.4e-07,999.0,0.00093906
QSP/BTC,1566330162437,2019-08-20T19:42:42.437Z,buy,9.5e-07,273.0,0.00025935
QSP/BTC,1566330163479,2019-08-20T19:42:43.479Z,sell,9.4e-07,2322.0,0.00218268
QSP/BTC,1566330169583,2019-08-20T19:42:49.583Z,sell,9.4e-07,108.0,0.00010152
QSP/BTC,1566330176095,2019-08-20T19:42:56.095Z,buy,9.5e-07,273.0,0.00025935
QSP/BTC,1566330176095,2019-08-20T19:42:56.095Z,buy,9.5e-07,273.0,0.00025935
QSP/BTC,1566330190000,2019-08-20T19:43:10.000Z,buy,9.5e-07,270.0,0.0002565
QSP/BTC,1566330203027,2019-08-20T19:43:23.027Z,buy,9.5e-07,270.0,0.0002565
QSP/BTC,1566330216028,2019-08-20T19:43:36.028Z,buy,9.5e-07,270.0,0.0002565
