symbol,timestamp,datetime,side,price,amount,btc_volume
RCN/BTC,1609261707635,2020-12-29T17:08:27.635Z,sell,1.35e-06,6018.0,0.0081243
RCN/BTC,1609261808680,2020-12-29T17:10:08.680Z,sell,1.35e-06,110.0,0.0001485
RCN/BTC,1609261843046,2020-12-29T17:10:43.046Z,buy,1.36e-06,410.0,0.0005576
RCN/BTC,1609261937216,2020-12-29T17:12:17.216Z,buy,1.36e-06,99.0,0.00013464
RCN/BTC,1609262075180,2020-12-29T17:14:35.180Z,buy,1.36e-06,7502.0,0.0102027199999999
RCN/BTC,1609262075607,2020-12-29T17:14:35.607Z,sell,1.36e-06,6230.0,0.0084727999999999
RCN/BTC,1609262075617,2020-12-29T17:14:35.617Z,sell,1.36e-06,2338.0,0.00317968
RCN/BTC,1609262075634,2020-12-29T17:14:35.634Z,sell,1.36e-06,2338.0,0.00317968
RCN/BTC,1609262075641,2020-12-29T17:14:35.641Z,sell,1.36e-06,2338.0,0.00317968
RCN/BTC,1609262075657,2020-12-29T17:14:35.657Z,sell,1.36e-06,7050.0,0.009588
RCN/BTC,1609262170317,2020-12-29T17:16:10.317Z,sell,1.35e-06,2245.0,0.00303075
RCN/BTC,1609262267168,2020-12-29T17:17:47.168Z,sell,1.35e-06,1653.0,0.00223155
RCN/BTC,1609262407420,2020-12-29T17:20:07.420Z,buy,1.36e-06,240.0,0.0003263999999999
RCN/BTC,1609262450683,2020-12-29T17:20:50.683Z,buy,1.36e-06,513.0,0.0006976799999999
RCN/BTC,1609262970032,2020-12-29T17:29:30.032Z,sell,1.35e-06,199.0,0.00026865
RCN/BTC,1609262982170,2020-12-29T17:29:42.170Z,buy,1.36e-06,205.0,0.0002788
RCN/BTC,1609263043458,2020-12-29T17:30:43.458Z,buy,1.36e-06,1466.0,0.00199376
RCN/BTC,1609263446680,2020-12-29T17:37:26.680Z,sell,1.35e-06,3422.0,0.0046197
RCN/BTC,1609264064212,2020-12-29T17:47:44.212Z,buy,1.36e-06,340.0,0.0004623999999999
RCN/BTC,1609264174705,2020-12-29T17:49:34.705Z,buy,1.36e-06,15938.0,0.02167568
RCN/BTC,1609264183193,2020-12-29T17:49:43.193Z,buy,1.37e-06,340.0,0.0004658
RCN/BTC,1609264243644,2020-12-29T17:50:43.644Z,sell,1.36e-06,7585.0,0.0103156
RCN/BTC,1609264301945,2020-12-29T17:51:41.945Z,buy,1.36e-06,236.0,0.0003209599999999
RCN/BTC,1609264332931,2020-12-29T17:52:12.931Z,sell,1.35e-06,58815.0,0.07940025
RCN/BTC,1609264332931,2020-12-29T17:52:12.931Z,sell,1.34e-06,27717.0,0.03714078
RCN/BTC,1609264340615,2020-12-29T17:52:20.615Z,sell,1.35e-06,75.0,0.00010125
RCN/BTC,1609264374556,2020-12-29T17:52:54.556Z,sell,1.35e-06,84.0,0.0001134
RCN/BTC,1609264543710,2020-12-29T17:55:43.710Z,buy,1.36e-06,96.0,0.00013056
RCN/BTC,1609264567974,2020-12-29T17:56:07.974Z,buy,1.36e-06,137.0,0.00018632
RCN/BTC,1609264622708,2020-12-29T17:57:02.708Z,buy,1.36e-06,42907.0,0.05835352
RCN/BTC,1609264708978,2020-12-29T17:58:28.978Z,sell,1.35e-06,3676.0,0.0049626
RCN/BTC,1609264723264,2020-12-29T17:58:43.264Z,sell,1.35e-06,150.0,0.0002025
RCN/BTC,1609264723264,2020-12-29T17:58:43.264Z,sell,1.35e-06,150.0,0.0002025
RCN/BTC,1609264948468,2020-12-29T18:02:28.468Z,buy,1.37e-06,487.0,0.00066719
RCN/BTC,1609264960897,2020-12-29T18:02:40.897Z,sell,1.35e-06,2889.0,0.00390015
RCN/BTC,1609264982085,2020-12-29T18:03:02.085Z,buy,1.37e-06,482.0,0.00066034
RCN/BTC,1609265265185,2020-12-29T18:07:45.185Z,sell,1.35e-06,193.0,0.00026055
RCN/BTC,1609265542889,2020-12-29T18:12:22.889Z,sell,1.35e-06,2908.0,0.0039258
RCN/BTC,1609265586534,2020-12-29T18:13:06.534Z,buy,1.37e-06,136.0,0.00018632
RCN/BTC,1609265586993,2020-12-29T18:13:06.993Z,buy,1.37e-06,172.0,0.00023564
RCN/BTC,1609265813710,2020-12-29T18:16:53.710Z,sell,1.35e-06,139.0,0.00018765
RCN/BTC,1609265898806,2020-12-29T18:18:18.806Z,buy,1.37e-06,148.0,0.00020276
RCN/BTC,1609266185808,2020-12-29T18:23:05.808Z,buy,1.37e-06,2808.0,0.00384696
RCN/BTC,1609266355339,2020-12-29T18:25:55.339Z,sell,1.36e-06,5119.0,0.0069618399999999
RCN/BTC,1609266370660,2020-12-29T18:26:10.660Z,buy,1.36e-06,74.0,0.00010064
RCN/BTC,1609266495410,2020-12-29T18:28:15.410Z,buy,1.36e-06,138.0,0.00018768
RCN/BTC,1609266503057,2020-12-29T18:28:23.057Z,sell,1.35e-06,271.0,0.00036585
RCN/BTC,1609266585061,2020-12-29T18:29:45.061Z,sell,1.35e-06,272.0,0.0003672
RCN/BTC,1609267182848,2020-12-29T18:39:42.848Z,buy,1.36e-06,112.0,0.0001523199999999
RCN/BTC,1609267183981,2020-12-29T18:39:43.981Z,buy,1.36e-06,1561.0,0.0021229599999999
RCN/BTC,1609267209321,2020-12-29T18:40:09.321Z,buy,1.36e-06,13935.0,0.0189516
RCN/BTC,1609267359410,2020-12-29T18:42:39.410Z,buy,1.36e-06,610.0,0.0008295999999999
RCN/BTC,1609267387252,2020-12-29T18:43:07.252Z,buy,1.36e-06,13924.0,0.0189366399999999
RCN/BTC,1609267387252,2020-12-29T18:43:07.252Z,buy,1.37e-06,485.0,0.00066445
RCN/BTC,1609267568013,2020-12-29T18:46:08.013Z,buy,1.36e-06,713.0,0.0009696799999999
RCN/BTC,1609267602178,2020-12-29T18:46:42.178Z,sell,1.35e-06,235.0,0.00031725
RCN/BTC,1609267625673,2020-12-29T18:47:05.673Z,buy,1.36e-06,100.0,0.000136
RCN/BTC,1609267695443,2020-12-29T18:48:15.443Z,buy,1.36e-06,881.0,0.00119816
RCN/BTC,1609267748737,2020-12-29T18:49:08.737Z,sell,1.35e-06,1930.0,0.0026055
RCN/BTC,1609267841325,2020-12-29T18:50:41.325Z,buy,1.36e-06,170.0,0.0002311999999999
RCN/BTC,1609267867239,2020-12-29T18:51:07.239Z,buy,1.36e-06,679.0,0.00092344
RCN/BTC,1609267888585,2020-12-29T18:51:28.585Z,buy,1.36e-06,6766.0,0.00920176
RCN/BTC,1609267903291,2020-12-29T18:51:43.291Z,buy,1.36e-06,170.0,0.0002311999999999
RCN/BTC,1609267966583,2020-12-29T18:52:46.583Z,buy,1.36e-06,958.0,0.00130288
RCN/BTC,1609267996504,2020-12-29T18:53:16.504Z,sell,1.35e-06,422.0,0.0005697
RCN/BTC,1609268081429,2020-12-29T18:54:41.429Z,buy,1.36e-06,224.0,0.0003046399999999
RCN/BTC,1609268125462,2020-12-29T18:55:25.462Z,buy,1.36e-06,277.0,0.00037672
RCN/BTC,1609268156529,2020-12-29T18:55:56.529Z,buy,1.36e-06,417.0,0.00056712
RCN/BTC,1609268166912,2020-12-29T18:56:06.912Z,buy,1.36e-06,1018.0,0.00138448
RCN/BTC,1609268166912,2020-12-29T18:56:06.912Z,buy,1.36e-06,1018.0,0.00138448
RCN/BTC,1609268365215,2020-12-29T18:59:25.215Z,buy,1.36e-06,494.0,0.0006718399999999
RCN/BTC,1609268408410,2020-12-29T19:00:08.410Z,buy,1.36e-06,3441.0,0.00467976
RCN/BTC,1609268561745,2020-12-29T19:02:41.745Z,buy,1.36e-06,170.0,0.0002311999999999
RCN/BTC,1609268636243,2020-12-29T19:03:56.243Z,sell,1.35e-06,142.0,0.0001917
RCN/BTC,1609268684427,2020-12-29T19:04:44.427Z,sell,1.35e-06,7000.0,0.00945
RCN/BTC,1609268750915,2020-12-29T19:05:50.915Z,buy,1.36e-06,222.0,0.0003019199999999
RCN/BTC,1609268802536,2020-12-29T19:06:42.536Z,buy,1.36e-06,238.0,0.0003236799999999
RCN/BTC,1609268826840,2020-12-29T19:07:06.840Z,buy,1.36e-06,1360.0,0.0018495999999999
RCN/BTC,1609269187459,2020-12-29T19:13:07.459Z,buy,1.36e-06,591.0,0.0008037599999999
RCN/BTC,1609269302004,2020-12-29T19:15:02.004Z,sell,1.35e-06,1353.0,0.00182655
RCN/BTC,1609269322367,2020-12-29T19:15:22.367Z,buy,1.36e-06,500.0,0.0006799999999999
RCN/BTC,1609269336964,2020-12-29T19:15:36.964Z,buy,1.36e-06,17472.0,0.02376192
RCN/BTC,1609269398360,2020-12-29T19:16:38.360Z,buy,1.36e-06,4863.0,0.0066136799999999
RCN/BTC,1609269401006,2020-12-29T19:16:41.006Z,buy,1.36e-06,2273.0,0.0030912799999999
RCN/BTC,1609269410378,2020-12-29T19:16:50.378Z,buy,1.37e-06,846.0,0.00115902
RCN/BTC,1609269590176,2020-12-29T19:19:50.176Z,buy,1.37e-06,131.0,0.00017947
RCN/BTC,1609269819288,2020-12-29T19:23:39.288Z,buy,1.37e-06,2999.0,0.00410863
RCN/BTC,1609270435844,2020-12-29T19:33:55.844Z,buy,1.37e-06,163.0,0.00022331
RCN/BTC,1609270741660,2020-12-29T19:39:01.660Z,buy,1.37e-06,224.0,0.00030688
RCN/BTC,1609270781207,2020-12-29T19:39:41.207Z,buy,1.37e-06,584.0,0.00080008
RCN/BTC,1609271286891,2020-12-29T19:48:06.891Z,buy,1.37e-06,437.0,0.00059869
RCN/BTC,1609271321705,2020-12-29T19:48:41.705Z,buy,1.37e-06,168.0,0.00023016
RCN/BTC,1609271358018,2020-12-29T19:49:18.018Z,buy,1.37e-06,111.0,0.00015207
RCN/BTC,1609271358018,2020-12-29T19:49:18.018Z,buy,1.37e-06,111.0,0.00015207
RCN/BTC,1609271852815,2020-12-29T19:57:32.815Z,sell,1.36e-06,3370.0,0.0045832
RCN/BTC,1609272012190,2020-12-29T20:00:12.190Z,sell,1.36e-06,253.0,0.0003440799999999
RCN/BTC,1609272043762,2020-12-29T20:00:43.762Z,sell,1.36e-06,7526.0,0.0102353599999999
RCN/BTC,1609272148540,2020-12-29T20:02:28.540Z,sell,1.36e-06,700.0,0.0009519999999999
RCN/BTC,1609272236131,2020-12-29T20:03:56.131Z,sell,1.36e-06,12362.0,0.01681232
RCN/BTC,1609272404072,2020-12-29T20:06:44.072Z,buy,1.37e-06,369.0,0.00050553
RCN/BTC,1609272581580,2020-12-29T20:09:41.580Z,sell,1.36e-06,159.0,0.0002162399999999
RCN/BTC,1609273641243,2020-12-29T20:27:21.243Z,sell,1.36e-06,2626.0,0.0035713599999999
RCN/BTC,1609274185775,2020-12-29T20:36:25.775Z,sell,1.36e-06,3938.0,0.00535568
RCN/BTC,1609274279511,2020-12-29T20:37:59.511Z,buy,1.37e-06,1491.0,0.00204267
RCN/BTC,1609274483699,2020-12-29T20:41:23.699Z,sell,1.36e-06,183.0,0.00024888
RCN/BTC,1609274507728,2020-12-29T20:41:47.728Z,sell,1.36e-06,240.0,0.0003263999999999
RCN/BTC,1609274597305,2020-12-29T20:43:17.305Z,buy,1.37e-06,3263.0,0.00447031
RCN/BTC,1609274628818,2020-12-29T20:43:48.818Z,sell,1.36e-06,4673.0,0.00635528
RCN/BTC,1609274633977,2020-12-29T20:43:53.977Z,sell,1.36e-06,1571.0,0.00213656
RCN/BTC,1609274633994,2020-12-29T20:43:53.994Z,sell,1.36e-06,166.0,0.0002257599999999
RCN/BTC,1609274669559,2020-12-29T20:44:29.559Z,sell,1.36e-06,176.0,0.0002393599999999
RCN/BTC,1609274669559,2020-12-29T20:44:29.559Z,sell,1.36e-06,176.0,0.0002393599999999
RCN/BTC,1609275078884,2020-12-29T20:51:18.884Z,buy,1.37e-06,2711.0,0.00371407
RCN/BTC,1609275261353,2020-12-29T20:54:21.353Z,sell,1.36e-06,81.0,0.0001101599999999
RCN/BTC,1609275357223,2020-12-29T20:55:57.223Z,buy,1.37e-06,147.0,0.00020139
RCN/BTC,1609275525687,2020-12-29T20:58:45.687Z,buy,1.37e-06,2325.0,0.00318525
RCN/BTC,1609275643680,2020-12-29T21:00:43.680Z,buy,1.37e-06,1622.0,0.00222214
RCN/BTC,1609275662357,2020-12-29T21:01:02.357Z,sell,1.36e-06,209.0,0.00028424
RCN/BTC,1609275891807,2020-12-29T21:04:51.807Z,sell,1.36e-06,217.0,0.0002951199999999
RCN/BTC,1609276026274,2020-12-29T21:07:06.274Z,buy,1.37e-06,701.0,0.00096037
RCN/BTC,1609276101775,2020-12-29T21:08:21.775Z,buy,1.37e-06,107.0,0.00014659
RCN/BTC,1609276483951,2020-12-29T21:14:43.951Z,sell,1.36e-06,10603.0,0.0144200799999999
RCN/BTC,1609276513889,2020-12-29T21:15:13.889Z,buy,1.36e-06,29718.0,0.04041648
RCN/BTC,1609276556698,2020-12-29T21:15:56.698Z,buy,1.36e-06,86664.0,0.1178630399999999
RCN/BTC,1609276617985,2020-12-29T21:16:57.985Z,sell,1.35e-06,105.0,0.00014175
RCN/BTC,1609276921484,2020-12-29T21:22:01.484Z,buy,1.37e-06,114.0,0.00015618
RCN/BTC,1609277012488,2020-12-29T21:23:32.488Z,sell,1.35e-06,15812.0,0.0213462
RCN/BTC,1609277270438,2020-12-29T21:27:50.438Z,buy,1.36e-06,139.0,0.00018904
RCN/BTC,1609277276170,2020-12-29T21:27:56.170Z,buy,1.36e-06,9967.0,0.0135551199999999
RCN/BTC,1609277701243,2020-12-29T21:35:01.243Z,sell,1.35e-06,87.0,0.00011745
RCN/BTC,1609278184281,2020-12-29T21:43:04.281Z,sell,1.35e-06,1338.0,0.0018063
RCN/BTC,1609278184281,2020-12-29T21:43:04.281Z,sell,1.35e-06,1338.0,0.0018063
RCN/BTC,1609279121543,2020-12-29T21:58:41.543Z,sell,1.35e-06,2573.0,0.00347355
RCN/BTC,1609279751903,2020-12-29T22:09:11.903Z,sell,1.35e-06,226.0,0.0003051
RCN/BTC,1609280112735,2020-12-29T22:15:12.735Z,buy,1.37e-06,2649.0,0.00362913
RCN/BTC,1609280169148,2020-12-29T22:16:09.148Z,sell,1.36e-06,155.0,0.0002107999999999
RCN/BTC,1609280270738,2020-12-29T22:17:50.738Z,sell,1.36e-06,2197.0,0.00298792
RCN/BTC,1609280444971,2020-12-29T22:20:44.971Z,buy,1.37e-06,824.0,0.00112888
RCN/BTC,1609280456296,2020-12-29T22:20:56.296Z,sell,1.36e-06,1231.0,0.0016741599999999
RCN/BTC,1609280981147,2020-12-29T22:29:41.147Z,sell,1.36e-06,765.0,0.0010404
RCN/BTC,1609281340226,2020-12-29T22:35:40.226Z,sell,1.36e-06,83.0,0.0001128799999999
RCN/BTC,1609281358608,2020-12-29T22:35:58.608Z,buy,1.37e-06,173.0,0.00023701
RCN/BTC,1609281762179,2020-12-29T22:42:42.179Z,buy,1.37e-06,161.0,0.00022057
RCN/BTC,1609281769238,2020-12-29T22:42:49.238Z,buy,1.37e-06,15000.0,0.02055
RCN/BTC,1609281769238,2020-12-29T22:42:49.238Z,buy,1.37e-06,15000.0,0.02055
RCN/BTC,1609281839096,2020-12-29T22:43:59.096Z,sell,1.36e-06,632.0,0.0008595199999999
RCN/BTC,1609281865467,2020-12-29T22:44:25.467Z,buy,1.37e-06,7895.0,0.01081615
RCN/BTC,1609282012825,2020-12-29T22:46:52.825Z,buy,1.37e-06,174.0,0.00023838
RCN/BTC,1609282039736,2020-12-29T22:47:19.736Z,buy,1.37e-06,171.0,0.00023427
RCN/BTC,1609282265961,2020-12-29T22:51:05.961Z,buy,1.37e-06,2485.0,0.00340445
RCN/BTC,1609282829033,2020-12-29T23:00:29.033Z,sell,1.36e-06,175.0,0.0002379999999999
RCN/BTC,1609282829033,2020-12-29T23:00:29.033Z,sell,1.35e-06,2130.0,0.0028755
RCN/BTC,1609282866968,2020-12-29T23:01:06.968Z,sell,1.35e-06,376.0,0.0005076
RCN/BTC,1609282875738,2020-12-29T23:01:15.738Z,buy,1.36e-06,139.0,0.00018904
RCN/BTC,1609283024192,2020-12-29T23:03:44.192Z,sell,1.35e-06,1622.0,0.0021897
RCN/BTC,1609283259856,2020-12-29T23:07:39.856Z,sell,1.35e-06,213.0,0.00028755
RCN/BTC,1609283336008,2020-12-29T23:08:56.008Z,sell,1.35e-06,147.0,0.00019845
RCN/BTC,1609283381439,2020-12-29T23:09:41.439Z,sell,1.35e-06,678.0,0.0009153
RCN/BTC,1609283549994,2020-12-29T23:12:29.994Z,sell,1.35e-06,3130.0,0.0042255
RCN/BTC,1609283560621,2020-12-29T23:12:40.621Z,buy,1.35e-06,673.0,0.00090855
RCN/BTC,1609283652801,2020-12-29T23:14:12.801Z,buy,1.35e-06,8147.0,0.01099845
RCN/BTC,1609283981193,2020-12-29T23:19:41.193Z,sell,1.35e-06,301.0,0.00040635
RCN/BTC,1609284111072,2020-12-29T23:21:51.072Z,buy,1.36e-06,156.0,0.0002121599999999
RCN/BTC,1609284338507,2020-12-29T23:25:38.507Z,buy,1.36e-06,131.0,0.00017816
RCN/BTC,1609285143232,2020-12-29T23:39:03.232Z,sell,1.35e-06,4699.0,0.00634365
RCN/BTC,1609285201334,2020-12-29T23:40:01.334Z,buy,1.35e-06,101.0,0.00013635
RCN/BTC,1609285229065,2020-12-29T23:40:29.065Z,sell,1.34e-06,3440.0,0.0046096
RCN/BTC,1609285326248,2020-12-29T23:42:06.248Z,buy,1.35e-06,136.0,0.0001836
RCN/BTC,1609285326248,2020-12-29T23:42:06.248Z,buy,1.35e-06,136.0,0.0001836
RCN/BTC,1609285509540,2020-12-29T23:45:09.540Z,buy,1.35e-06,208.0,0.0002808
RCN/BTC,1609285988450,2020-12-29T23:53:08.450Z,sell,1.34e-06,20442.0,0.02739228
RCN/BTC,1609286076166,2020-12-29T23:54:36.166Z,sell,1.34e-06,10251.0,0.01373634
RCN/BTC,1609286173055,2020-12-29T23:56:13.055Z,sell,1.34e-06,149.0,0.00019966
RCN/BTC,1609286245125,2020-12-29T23:57:25.125Z,sell,1.34e-06,151.0,0.00020234
RCN/BTC,1609286263458,2020-12-29T23:57:43.458Z,sell,1.34e-06,4775.0,0.0063985
RCN/BTC,1609286279026,2020-12-29T23:57:59.026Z,sell,1.33e-06,22993.0,0.03058069
RCN/BTC,1609286279026,2020-12-29T23:57:59.026Z,sell,1.33e-06,6500.0,0.008645
RCN/BTC,1609286279026,2020-12-29T23:57:59.026Z,sell,1.33e-06,83.0,0.0001103899999999
RCN/BTC,1609286288416,2020-12-29T23:58:08.416Z,buy,1.34e-06,5000.0,0.0067
RCN/BTC,1609286294308,2020-12-29T23:58:14.308Z,sell,1.33e-06,2257.0,0.0030018099999999
RCN/BTC,1609286390926,2020-12-29T23:59:50.926Z,buy,1.35e-06,1371.0,0.00185085
RCN/BTC,1609286390926,2020-12-29T23:59:50.926Z,buy,1.35e-06,136.0,0.0001836
RCN/BTC,1609286936382,2020-12-30T00:08:56.382Z,sell,1.34e-06,99.0,0.00013266
RCN/BTC,1609287037410,2020-12-30T00:10:37.410Z,buy,1.35e-06,85.0,0.00011475
RCN/BTC,1609287281606,2020-12-30T00:14:41.606Z,sell,1.34e-06,95.0,0.0001273
RCN/BTC,1609287305459,2020-12-30T00:15:05.459Z,sell,1.34e-06,81.0,0.00010854
RCN/BTC,1609287382451,2020-12-30T00:16:22.451Z,sell,1.34e-06,230.0,0.0003082
RCN/BTC,1609287689804,2020-12-30T00:21:29.804Z,sell,1.34e-06,3234.0,0.00433356
RCN/BTC,1609287763606,2020-12-30T00:22:43.606Z,sell,1.34e-06,1583.0,0.00212122
RCN/BTC,1609287763606,2020-12-30T00:22:43.606Z,sell,1.33e-06,7932.0,0.01054956
RCN/BTC,1609287952385,2020-12-30T00:25:52.385Z,sell,1.33e-06,161.0,0.0002141299999999
RCN/BTC,1609288086155,2020-12-30T00:28:06.155Z,sell,1.33e-06,138.0,0.00018354
RCN/BTC,1609288103467,2020-12-30T00:28:23.467Z,sell,1.33e-06,224.0,0.00029792
RCN/BTC,1609288362551,2020-12-30T00:32:42.551Z,buy,1.34e-06,1110.0,0.0014874
RCN/BTC,1609288568020,2020-12-30T00:36:08.020Z,sell,1.33e-06,695.0,0.00092435
RCN/BTC,1609288568020,2020-12-30T00:36:08.020Z,sell,1.33e-06,695.0,0.00092435
RCN/BTC,1609288967087,2020-12-30T00:42:47.087Z,buy,1.34e-06,98.0,0.00013132
RCN/BTC,1609289287926,2020-12-30T00:48:07.926Z,sell,1.33e-06,20000.0,0.0266
RCN/BTC,1609289317884,2020-12-30T00:48:37.884Z,sell,1.33e-06,11436.0,0.01520988
RCN/BTC,1609289446995,2020-12-30T00:50:46.995Z,sell,1.33e-06,695.0,0.00092435
RCN/BTC,1609289623229,2020-12-30T00:53:43.229Z,sell,1.33e-06,14696.0,0.01954568
RCN/BTC,1609289682025,2020-12-30T00:54:42.025Z,buy,1.34e-06,135.0,0.0001809
RCN/BTC,1609289761187,2020-12-30T00:56:01.187Z,buy,1.34e-06,4865.0,0.0065191
RCN/BTC,1609289761258,2020-12-30T00:56:01.258Z,sell,1.34e-06,2993.0,0.00401062
RCN/BTC,1609289761758,2020-12-30T00:56:01.758Z,sell,1.34e-06,1733.0,0.00232222
RCN/BTC,1609289761845,2020-12-30T00:56:01.845Z,sell,1.34e-06,2328.0,0.00311952
RCN/BTC,1609289763567,2020-12-30T00:56:03.567Z,sell,1.34e-06,4068.0,0.00545112
RCN/BTC,1609289763918,2020-12-30T00:56:03.918Z,sell,1.34e-06,2007.0,0.00268938
RCN/BTC,1609289793912,2020-12-30T00:56:33.912Z,buy,1.35e-06,111.0,0.00014985
RCN/BTC,1609291624011,2020-12-30T01:27:04.011Z,sell,1.34e-06,271.0,0.00036314
RCN/BTC,1609291736521,2020-12-30T01:28:56.521Z,buy,1.35e-06,100.0,0.000135
RCN/BTC,1609291796459,2020-12-30T01:29:56.459Z,sell,1.34e-06,3852.0,0.00516168
RCN/BTC,1609291982626,2020-12-30T01:33:02.626Z,sell,1.34e-06,120.0,0.0001608
RCN/BTC,1609291982626,2020-12-30T01:33:02.626Z,sell,1.34e-06,120.0,0.0001608
RCN/BTC,1609292531233,2020-12-30T01:42:11.233Z,buy,1.35e-06,17953.0,0.02423655
RCN/BTC,1609292533163,2020-12-30T01:42:13.163Z,sell,1.34e-06,3517.0,0.00471278
RCN/BTC,1609292631605,2020-12-30T01:43:51.605Z,buy,1.35e-06,112.0,0.0001512
RCN/BTC,1609292773572,2020-12-30T01:46:13.572Z,buy,1.35e-06,99.0,0.00013365
RCN/BTC,1609293262748,2020-12-30T01:54:22.748Z,sell,1.34e-06,143.0,0.00019162
RCN/BTC,1609293508504,2020-12-30T01:58:28.504Z,buy,1.35e-06,4370.0,0.0058995
RCN/BTC,1609293822073,2020-12-30T02:03:42.073Z,sell,1.34e-06,160.0,0.0002144
RCN/BTC,1609294388190,2020-12-30T02:13:08.190Z,sell,1.34e-06,1242.0,0.00166428
RCN/BTC,1609294610253,2020-12-30T02:16:50.253Z,sell,1.34e-06,1887.0,0.00252858
RCN/BTC,1609295526964,2020-12-30T02:32:06.964Z,buy,1.35e-06,145.0,0.00019575
RCN/BTC,1609295526964,2020-12-30T02:32:06.964Z,buy,1.35e-06,145.0,0.00019575
RCN/BTC,1609295931627,2020-12-30T02:38:51.627Z,sell,1.34e-06,1360.0,0.0018224
RCN/BTC,1609296037993,2020-12-30T02:40:37.993Z,sell,1.34e-06,2657.0,0.00356038
RCN/BTC,1609296113407,2020-12-30T02:41:53.407Z,sell,1.34e-06,3868.0,0.00518312
RCN/BTC,1609296133862,2020-12-30T02:42:13.862Z,sell,1.34e-06,2255.0,0.0030217
RCN/BTC,1609296345101,2020-12-30T02:45:45.101Z,sell,1.34e-06,9714.0,0.01301676
RCN/BTC,1609296445773,2020-12-30T02:47:25.773Z,sell,1.33e-06,7318.0,0.0097329399999999
RCN/BTC,1609296445773,2020-12-30T02:47:25.773Z,sell,1.32e-06,7549.0,0.00996468
RCN/BTC,1609296445773,2020-12-30T02:47:25.773Z,sell,1.31e-06,3059.0,0.00400729
RCN/BTC,1609296445773,2020-12-30T02:47:25.773Z,sell,1.31e-06,388.0,0.00050828
RCN/BTC,1609296445773,2020-12-30T02:47:25.773Z,sell,1.31e-06,1000.0,0.00131
RCN/BTC,1609296445773,2020-12-30T02:47:25.773Z,sell,1.31e-06,383.0,0.0005017299999999
RCN/BTC,1609296916930,2020-12-30T02:55:16.930Z,sell,1.32e-06,185.0,0.0002442
RCN/BTC,1609296916930,2020-12-30T02:55:16.930Z,buy,1.34e-06,87.0,0.00011658
RCN/BTC,1609296999037,2020-12-30T02:56:39.037Z,sell,1.32e-06,6382.0,0.00842424
RCN/BTC,1609297002383,2020-12-30T02:56:42.383Z,sell,1.31e-06,107.0,0.00014017
RCN/BTC,1609297060218,2020-12-30T02:57:40.218Z,buy,1.32e-06,450.0,0.000594
RCN/BTC,1609297215952,2020-12-30T03:00:15.952Z,sell,1.31e-06,617.0,0.0008082699999999
RCN/BTC,1609297233454,2020-12-30T03:00:33.454Z,sell,1.31e-06,2154.0,0.00282174
RCN/BTC,1609297259815,2020-12-30T03:00:59.815Z,buy,1.31e-06,1407.0,0.0018431699999999
RCN/BTC,1609297297859,2020-12-30T03:01:37.859Z,buy,1.31e-06,450.0,0.0005895
RCN/BTC,1609297541420,2020-12-30T03:05:41.420Z,buy,1.31e-06,406.0,0.00053186
RCN/BTC,1609297663622,2020-12-30T03:07:43.622Z,buy,1.31e-06,759.0,0.0009942899999999
RCN/BTC,1609297782098,2020-12-30T03:09:42.098Z,sell,1.3e-06,494.0,0.0006422
RCN/BTC,1609298335976,2020-12-30T03:18:55.976Z,sell,1.3e-06,100000.0,0.13
RCN/BTC,1609298424933,2020-12-30T03:20:24.933Z,buy,1.31e-06,2307.0,0.00302217
RCN/BTC,1609298424933,2020-12-30T03:20:24.933Z,buy,1.31e-06,84.0,0.00011004
RCN/BTC,1609298653878,2020-12-30T03:24:13.878Z,buy,1.31e-06,164.0,0.00021484
RCN/BTC,1609298658020,2020-12-30T03:24:18.020Z,buy,1.31e-06,2445.0,0.00320295
RCN/BTC,1609298712401,2020-12-30T03:25:12.401Z,buy,1.32e-06,1050.0,0.001386
RCN/BTC,1609299122746,2020-12-30T03:32:02.746Z,buy,1.32e-06,343.0,0.00045276
RCN/BTC,1609299122746,2020-12-30T03:32:02.746Z,buy,1.32e-06,343.0,0.00045276
RCN/BTC,1609299161959,2020-12-30T03:32:41.959Z,buy,1.32e-06,136.0,0.00017952
RCN/BTC,1609299604795,2020-12-30T03:40:04.795Z,sell,1.31e-06,1500.0,0.0019649999999999
RCN/BTC,1609299652686,2020-12-30T03:40:52.686Z,sell,1.31e-06,41998.0,0.05501738
RCN/BTC,1609299654931,2020-12-30T03:40:54.931Z,buy,1.31e-06,3044.0,0.00398764
RCN/BTC,1609299654958,2020-12-30T03:40:54.958Z,buy,1.31e-06,2822.0,0.00369682
RCN/BTC,1609300031327,2020-12-30T03:47:11.327Z,sell,1.31e-06,5077.0,0.00665087
RCN/BTC,1609300031327,2020-12-30T03:47:11.327Z,sell,1.3e-06,4922.0,0.0063986
RCN/BTC,1609300548579,2020-12-30T03:55:48.579Z,buy,1.32e-06,94.0,0.00012408
RCN/BTC,1609300766088,2020-12-30T03:59:26.088Z,sell,1.31e-06,566.0,0.00074146
RCN/BTC,1609300766088,2020-12-30T03:59:26.088Z,sell,1.3e-06,433.0,0.0005629
RCN/BTC,1609300842867,2020-12-30T04:00:42.867Z,sell,1.3e-06,126.0,0.0001638
RCN/BTC,1609301426546,2020-12-30T04:10:26.546Z,buy,1.32e-06,213.0,0.00028116
RCN/BTC,1609301468389,2020-12-30T04:11:08.389Z,sell,1.3e-06,482.0,0.0006266
RCN/BTC,1609301491224,2020-12-30T04:11:31.224Z,buy,1.32e-06,154.0,0.00020328
RCN/BTC,1609301833449,2020-12-30T04:17:13.449Z,buy,1.32e-06,4500.0,0.00594
RCN/BTC,1609301922707,2020-12-30T04:18:42.707Z,buy,1.32e-06,2028.0,0.00267696
RCN/BTC,1609301953993,2020-12-30T04:19:13.993Z,buy,1.32e-06,977.0,0.00128964
RCN/BTC,1609302523492,2020-12-30T04:28:43.492Z,sell,1.3e-06,200.0,0.00026
RCN/BTC,1609302578181,2020-12-30T04:29:38.181Z,buy,1.31e-06,920.0,0.0012052
RCN/BTC,1609302578313,2020-12-30T04:29:38.313Z,buy,1.31e-06,90.0,0.0001178999999999
RCN/BTC,1609302578313,2020-12-30T04:29:38.313Z,buy,1.31e-06,90.0,0.0001178999999999
RCN/BTC,1609303483939,2020-12-30T04:44:43.939Z,buy,1.31e-06,169.0,0.00022139
RCN/BTC,1609303543274,2020-12-30T04:45:43.274Z,buy,1.31e-06,104.0,0.0001362399999999
RCN/BTC,1609303576938,2020-12-30T04:46:16.938Z,buy,1.31e-06,1561.0,0.00204491
RCN/BTC,1609304622069,2020-12-30T05:03:42.069Z,buy,1.31e-06,136.0,0.00017816
RCN/BTC,1609305121658,2020-12-30T05:12:01.658Z,sell,1.3e-06,154.0,0.0002002
RCN/BTC,1609305127862,2020-12-30T05:12:07.862Z,sell,1.3e-06,133.0,0.0001729
RCN/BTC,1609305275656,2020-12-30T05:14:35.656Z,buy,1.31e-06,91.0,0.0001192099999999
RCN/BTC,1609305275656,2020-12-30T05:14:35.656Z,buy,1.31e-06,91.0,0.0001192099999999
RCN/BTC,1609306387596,2020-12-30T05:33:07.596Z,buy,1.31e-06,362.0,0.0004742199999999
RCN/BTC,1609306888799,2020-12-30T05:41:28.799Z,buy,1.31e-06,380.0,0.0004978
RCN/BTC,1609306924822,2020-12-30T05:42:04.822Z,sell,1.3e-06,2501.0,0.0032513
RCN/BTC,1609307023332,2020-12-30T05:43:43.332Z,sell,1.3e-06,3532.0,0.0045916
RCN/BTC,1609307042693,2020-12-30T05:44:02.693Z,buy,1.31e-06,533.0,0.00069823
RCN/BTC,1609307143637,2020-12-30T05:45:43.637Z,sell,1.3e-06,46837.0,0.0608881
RCN/BTC,1609307227512,2020-12-30T05:47:07.512Z,buy,1.31e-06,107.0,0.00014017
RCN/BTC,1609307381621,2020-12-30T05:49:41.621Z,sell,1.3e-06,3299.0,0.0042887
RCN/BTC,1609307466223,2020-12-30T05:51:06.223Z,sell,1.3e-06,1706.0,0.0022178
RCN/BTC,1609307654591,2020-12-30T05:54:14.591Z,sell,1.3e-06,17296.0,0.0224848
RCN/BTC,1609307892608,2020-12-30T05:58:12.608Z,sell,1.3e-06,1153.0,0.0014989
RCN/BTC,1609308563630,2020-12-30T06:09:23.630Z,sell,1.3e-06,181.0,0.0002353
RCN/BTC,1609308687705,2020-12-30T06:11:27.705Z,sell,1.3e-06,1745.0,0.0022685
RCN/BTC,1609308817729,2020-12-30T06:13:37.729Z,buy,1.31e-06,173.0,0.00022663
RCN/BTC,1609308817729,2020-12-30T06:13:37.729Z,buy,1.31e-06,173.0,0.00022663
RCN/BTC,1609308882154,2020-12-30T06:14:42.154Z,sell,1.3e-06,4761.0,0.0061893
RCN/BTC,1609308882154,2020-12-30T06:14:42.154Z,sell,1.29e-06,240.0,0.0003096
RCN/BTC,1609308882154,2020-12-30T06:14:42.154Z,sell,1.29e-06,945.0,0.00121905
RCN/BTC,1609308882154,2020-12-30T06:14:42.154Z,sell,1.29e-06,944.0,0.00121776
RCN/BTC,1609308882154,2020-12-30T06:14:42.154Z,sell,1.29e-06,189.0,0.0002438099999999
RCN/BTC,1609308882154,2020-12-30T06:14:42.154Z,sell,1.28e-06,4311.0,0.00551808
RCN/BTC,1609308882154,2020-12-30T06:14:42.154Z,sell,1.28e-06,1500.0,0.00192
RCN/BTC,1609308882154,2020-12-30T06:14:42.154Z,sell,1.28e-06,1000.0,0.00128
RCN/BTC,1609308882154,2020-12-30T06:14:42.154Z,sell,1.28e-06,150.0,0.000192
RCN/BTC,1609308882154,2020-12-30T06:14:42.154Z,sell,1.28e-06,2437.0,0.00311936
RCN/BTC,1609308882154,2020-12-30T06:14:42.154Z,sell,1.28e-06,4231.0,0.00541568
RCN/BTC,1609308882154,2020-12-30T06:14:42.154Z,sell,1.28e-06,1690.0,0.0021632
RCN/BTC,1609308887553,2020-12-30T06:14:47.553Z,buy,1.29e-06,78.0,0.00010062
RCN/BTC,1609308920792,2020-12-30T06:15:20.792Z,buy,1.29e-06,450.0,0.0005805
RCN/BTC,1609308923604,2020-12-30T06:15:23.604Z,buy,1.29e-06,400.0,0.000516
RCN/BTC,1609309086934,2020-12-30T06:18:06.934Z,sell,1.28e-06,2245.0,0.0028736
RCN/BTC,1609309086996,2020-12-30T06:18:06.996Z,buy,1.28e-06,2729.0,0.00349312
RCN/BTC,1609309087030,2020-12-30T06:18:07.030Z,buy,1.28e-06,375.0,0.00048
RCN/BTC,1609309087035,2020-12-30T06:18:07.035Z,buy,1.28e-06,697.0,0.00089216
RCN/BTC,1609309087496,2020-12-30T06:18:07.496Z,buy,1.28e-06,2296.0,0.00293888
RCN/BTC,1609309087523,2020-12-30T06:18:07.523Z,buy,1.28e-06,2296.0,0.00293888
RCN/BTC,1609309087541,2020-12-30T06:18:07.541Z,buy,1.28e-06,6634.0,0.00849152
RCN/BTC,1609309143745,2020-12-30T06:19:03.745Z,sell,1.28e-06,852.0,0.00109056
RCN/BTC,1609309182874,2020-12-30T06:19:42.874Z,sell,1.27e-06,81.0,0.00010287
RCN/BTC,1609309268746,2020-12-30T06:21:08.746Z,buy,1.28e-06,2992.0,0.00382976
RCN/BTC,1609309268896,2020-12-30T06:21:08.896Z,buy,1.28e-06,1685.0,0.0021568
RCN/BTC,1609309321412,2020-12-30T06:22:01.412Z,buy,1.29e-06,2376.0,0.0030650399999999
RCN/BTC,1609309422556,2020-12-30T06:23:42.556Z,buy,1.29e-06,137.0,0.00017673
RCN/BTC,1609309510182,2020-12-30T06:25:10.182Z,buy,1.29e-06,500.0,0.000645
RCN/BTC,1609309542519,2020-12-30T06:25:42.519Z,sell,1.28e-06,110.0,0.0001408
RCN/BTC,1609309693874,2020-12-30T06:28:13.874Z,sell,1.28e-06,3452.0,0.00441856
RCN/BTC,1609309999528,2020-12-30T06:33:19.528Z,sell,1.28e-06,1253.0,0.00160384
RCN/BTC,1609309999528,2020-12-30T06:33:19.528Z,sell,1.27e-06,6155.0,0.00781685
RCN/BTC,1609310021605,2020-12-30T06:33:41.605Z,buy,1.28e-06,375.0,0.00048
RCN/BTC,1609310082415,2020-12-30T06:34:42.415Z,buy,1.28e-06,298.0,0.00038144
RCN/BTC,1609310321757,2020-12-30T06:38:41.757Z,buy,1.28e-06,3484.0,0.00445952
RCN/BTC,1609310323014,2020-12-30T06:38:43.014Z,sell,1.27e-06,200.0,0.000254
RCN/BTC,1609310341767,2020-12-30T06:39:01.767Z,sell,1.27e-06,255.0,0.00032385
RCN/BTC,1609310379340,2020-12-30T06:39:39.340Z,buy,1.27e-06,850.0,0.0010795
RCN/BTC,1609310394399,2020-12-30T06:39:54.399Z,sell,1.26e-06,4353.0,0.00548478
RCN/BTC,1609310394399,2020-12-30T06:39:54.399Z,sell,1.26e-06,378.0,0.00047628
RCN/BTC,1609310394399,2020-12-30T06:39:54.399Z,sell,1.25e-06,4377.0,0.00547125
RCN/BTC,1609310394399,2020-12-30T06:39:54.399Z,sell,1.25e-06,1298.0,0.0016225
RCN/BTC,1609310394399,2020-12-30T06:39:54.399Z,sell,1.25e-06,2678.0,0.0033475
RCN/BTC,1609310394577,2020-12-30T06:39:54.577Z,buy,1.26e-06,2267.0,0.00285642
RCN/BTC,1609310396102,2020-12-30T06:39:56.102Z,buy,1.26e-06,2082.0,0.00262332
RCN/BTC,1609310397172,2020-12-30T06:39:57.172Z,buy,1.26e-06,1218.0,0.00153468
RCN/BTC,1609310397294,2020-12-30T06:39:57.294Z,buy,1.26e-06,1706.0,0.00214956
RCN/BTC,1609310404664,2020-12-30T06:40:04.664Z,sell,1.26e-06,258.0,0.00032508
RCN/BTC,1609310404883,2020-12-30T06:40:04.883Z,sell,1.26e-06,109.0,0.00013734
RCN/BTC,1609310413252,2020-12-30T06:40:13.252Z,buy,1.27e-06,6516.0,0.00827532
RCN/BTC,1609310415059,2020-12-30T06:40:15.059Z,sell,1.26e-06,4713.0,0.00593838
RCN/BTC,1609310415059,2020-12-30T06:40:15.059Z,sell,1.25e-06,43734.0,0.0546675
RCN/BTC,1609310416997,2020-12-30T06:40:16.997Z,buy,1.27e-06,2104.0,0.00267208
RCN/BTC,1609310506781,2020-12-30T06:41:46.781Z,sell,1.26e-06,2489.0,0.00313614
RCN/BTC,1609310596662,2020-12-30T06:43:16.662Z,sell,1.26e-06,43965.0,0.0553959
RCN/BTC,1609310597156,2020-12-30T06:43:17.156Z,buy,1.26e-06,5012.0,0.00631512
RCN/BTC,1609310598266,2020-12-30T06:43:18.266Z,buy,1.26e-06,1193.0,0.00150318
RCN/BTC,1609310598652,2020-12-30T06:43:18.652Z,buy,1.26e-06,14731.0,0.01856106
RCN/BTC,1609310599069,2020-12-30T06:43:19.069Z,buy,1.26e-06,5108.0,0.00643608
RCN/BTC,1609310600517,2020-12-30T06:43:20.517Z,buy,1.26e-06,14460.0,0.0182196
RCN/BTC,1609310600517,2020-12-30T06:43:20.517Z,buy,1.27e-06,11172.0,0.0141884399999999
RCN/BTC,1609310707847,2020-12-30T06:45:07.847Z,sell,1.26e-06,5000.0,0.0063
RCN/BTC,1609310707847,2020-12-30T06:45:07.847Z,sell,1.25e-06,31774.0,0.0397175
RCN/BTC,1609310709314,2020-12-30T06:45:09.314Z,buy,1.27e-06,344.0,0.0004368799999999
RCN/BTC,1609310737272,2020-12-30T06:45:37.272Z,buy,1.27e-06,1260.0,0.0016002
RCN/BTC,1609310767182,2020-12-30T06:46:07.182Z,buy,1.27e-06,1032.0,0.0013106399999999
RCN/BTC,1609310909676,2020-12-30T06:48:29.676Z,buy,1.26e-06,408.0,0.00051408
RCN/BTC,1609310911106,2020-12-30T06:48:31.106Z,buy,1.26e-06,400.0,0.000504
RCN/BTC,1609310947897,2020-12-30T06:49:07.897Z,buy,1.26e-06,242.0,0.00030492
RCN/BTC,1609310969156,2020-12-30T06:49:29.156Z,buy,1.26e-06,127.0,0.00016002
RCN/BTC,1609311102986,2020-12-30T06:51:42.986Z,buy,1.26e-06,380.0,0.0004788
RCN/BTC,1609311123906,2020-12-30T06:52:03.906Z,buy,1.26e-06,1851.0,0.00233226
RCN/BTC,1609311125116,2020-12-30T06:52:05.116Z,buy,1.26e-06,5675.0,0.0071505
RCN/BTC,1609311193450,2020-12-30T06:53:13.450Z,buy,1.26e-06,45495.0,0.0573237
RCN/BTC,1609311193450,2020-12-30T06:53:13.450Z,buy,1.27e-06,5505.0,0.0069913499999999
RCN/BTC,1609311193450,2020-12-30T06:53:13.450Z,buy,1.27e-06,182.0,0.0002311399999999
RCN/BTC,1609311224143,2020-12-30T06:53:44.143Z,buy,1.27e-06,312.0,0.0003962399999999
RCN/BTC,1609311248528,2020-12-30T06:54:08.528Z,buy,1.27e-06,3464.0,0.0043992799999999
RCN/BTC,1609311315929,2020-12-30T06:55:15.929Z,buy,1.27e-06,47534.0,0.0603681799999999
RCN/BTC,1609311315929,2020-12-30T06:55:15.929Z,buy,1.28e-06,3466.0,0.00443648
RCN/BTC,1609311367593,2020-12-30T06:56:07.593Z,buy,1.28e-06,7049.0,0.00902272
RCN/BTC,1609311383717,2020-12-30T06:56:23.717Z,sell,1.26e-06,2376.0,0.00299376
RCN/BTC,1609311494042,2020-12-30T06:58:14.042Z,buy,1.28e-06,2532.0,0.00324096
RCN/BTC,1609311912382,2020-12-30T07:05:12.382Z,buy,1.28e-06,13200.0,0.016896
RCN/BTC,1609311915502,2020-12-30T07:05:15.502Z,sell,1.27e-06,12000.0,0.0152399999999999
RCN/BTC,1609311984469,2020-12-30T07:06:24.469Z,sell,1.27e-06,1496.0,0.0018999199999999
RCN/BTC,1609312054264,2020-12-30T07:07:34.264Z,sell,1.27e-06,15226.0,0.01933702
RCN/BTC,1609312054264,2020-12-30T07:07:34.264Z,sell,1.27e-06,15226.0,0.01933702
RCN/BTC,1609312627221,2020-12-30T07:17:07.221Z,buy,1.28e-06,79.0,0.00010112
RCN/BTC,1609312627221,2020-12-30T07:17:07.221Z,buy,1.29e-06,665.0,0.00085785
RCN/BTC,1609312678551,2020-12-30T07:17:58.551Z,sell,1.28e-06,4661.0,0.00596608
RCN/BTC,1609312681905,2020-12-30T07:18:01.905Z,buy,1.28e-06,5000.0,0.0064
RCN/BTC,1609312681917,2020-12-30T07:18:01.917Z,buy,1.28e-06,3828.0,0.00489984
RCN/BTC,1609312687868,2020-12-30T07:18:07.868Z,sell,1.27e-06,398.0,0.00050546
RCN/BTC,1609312691520,2020-12-30T07:18:11.520Z,buy,1.28e-06,1571.0,0.00201088
RCN/BTC,1609312990689,2020-12-30T07:23:10.689Z,buy,1.28e-06,2325.0,0.002976
RCN/BTC,1609312999459,2020-12-30T07:23:19.459Z,buy,1.28e-06,2754.0,0.00352512
RCN/BTC,1609313382516,2020-12-30T07:29:42.516Z,buy,1.29e-06,271.0,0.00034959
RCN/BTC,1609313562997,2020-12-30T07:32:42.997Z,buy,1.29e-06,169.0,0.0002180099999999
RCN/BTC,1609313767964,2020-12-30T07:36:07.964Z,buy,1.29e-06,126.0,0.00016254
RCN/BTC,1609313863050,2020-12-30T07:37:43.050Z,buy,1.29e-06,943.0,0.0012164699999999
RCN/BTC,1609314102388,2020-12-30T07:41:42.388Z,buy,1.29e-06,1685.0,0.00217365
RCN/BTC,1609314136841,2020-12-30T07:42:16.841Z,sell,1.28e-06,3000.0,0.00384
RCN/BTC,1609314455119,2020-12-30T07:47:35.119Z,sell,1.28e-06,276.0,0.00035328
RCN/BTC,1609314478004,2020-12-30T07:47:58.004Z,buy,1.29e-06,5843.0,0.0075374699999999
RCN/BTC,1609314478004,2020-12-30T07:47:58.004Z,buy,1.3e-06,5147.0,0.0066911
RCN/BTC,1609314480909,2020-12-30T07:48:00.909Z,buy,1.29e-06,3484.0,0.0044943599999999
RCN/BTC,1609314520414,2020-12-30T07:48:40.414Z,sell,1.28e-06,1000.0,0.00128
RCN/BTC,1609314525432,2020-12-30T07:48:45.432Z,sell,1.28e-06,14459.0,0.01850752
RCN/BTC,1609314542058,2020-12-30T07:49:02.058Z,sell,1.28e-06,886.0,0.00113408
RCN/BTC,1609314859023,2020-12-30T07:54:19.023Z,buy,1.29e-06,78.0,0.00010062
RCN/BTC,1609315362730,2020-12-30T08:02:42.730Z,buy,1.29e-06,1015.0,0.00130935
RCN/BTC,1609315437807,2020-12-30T08:03:57.807Z,buy,1.29e-06,116.0,0.0001496399999999
RCN/BTC,1609315437807,2020-12-30T08:03:57.807Z,buy,1.29e-06,116.0,0.0001496399999999
RCN/BTC,1609316216470,2020-12-30T08:16:56.470Z,buy,1.29e-06,454.0,0.00058566
RCN/BTC,1609316216470,2020-12-30T08:16:56.470Z,buy,1.3e-06,2.0,2.6e-06
RCN/BTC,1609316225435,2020-12-30T08:17:05.435Z,buy,1.29e-06,5000.0,0.00645
RCN/BTC,1609316234456,2020-12-30T08:17:14.456Z,buy,1.29e-06,5000.0,0.00645
RCN/BTC,1609316622908,2020-12-30T08:23:42.908Z,sell,1.28e-06,1801.0,0.00230528
RCN/BTC,1609316643368,2020-12-30T08:24:03.368Z,sell,1.28e-06,1189.0,0.00152192
RCN/BTC,1609316731122,2020-12-30T08:25:31.122Z,buy,1.29e-06,686.0,0.00088494
RCN/BTC,1609316846688,2020-12-30T08:27:26.688Z,buy,1.29e-06,4314.0,0.0055650599999999
RCN/BTC,1609316855347,2020-12-30T08:27:35.347Z,sell,1.28e-06,186.0,0.00023808
RCN/BTC,1609317053166,2020-12-30T08:30:53.166Z,sell,1.28e-06,400.0,0.000512
RCN/BTC,1609317067163,2020-12-30T08:31:07.163Z,buy,1.3e-06,152.0,0.0001976
RCN/BTC,1609317148056,2020-12-30T08:32:28.056Z,sell,1.28e-06,1247.0,0.00159616
RCN/BTC,1609317511864,2020-12-30T08:38:31.864Z,sell,1.29e-06,2722.0,0.0035113799999999
RCN/BTC,1609317512154,2020-12-30T08:38:32.154Z,sell,1.29e-06,2350.0,0.0030315
RCN/BTC,1609317581788,2020-12-30T08:39:41.788Z,buy,1.3e-06,730.0,0.000949
RCN/BTC,1609317642553,2020-12-30T08:40:42.553Z,buy,1.3e-06,169.0,0.0002197
RCN/BTC,1609317822927,2020-12-30T08:43:42.927Z,sell,1.29e-06,6.0,7.74e-06
RCN/BTC,1609317822927,2020-12-30T08:43:42.927Z,sell,1.28e-06,10022.0,0.01282816
RCN/BTC,1609317855738,2020-12-30T08:44:15.738Z,buy,1.29e-06,5079.0,0.0065519099999999
RCN/BTC,1609317930368,2020-12-30T08:45:30.368Z,sell,1.28e-06,167.0,0.00021376
RCN/BTC,1609318024238,2020-12-30T08:47:04.238Z,sell,1.28e-06,170.0,0.0002176
RCN/BTC,1609318327110,2020-12-30T08:52:07.110Z,sell,1.28e-06,666.0,0.00085248
RCN/BTC,1609318432497,2020-12-30T08:53:52.497Z,buy,1.3e-06,190.0,0.000247
RCN/BTC,1609318436310,2020-12-30T08:53:56.310Z,sell,1.29e-06,152.0,0.0001960799999999
RCN/BTC,1609318626497,2020-12-30T08:57:06.497Z,sell,1.29e-06,143.0,0.00018447
RCN/BTC,1609318874286,2020-12-30T09:01:14.286Z,buy,1.3e-06,616.0,0.0008008
RCN/BTC,1609318988902,2020-12-30T09:03:08.902Z,sell,1.29e-06,146.0,0.00018834
RCN/BTC,1609318988902,2020-12-30T09:03:08.902Z,sell,1.29e-06,146.0,0.00018834
RCN/BTC,1609319048805,2020-12-30T09:04:08.805Z,sell,1.29e-06,4854.0,0.00626166
RCN/BTC,1609319076122,2020-12-30T09:04:36.122Z,buy,1.29e-06,103.0,0.00013287
RCN/BTC,1609319107088,2020-12-30T09:05:07.088Z,buy,1.29e-06,1036.0,0.00133644
RCN/BTC,1609319107105,2020-12-30T09:05:07.105Z,buy,1.29e-06,10743.0,0.01385847
RCN/BTC,1609319116104,2020-12-30T09:05:16.104Z,sell,1.28e-06,136.0,0.00017408
RCN/BTC,1609319371218,2020-12-30T09:09:31.218Z,sell,1.28e-06,127.0,0.00016256
RCN/BTC,1609319425864,2020-12-30T09:10:25.864Z,buy,1.3e-06,12055.0,0.0156715
RCN/BTC,1609319571028,2020-12-30T09:12:51.028Z,buy,1.3e-06,6247.0,0.0081211
RCN/BTC,1609319587344,2020-12-30T09:13:07.344Z,buy,1.3e-06,1061.0,0.0013793
RCN/BTC,1609319657334,2020-12-30T09:14:17.334Z,sell,1.29e-06,181.0,0.00023349
RCN/BTC,1609319834317,2020-12-30T09:17:14.317Z,sell,1.29e-06,1701.0,0.0021942899999999
RCN/BTC,1609319928756,2020-12-30T09:18:48.756Z,sell,1.29e-06,350.0,0.0004514999999999
RCN/BTC,1609320222000,2020-12-30T09:23:42.000Z,buy,1.3e-06,838.0,0.0010894
RCN/BTC,1609320228994,2020-12-30T09:23:48.994Z,sell,1.29e-06,700.0,0.0009029999999999
RCN/BTC,1609320579988,2020-12-30T09:29:39.988Z,buy,1.3e-06,88.0,0.0001144
RCN/BTC,1609321002128,2020-12-30T09:36:42.128Z,buy,1.3e-06,238.0,0.0003094
RCN/BTC,1609321403575,2020-12-30T09:43:23.575Z,sell,1.29e-06,5580.0,0.0071981999999999
RCN/BTC,1609321847695,2020-12-30T09:50:47.695Z,sell,1.29e-06,195.0,0.0002515499999999
RCN/BTC,1609321962323,2020-12-30T09:52:42.323Z,buy,1.3e-06,170.0,0.000221
RCN/BTC,1609322294202,2020-12-30T09:58:14.202Z,sell,1.29e-06,2565.0,0.00330885
RCN/BTC,1609322306294,2020-12-30T09:58:26.294Z,buy,1.3e-06,2755.0,0.0035815
RCN/BTC,1609322487025,2020-12-30T10:01:27.025Z,buy,1.3e-06,10283.0,0.0133679
RCN/BTC,1609322487072,2020-12-30T10:01:27.072Z,sell,1.3e-06,609.0,0.0007917
RCN/BTC,1609322487180,2020-12-30T10:01:27.180Z,sell,1.3e-06,1637.0,0.0021281
RCN/BTC,1609322487386,2020-12-30T10:01:27.386Z,sell,1.3e-06,4800.0,0.00624
RCN/BTC,1609322487693,2020-12-30T10:01:27.693Z,sell,1.3e-06,7491.0,0.0097383
RCN/BTC,1609322488075,2020-12-30T10:01:28.075Z,sell,1.3e-06,935.0,0.0012155
RCN/BTC,1609322496222,2020-12-30T10:01:36.222Z,sell,1.3e-06,1571.0,0.0020423
RCN/BTC,1609322496222,2020-12-30T10:01:36.222Z,sell,1.3e-06,1571.0,0.0020423
RCN/BTC,1609322983780,2020-12-30T10:09:43.780Z,sell,1.3e-06,1566.0,0.0020358
RCN/BTC,1609323336864,2020-12-30T10:15:36.864Z,sell,1.3e-06,2307.0,0.0029991
RCN/BTC,1609323516531,2020-12-30T10:18:36.531Z,sell,1.3e-06,99.0,0.0001287
RCN/BTC,1609323574462,2020-12-30T10:19:34.462Z,sell,1.3e-06,81.0,0.0001053
RCN/BTC,1609323703118,2020-12-30T10:21:43.118Z,sell,1.3e-06,6659.0,0.0086567
RCN/BTC,1609323922394,2020-12-30T10:25:22.394Z,sell,1.3e-06,4136.0,0.0053768
RCN/BTC,1609323930148,2020-12-30T10:25:30.148Z,sell,1.3e-06,1520.0,0.001976
RCN/BTC,1609323930275,2020-12-30T10:25:30.275Z,sell,1.3e-06,1251.0,0.0016263
RCN/BTC,1609324228942,2020-12-30T10:30:28.942Z,sell,1.3e-06,5369.0,0.0069797
RCN/BTC,1609324235692,2020-12-30T10:30:35.692Z,sell,1.3e-06,1599.0,0.0020787
RCN/BTC,1609324304128,2020-12-30T10:31:44.128Z,sell,1.3e-06,107.0,0.0001391
RCN/BTC,1609324662246,2020-12-30T10:37:42.246Z,buy,1.31e-06,236.0,0.00030916
RCN/BTC,1609324832625,2020-12-30T10:40:32.625Z,sell,1.3e-06,7047.0,0.0091611
RCN/BTC,1609324848699,2020-12-30T10:40:48.699Z,sell,1.3e-06,9280.0,0.012064
RCN/BTC,1609324849832,2020-12-30T10:40:49.832Z,sell,1.3e-06,2873.0,0.0037349
RCN/BTC,1609324858316,2020-12-30T10:40:58.316Z,buy,1.3e-06,103.0,0.0001339
RCN/BTC,1609324883944,2020-12-30T10:41:23.944Z,sell,1.29e-06,6015.0,0.00775935
RCN/BTC,1609324895443,2020-12-30T10:41:35.443Z,sell,1.29e-06,945.0,0.00121905
RCN/BTC,1609324911845,2020-12-30T10:41:51.845Z,buy,1.3e-06,77.0,0.0001001
RCN/BTC,1609324979904,2020-12-30T10:42:59.904Z,sell,1.29e-06,3651.0,0.00470979
RCN/BTC,1609325044219,2020-12-30T10:44:04.219Z,sell,1.29e-06,510.0,0.0006579
RCN/BTC,1609325121236,2020-12-30T10:45:21.236Z,buy,1.3e-06,78.0,0.0001014
RCN/BTC,1609325173167,2020-12-30T10:46:13.167Z,sell,1.28e-06,2732.0,0.00349696
RCN/BTC,1609325305838,2020-12-30T10:48:25.838Z,buy,1.29e-06,104.0,0.00013416
RCN/BTC,1609325442232,2020-12-30T10:50:42.232Z,buy,1.29e-06,120.0,0.0001548
RCN/BTC,1609325707608,2020-12-30T10:55:07.608Z,buy,1.29e-06,330.0,0.0004257
RCN/BTC,1609325889336,2020-12-30T10:58:09.336Z,buy,1.29e-06,129.0,0.00016641
RCN/BTC,1609325982216,2020-12-30T10:59:42.216Z,buy,1.29e-06,1746.0,0.00225234
RCN/BTC,1609326009077,2020-12-30T11:00:09.077Z,buy,1.29e-06,1745.0,0.0022510499999999
RCN/BTC,1609326009077,2020-12-30T11:00:09.077Z,buy,1.29e-06,1745.0,0.0022510499999999
RCN/BTC,1609326338497,2020-12-30T11:05:38.497Z,buy,1.29e-06,2000.0,0.00258
RCN/BTC,1609326406773,2020-12-30T11:06:46.773Z,sell,1.28e-06,1390.0,0.0017792
RCN/BTC,1609326464437,2020-12-30T11:07:44.437Z,buy,1.29e-06,3013.0,0.00388677
RCN/BTC,1609326788770,2020-12-30T11:13:08.770Z,sell,1.28e-06,2978.0,0.00381184
RCN/BTC,1609326913120,2020-12-30T11:15:13.120Z,sell,1.28e-06,840.0,0.0010752
RCN/BTC,1609327065132,2020-12-30T11:17:45.132Z,sell,1.28e-06,868.0,0.00111104
RCN/BTC,1609327542499,2020-12-30T11:25:42.499Z,buy,1.29e-06,467.0,0.0006024299999999
RCN/BTC,1609328081012,2020-12-30T11:34:41.012Z,sell,1.28e-06,491.0,0.00062848
RCN/BTC,1609328147443,2020-12-30T11:35:47.443Z,sell,1.28e-06,1180.0,0.0015104
RCN/BTC,1609328512225,2020-12-30T11:41:52.225Z,buy,1.29e-06,6348.0,0.0081889199999999
RCN/BTC,1609328802288,2020-12-30T11:46:42.288Z,sell,1.28e-06,92.0,0.00011776
RCN/BTC,1609328888091,2020-12-30T11:48:08.091Z,buy,1.29e-06,687.0,0.00088623
RCN/BTC,1609329248298,2020-12-30T11:54:08.298Z,sell,1.28e-06,499.0,0.00063872
RCN/BTC,1609329311983,2020-12-30T11:55:11.983Z,sell,1.28e-06,12896.0,0.01650688
RCN/BTC,1609329382417,2020-12-30T11:56:22.417Z,buy,1.28e-06,1398.0,0.00178944
RCN/BTC,1609329401605,2020-12-30T11:56:41.605Z,sell,1.27e-06,163.0,0.0002070099999999
RCN/BTC,1609329401969,2020-12-30T11:56:41.969Z,buy,1.28e-06,206.0,0.00026368
RCN/BTC,1609329521798,2020-12-30T11:58:41.798Z,sell,1.27e-06,471.0,0.00059817
RCN/BTC,1609329583540,2020-12-30T11:59:43.540Z,buy,1.28e-06,101.0,0.00012928
RCN/BTC,1609329583540,2020-12-30T11:59:43.540Z,buy,1.28e-06,101.0,0.00012928
RCN/BTC,1609329702397,2020-12-30T12:01:42.397Z,buy,1.28e-06,691.0,0.00088448
RCN/BTC,1609329702682,2020-12-30T12:01:42.682Z,sell,1.27e-06,160.0,0.0002031999999999
RCN/BTC,1609329798601,2020-12-30T12:03:18.601Z,sell,1.27e-06,200.0,0.000254
RCN/BTC,1609329799864,2020-12-30T12:03:19.864Z,sell,1.27e-06,5316.0,0.00675132
RCN/BTC,1609329915799,2020-12-30T12:05:15.799Z,buy,1.28e-06,1251.0,0.00160128
RCN/BTC,1609329916575,2020-12-30T12:05:16.575Z,buy,1.28e-06,4136.0,0.00529408
RCN/BTC,1609330002237,2020-12-30T12:06:42.237Z,buy,1.28e-06,381.0,0.00048768
RCN/BTC,1609330146597,2020-12-30T12:09:06.597Z,buy,1.28e-06,425.0,0.000544
RCN/BTC,1609330182675,2020-12-30T12:09:42.675Z,buy,1.28e-06,1904.0,0.00243712
RCN/BTC,1609330242857,2020-12-30T12:10:42.857Z,buy,1.28e-06,347.0,0.00044416
RCN/BTC,1609330261925,2020-12-30T12:11:01.925Z,sell,1.27e-06,36116.0,0.0458673199999999
RCN/BTC,1609330261959,2020-12-30T12:11:01.959Z,buy,1.27e-06,1636.0,0.00207772
RCN/BTC,1609330261964,2020-12-30T12:11:01.964Z,buy,1.27e-06,2174.0,0.0027609799999999
RCN/BTC,1609330261967,2020-12-30T12:11:01.967Z,buy,1.27e-06,626.0,0.0007950199999999
RCN/BTC,1609330262000,2020-12-30T12:11:02.000Z,buy,1.27e-06,866.0,0.0010998199999999
RCN/BTC,1609330262006,2020-12-30T12:11:02.006Z,buy,1.27e-06,673.0,0.00085471
RCN/BTC,1609330262090,2020-12-30T12:11:02.090Z,buy,1.27e-06,2992.0,0.0037998399999999
RCN/BTC,1609330262391,2020-12-30T12:11:02.391Z,buy,1.27e-06,7264.0,0.0092252799999999
RCN/BTC,1609330262526,2020-12-30T12:11:02.526Z,buy,1.27e-06,4620.0,0.0058673999999999
RCN/BTC,1609330264920,2020-12-30T12:11:04.920Z,sell,1.26e-06,2830.0,0.0035658
RCN/BTC,1609330264942,2020-12-30T12:11:04.942Z,sell,1.26e-06,2764.0,0.00348264
RCN/BTC,1609330264970,2020-12-30T12:11:04.970Z,sell,1.26e-06,1596.0,0.00201096
RCN/BTC,1609330265037,2020-12-30T12:11:05.037Z,sell,1.26e-06,143.0,0.00018018
RCN/BTC,1609330265241,2020-12-30T12:11:05.241Z,sell,1.26e-06,887.0,0.00111762
RCN/BTC,1609330494228,2020-12-30T12:14:54.228Z,buy,1.27e-06,105.0,0.00013335
RCN/BTC,1609330543068,2020-12-30T12:15:43.068Z,buy,1.27e-06,123.0,0.00015621
RCN/BTC,1609330602979,2020-12-30T12:16:42.979Z,buy,1.27e-06,1807.0,0.00229489
RCN/BTC,1609330657679,2020-12-30T12:17:37.679Z,buy,1.27e-06,3045.0,0.0038671499999999
RCN/BTC,1609330658398,2020-12-30T12:17:38.398Z,sell,1.27e-06,4276.0,0.0054305199999999
RCN/BTC,1609330782428,2020-12-30T12:19:42.428Z,buy,1.28e-06,174.0,0.00022272
RCN/BTC,1609331023453,2020-12-30T12:23:43.453Z,buy,1.28e-06,569.0,0.00072832
RCN/BTC,1609331159151,2020-12-30T12:25:59.151Z,buy,1.28e-06,2012.0,0.00257536
RCN/BTC,1609331200275,2020-12-30T12:26:40.275Z,sell,1.27e-06,500.0,0.0006349999999999
RCN/BTC,1609331287835,2020-12-30T12:28:07.835Z,buy,1.28e-06,347.0,0.00044416
RCN/BTC,1609331502456,2020-12-30T12:31:42.456Z,buy,1.28e-06,382.0,0.00048896
RCN/BTC,1609331527585,2020-12-30T12:32:07.585Z,buy,1.28e-06,174.0,0.00022272
RCN/BTC,1609331555418,2020-12-30T12:32:35.418Z,buy,1.28e-06,297.0,0.00038016
RCN/BTC,1609331922283,2020-12-30T12:38:42.283Z,buy,1.28e-06,381.0,0.00048768
RCN/BTC,1609331982686,2020-12-30T12:39:42.686Z,buy,1.28e-06,296.0,0.00037888
RCN/BTC,1609332165135,2020-12-30T12:42:45.135Z,sell,1.27e-06,506.0,0.00064262
RCN/BTC,1609332208057,2020-12-30T12:43:28.057Z,sell,1.27e-06,2952.0,0.00374904
RCN/BTC,1609332603750,2020-12-30T12:50:03.750Z,buy,1.28e-06,6114.0,0.00782592
RCN/BTC,1609332641500,2020-12-30T12:50:41.500Z,buy,1.28e-06,5744.0,0.00735232
RCN/BTC,1609332641714,2020-12-30T12:50:41.714Z,sell,1.28e-06,2992.0,0.00382976
RCN/BTC,1609332641885,2020-12-30T12:50:41.885Z,sell,1.28e-06,2992.0,0.00382976
RCN/BTC,1609332642036,2020-12-30T12:50:42.036Z,sell,1.28e-06,1102.0,0.00141056
RCN/BTC,1609332642085,2020-12-30T12:50:42.085Z,sell,1.28e-06,2222.0,0.00284416
RCN/BTC,1609332642115,2020-12-30T12:50:42.115Z,sell,1.28e-06,3292.0,0.00421376
RCN/BTC,1609332673376,2020-12-30T12:51:13.376Z,sell,1.27e-06,6490.0,0.0082423
RCN/BTC,1609332674163,2020-12-30T12:51:14.163Z,sell,1.27e-06,3644.0,0.00462788
RCN/BTC,1609332942824,2020-12-30T12:55:42.824Z,buy,1.28e-06,346.0,0.00044288
RCN/BTC,1609333027654,2020-12-30T12:57:07.654Z,buy,1.28e-06,4200.0,0.005376
RCN/BTC,1609333102976,2020-12-30T12:58:22.976Z,buy,1.28e-06,480.0,0.0006144
RCN/BTC,1609333139450,2020-12-30T12:58:59.450Z,sell,1.27e-06,4334.0,0.00550418
RCN/BTC,1609333139450,2020-12-30T12:58:59.450Z,sell,1.27e-06,4334.0,0.00550418
RCN/BTC,1609333241941,2020-12-30T13:00:41.941Z,buy,1.28e-06,897.0,0.00114816
RCN/BTC,1609333542455,2020-12-30T13:05:42.455Z,buy,1.28e-06,444.0,0.00056832
RCN/BTC,1609333604074,2020-12-30T13:06:44.074Z,buy,1.28e-06,10989.0,0.01406592
RCN/BTC,1609333793757,2020-12-30T13:09:53.757Z,sell,1.27e-06,2209.0,0.00280543
RCN/BTC,1609333793757,2020-12-30T13:09:53.757Z,sell,1.26e-06,6791.0,0.00855666
RCN/BTC,1609333838725,2020-12-30T13:10:38.725Z,buy,1.27e-06,105.0,0.00013335
RCN/BTC,1609333840472,2020-12-30T13:10:40.472Z,buy,1.27e-06,110.0,0.0001396999999999
RCN/BTC,1609333868798,2020-12-30T13:11:08.798Z,buy,1.27e-06,173.0,0.00021971
RCN/BTC,1609333927340,2020-12-30T13:12:07.340Z,buy,1.27e-06,157.0,0.0001993899999999
RCN/BTC,1609333962949,2020-12-30T13:12:42.949Z,buy,1.27e-06,696.0,0.00088392
RCN/BTC,1609333987394,2020-12-30T13:13:07.394Z,buy,1.27e-06,348.0,0.00044196
RCN/BTC,1609334262920,2020-12-30T13:17:42.920Z,buy,1.27e-06,174.0,0.00022098
RCN/BTC,1609334622293,2020-12-30T13:23:42.293Z,buy,1.27e-06,313.0,0.0003975099999999
RCN/BTC,1609334710448,2020-12-30T13:25:10.448Z,buy,1.27e-06,244.0,0.0003098799999999
RCN/BTC,1609334803222,2020-12-30T13:26:43.222Z,buy,1.27e-06,521.0,0.0006616699999999
RCN/BTC,1609334831738,2020-12-30T13:27:11.738Z,buy,1.27e-06,174.0,0.00022098
RCN/BTC,1609335096299,2020-12-30T13:31:36.299Z,sell,1.26e-06,632.0,0.00079632
RCN/BTC,1609335192086,2020-12-30T13:33:12.086Z,buy,1.27e-06,1864.0,0.00236728
RCN/BTC,1609335308357,2020-12-30T13:35:08.357Z,buy,1.27e-06,174.0,0.00022098
RCN/BTC,1609335343812,2020-12-30T13:35:43.812Z,buy,1.27e-06,383.0,0.0004864099999999
RCN/BTC,1609335402582,2020-12-30T13:36:42.582Z,buy,1.27e-06,383.0,0.0004864099999999
RCN/BTC,1609335462055,2020-12-30T13:37:42.055Z,sell,1.26e-06,186.0,0.00023436
RCN/BTC,1609335477012,2020-12-30T13:37:57.012Z,sell,1.26e-06,27472.0,0.03461472
RCN/BTC,1609335611454,2020-12-30T13:40:11.454Z,buy,1.27e-06,1811.0,0.0022999699999999
RCN/BTC,1609335823375,2020-12-30T13:43:43.375Z,sell,1.26e-06,162.0,0.00020412
RCN/BTC,1609335942304,2020-12-30T13:45:42.304Z,buy,1.27e-06,244.0,0.0003098799999999
RCN/BTC,1609336002111,2020-12-30T13:46:42.111Z,buy,1.27e-06,383.0,0.0004864099999999
RCN/BTC,1609336027917,2020-12-30T13:47:07.917Z,buy,1.27e-06,174.0,0.00022098
RCN/BTC,1609336122859,2020-12-30T13:48:42.859Z,buy,1.27e-06,1735.0,0.00220345
RCN/BTC,1609336663596,2020-12-30T13:57:43.596Z,buy,1.27e-06,2153.0,0.0027343099999999
RCN/BTC,1609336663596,2020-12-30T13:57:43.596Z,buy,1.27e-06,2153.0,0.0027343099999999
RCN/BTC,1609336746845,2020-12-30T13:59:06.845Z,buy,1.27e-06,348.0,0.00044196
RCN/BTC,1609336781465,2020-12-30T13:59:41.465Z,buy,1.27e-06,696.0,0.00088392
RCN/BTC,1609337033941,2020-12-30T14:03:53.941Z,sell,1.26e-06,137.0,0.00017262
RCN/BTC,1609337468683,2020-12-30T14:11:08.683Z,buy,1.27e-06,209.0,0.00026543
RCN/BTC,1609337742270,2020-12-30T14:15:42.270Z,buy,1.27e-06,999.0,0.0012687299999999
RCN/BTC,1609337883623,2020-12-30T14:18:03.623Z,sell,1.26e-06,280.0,0.0003528
RCN/BTC,1609337888041,2020-12-30T14:18:08.041Z,buy,1.27e-06,209.0,0.00026543
RCN/BTC,1609338132904,2020-12-30T14:22:12.904Z,buy,1.27e-06,124.0,0.00015748
RCN/BTC,1609338307358,2020-12-30T14:25:07.358Z,buy,1.27e-06,3498.0,0.00444246
RCN/BTC,1609338353785,2020-12-30T14:25:53.785Z,sell,1.26e-06,428.0,0.00053928
RCN/BTC,1609338404300,2020-12-30T14:26:44.300Z,buy,1.27e-06,175.0,0.0002222499999999
RCN/BTC,1609338642711,2020-12-30T14:30:42.711Z,buy,1.27e-06,347.0,0.00044069
RCN/BTC,1609338702443,2020-12-30T14:31:42.443Z,buy,1.27e-06,122.0,0.0001549399999999
RCN/BTC,1609338727085,2020-12-30T14:32:07.085Z,buy,1.27e-06,138.0,0.00017526
RCN/BTC,1609338727085,2020-12-30T14:32:07.085Z,buy,1.28e-06,31.0,3.968e-05
RCN/BTC,1609338882449,2020-12-30T14:34:42.449Z,buy,1.28e-06,118.0,0.00015104
RCN/BTC,1609339061497,2020-12-30T14:37:41.497Z,buy,1.27e-06,692.0,0.00087884
RCN/BTC,1609339147927,2020-12-30T14:39:07.927Z,buy,1.27e-06,79.0,0.00010033
RCN/BTC,1609339158219,2020-12-30T14:39:18.219Z,buy,1.27e-06,866.0,0.0010998199999999
RCN/BTC,1609339182708,2020-12-30T14:39:42.708Z,buy,1.27e-06,210.0,0.0002667
RCN/BTC,1609339327422,2020-12-30T14:42:07.422Z,buy,1.27e-06,2539.0,0.0032245299999999
RCN/BTC,1609339423781,2020-12-30T14:43:43.781Z,buy,1.27e-06,151.0,0.00019177
RCN/BTC,1609339558561,2020-12-30T14:45:58.561Z,buy,1.27e-06,866.0,0.0010998199999999
RCN/BTC,1609339603229,2020-12-30T14:46:43.229Z,buy,1.27e-06,425.0,0.00053975
RCN/BTC,1609339647967,2020-12-30T14:47:27.967Z,sell,1.26e-06,10638.0,0.01340388
RCN/BTC,1609339747246,2020-12-30T14:49:07.246Z,buy,1.27e-06,227.0,0.0002882899999999
RCN/BTC,1609339884155,2020-12-30T14:51:24.155Z,buy,1.27e-06,3472.0,0.00440944
RCN/BTC,1609339902642,2020-12-30T14:51:42.642Z,buy,1.27e-06,628.0,0.0007975599999999
RCN/BTC,1609340107151,2020-12-30T14:55:07.151Z,buy,1.27e-06,395.0,0.00050165
RCN/BTC,1609340143943,2020-12-30T14:55:43.943Z,buy,1.27e-06,175.0,0.0002222499999999
RCN/BTC,1609340175277,2020-12-30T14:56:15.277Z,sell,1.26e-06,10515.0,0.0132489
RCN/BTC,1609340175277,2020-12-30T14:56:15.277Z,sell,1.26e-06,10515.0,0.0132489
RCN/BTC,1609340382734,2020-12-30T14:59:42.734Z,buy,1.27e-06,3524.0,0.0044754799999999
RCN/BTC,1609340418115,2020-12-30T15:00:18.115Z,buy,1.27e-06,28601.0,0.03632327
RCN/BTC,1609340803552,2020-12-30T15:06:43.552Z,buy,1.28e-06,727.0,0.00093056
RCN/BTC,1609340817960,2020-12-30T15:06:57.960Z,sell,1.27e-06,6013.0,0.0076365099999999
RCN/BTC,1609340858445,2020-12-30T15:07:38.445Z,sell,1.27e-06,9318.0,0.01183386
RCN/BTC,1609340876806,2020-12-30T15:07:56.806Z,sell,1.27e-06,6104.0,0.00775208
RCN/BTC,1609340876822,2020-12-30T15:07:56.822Z,sell,1.27e-06,2208.0,0.00280416
RCN/BTC,1609341067337,2020-12-30T15:11:07.337Z,buy,1.27e-06,262.0,0.00033274
RCN/BTC,1609341103394,2020-12-30T15:11:43.394Z,buy,1.27e-06,174.0,0.00022098
RCN/BTC,1609341147273,2020-12-30T15:12:27.273Z,sell,1.26e-06,109.0,0.00013734
RCN/BTC,1609341162953,2020-12-30T15:12:42.953Z,buy,1.27e-06,174.0,0.00022098
RCN/BTC,1609341303711,2020-12-30T15:15:03.711Z,sell,1.26e-06,6780.0,0.0085428
RCN/BTC,1609341304121,2020-12-30T15:15:04.121Z,buy,1.26e-06,2992.0,0.00376992
RCN/BTC,1609341304208,2020-12-30T15:15:04.208Z,buy,1.26e-06,866.0,0.00109116
RCN/BTC,1609341463430,2020-12-30T15:17:43.430Z,buy,1.27e-06,417.0,0.0005295899999999
RCN/BTC,1609341522870,2020-12-30T15:18:42.870Z,buy,1.27e-06,156.0,0.0001981199999999
RCN/BTC,1609341582730,2020-12-30T15:19:42.730Z,buy,1.27e-06,196.0,0.0002489199999999
RCN/BTC,1609341833557,2020-12-30T15:23:53.557Z,buy,1.27e-06,376.0,0.0004775199999999
RCN/BTC,1609341849924,2020-12-30T15:24:09.924Z,buy,1.27e-06,124.0,0.00015748
RCN/BTC,1609341964315,2020-12-30T15:26:04.315Z,buy,1.27e-06,14425.0,0.01831975
RCN/BTC,1609341964315,2020-12-30T15:26:04.315Z,buy,1.28e-06,8800.0,0.011264
RCN/BTC,1609341964315,2020-12-30T15:26:04.315Z,buy,1.29e-06,11493.0,0.0148259699999999
RCN/BTC,1609341964315,2020-12-30T15:26:04.315Z,buy,1.3e-06,177262.0,0.2304406
RCN/BTC,1609341972137,2020-12-30T15:26:12.137Z,buy,1.28e-06,78.0,9.984e-05
RCN/BTC,1609341973130,2020-12-30T15:26:13.130Z,buy,1.28e-06,79.0,0.00010112
RCN/BTC,1609341986224,2020-12-30T15:26:26.224Z,sell,1.27e-06,1885.0,0.0023939499999999
RCN/BTC,1609341992952,2020-12-30T15:26:32.952Z,sell,1.27e-06,1696.0,0.0021539199999999
RCN/BTC,1609342003406,2020-12-30T15:26:43.406Z,sell,1.27e-06,2987.0,0.0037934899999999
RCN/BTC,1609342003693,2020-12-30T15:26:43.693Z,sell,1.26e-06,972.0,0.00122472
RCN/BTC,1609342030807,2020-12-30T15:27:10.807Z,buy,1.28e-06,204.0,0.00026112
RCN/BTC,1609342267914,2020-12-30T15:31:07.914Z,buy,1.28e-06,208.0,0.00026624
RCN/BTC,1609342302037,2020-12-30T15:31:42.037Z,buy,1.28e-06,346.0,0.00044288
RCN/BTC,1609342806956,2020-12-30T15:40:06.956Z,sell,1.26e-06,376.0,0.00047376
RCN/BTC,1609342932785,2020-12-30T15:42:12.785Z,buy,1.28e-06,94.0,0.00012032
RCN/BTC,1609343047413,2020-12-30T15:44:07.413Z,buy,1.27e-06,1762.0,0.0022377399999999
RCN/BTC,1609343134377,2020-12-30T15:45:34.377Z,buy,1.27e-06,23622.0,0.02999994
RCN/BTC,1609343240179,2020-12-30T15:47:20.179Z,buy,1.27e-06,106.0,0.0001346199999999
RCN/BTC,1609343263997,2020-12-30T15:47:43.997Z,buy,1.27e-06,140.0,0.0001777999999999
RCN/BTC,1609343324971,2020-12-30T15:48:44.971Z,sell,1.26e-06,852.0,0.00107352
RCN/BTC,1609343381963,2020-12-30T15:49:41.963Z,buy,1.27e-06,1741.0,0.00221107
RCN/BTC,1609343564178,2020-12-30T15:52:44.178Z,buy,1.27e-06,935.0,0.0011874499999999
RCN/BTC,1609343588604,2020-12-30T15:53:08.604Z,buy,1.27e-06,175.0,0.0002222499999999
RCN/BTC,1609343623558,2020-12-30T15:53:43.558Z,buy,1.27e-06,209.0,0.00026543
RCN/BTC,1609343743563,2020-12-30T15:55:43.563Z,buy,1.27e-06,140.0,0.0001777999999999
RCN/BTC,1609343743563,2020-12-30T15:55:43.563Z,buy,1.27e-06,140.0,0.0001777999999999
RCN/BTC,1609343784446,2020-12-30T15:56:24.446Z,sell,1.26e-06,26729.0,0.03367854
RCN/BTC,1609343802520,2020-12-30T15:56:42.520Z,buy,1.27e-06,3999.0,0.00507873
RCN/BTC,1609343863631,2020-12-30T15:57:43.631Z,buy,1.27e-06,140.0,0.0001777999999999
RCN/BTC,1609343884788,2020-12-30T15:58:04.788Z,sell,1.26e-06,26459.0,0.03333834
RCN/BTC,1609343982479,2020-12-30T15:59:42.479Z,buy,1.27e-06,174.0,0.00022098
RCN/BTC,1609344042402,2020-12-30T16:00:42.402Z,buy,1.27e-06,209.0,0.00026543
RCN/BTC,1609344049207,2020-12-30T16:00:49.207Z,buy,1.27e-06,11305.0,0.01435735
RCN/BTC,1609344144611,2020-12-30T16:02:24.611Z,sell,1.27e-06,7057.0,0.0089623899999999
RCN/BTC,1609344402392,2020-12-30T16:06:42.392Z,sell,1.27e-06,203.0,0.0002578099999999
RCN/BTC,1609344487536,2020-12-30T16:08:07.536Z,buy,1.28e-06,138.0,0.00017664
RCN/BTC,1609344513424,2020-12-30T16:08:33.424Z,sell,1.27e-06,2393.0,0.00303911
RCN/BTC,1609344522110,2020-12-30T16:08:42.110Z,buy,1.28e-06,173.0,0.00022144
RCN/BTC,1609344575517,2020-12-30T16:09:35.517Z,sell,1.27e-06,952.0,0.00120904
RCN/BTC,1609344586760,2020-12-30T16:09:46.760Z,sell,1.27e-06,9472.0,0.0120294399999999
RCN/BTC,1609344597114,2020-12-30T16:09:57.114Z,sell,1.27e-06,9424.0,0.0119684799999999
RCN/BTC,1609344644935,2020-12-30T16:10:44.935Z,sell,1.27e-06,7153.0,0.00908431
RCN/BTC,1609344644954,2020-12-30T16:10:44.954Z,sell,1.27e-06,6118.0,0.0077698599999999
RCN/BTC,1609344672204,2020-12-30T16:11:12.204Z,sell,1.27e-06,3246.0,0.00412242
RCN/BTC,1609344787602,2020-12-30T16:13:07.602Z,buy,1.27e-06,209.0,0.00026543
RCN/BTC,1609344907107,2020-12-30T16:15:07.107Z,buy,1.27e-06,121.0,0.0001536699999999
RCN/BTC,1609344943515,2020-12-30T16:15:43.515Z,buy,1.27e-06,803.0,0.00101981
RCN/BTC,1609344944333,2020-12-30T16:15:44.333Z,sell,1.26e-06,248.0,0.00031248
RCN/BTC,1609344989622,2020-12-30T16:16:29.622Z,sell,1.26e-06,621.0,0.00078246
RCN/BTC,1609345147745,2020-12-30T16:19:07.745Z,buy,1.27e-06,1804.0,0.00229108
RCN/BTC,1609345181359,2020-12-30T16:19:41.359Z,buy,1.27e-06,840.0,0.0010668
RCN/BTC,1609345366125,2020-12-30T16:22:46.125Z,sell,1.26e-06,757.0,0.00095382
RCN/BTC,1609345401108,2020-12-30T16:23:21.108Z,buy,1.27e-06,701.0,0.00089027
RCN/BTC,1609345423476,2020-12-30T16:23:43.476Z,buy,1.27e-06,209.0,0.00026543
RCN/BTC,1609345524116,2020-12-30T16:25:24.116Z,buy,1.27e-06,5586.0,0.0070942199999999
RCN/BTC,1609345617644,2020-12-30T16:26:57.644Z,buy,1.28e-06,1394.0,0.00178432
RCN/BTC,1609345628782,2020-12-30T16:27:08.782Z,buy,1.28e-06,115.0,0.0001472
RCN/BTC,1609345644057,2020-12-30T16:27:24.057Z,sell,1.27e-06,1753.0,0.00222631
RCN/BTC,1609345727277,2020-12-30T16:28:47.277Z,sell,1.27e-06,4019.0,0.0051041299999999
RCN/BTC,1609345727392,2020-12-30T16:28:47.392Z,sell,1.27e-06,964.0,0.00122428
RCN/BTC,1609345727405,2020-12-30T16:28:47.405Z,sell,1.27e-06,4136.0,0.00525272
RCN/BTC,1609345727407,2020-12-30T16:28:47.407Z,sell,1.27e-06,2992.0,0.0037998399999999
RCN/BTC,1609345727642,2020-12-30T16:28:47.642Z,sell,1.27e-06,2291.0,0.0029095699999999
RCN/BTC,1609345727744,2020-12-30T16:28:47.744Z,sell,1.27e-06,2291.0,0.0029095699999999
RCN/BTC,1609345809167,2020-12-30T16:30:09.167Z,sell,1.27e-06,487.0,0.00061849
RCN/BTC,1609345876417,2020-12-30T16:31:16.417Z,sell,1.27e-06,802.0,0.0010185399999999
RCN/BTC,1609345907412,2020-12-30T16:31:47.412Z,sell,1.27e-06,5000.0,0.00635
RCN/BTC,1609345907563,2020-12-30T16:31:47.563Z,sell,1.27e-06,5000.0,0.00635
RCN/BTC,1609345907959,2020-12-30T16:31:47.959Z,sell,1.27e-06,985.0,0.0012509499999999
RCN/BTC,1609346082032,2020-12-30T16:34:42.032Z,sell,1.27e-06,955.0,0.00121285
RCN/BTC,1609346812428,2020-12-30T16:46:52.428Z,sell,1.27e-06,2892.0,0.0036728399999999
RCN/BTC,1609346954703,2020-12-30T16:49:14.703Z,sell,1.27e-06,523.0,0.0006642099999999
RCN/BTC,1609347174347,2020-12-30T16:52:54.347Z,buy,1.28e-06,1695.0,0.0021696
RCN/BTC,1609347307419,2020-12-30T16:55:07.419Z,buy,1.28e-06,484.0,0.00061952
RCN/BTC,1609347339378,2020-12-30T16:55:39.378Z,sell,1.27e-06,160.0,0.0002031999999999
RCN/BTC,1609347339378,2020-12-30T16:55:39.378Z,sell,1.27e-06,160.0,0.0002031999999999
RCN/BTC,1609347701833,2020-12-30T17:01:41.833Z,buy,1.28e-06,3525.0,0.004512
RCN/BTC,1609347727427,2020-12-30T17:02:07.427Z,buy,1.28e-06,692.0,0.00088576
RCN/BTC,1609348156605,2020-12-30T17:09:16.605Z,sell,1.27e-06,2193.0,0.00278511
RCN/BTC,1609348243984,2020-12-30T17:10:43.984Z,buy,1.28e-06,665.0,0.0008512
RCN/BTC,1609348247585,2020-12-30T17:10:47.585Z,buy,1.28e-06,94.0,0.00012032
RCN/BTC,1609348302580,2020-12-30T17:11:42.580Z,buy,1.28e-06,231.0,0.00029568
RCN/BTC,1609348362301,2020-12-30T17:12:42.301Z,buy,1.28e-06,138.0,0.00017664
RCN/BTC,1609348386970,2020-12-30T17:13:06.970Z,buy,1.28e-06,1726.0,0.00220928
RCN/BTC,1609348664733,2020-12-30T17:17:44.733Z,buy,1.28e-06,1380.0,0.0017664
RCN/BTC,1609348723203,2020-12-30T17:18:43.203Z,sell,1.27e-06,678.0,0.00086106
RCN/BTC,1609348941267,2020-12-30T17:22:21.267Z,sell,1.27e-06,1683.0,0.0021374099999999
RCN/BTC,1609349047418,2020-12-30T17:24:07.418Z,buy,1.28e-06,129.0,0.00016512
RCN/BTC,1609349167788,2020-12-30T17:26:07.788Z,buy,1.28e-06,1750.0,0.00224
RCN/BTC,1609349202268,2020-12-30T17:26:42.268Z,buy,1.28e-06,173.0,0.00022144
RCN/BTC,1609349443532,2020-12-30T17:30:43.532Z,buy,1.28e-06,759.0,0.00097152
RCN/BTC,1609349636029,2020-12-30T17:33:56.029Z,sell,1.27e-06,1730.0,0.0021971
RCN/BTC,1609349842360,2020-12-30T17:37:22.360Z,sell,1.27e-06,5000.0,0.00635
RCN/BTC,1609349842376,2020-12-30T17:37:22.376Z,sell,1.27e-06,4856.0,0.00616712
RCN/BTC,1609349881824,2020-12-30T17:38:01.824Z,sell,1.26e-06,3167.0,0.00399042
RCN/BTC,1609349984004,2020-12-30T17:39:44.004Z,buy,1.27e-06,2759.0,0.0035039299999999
RCN/BTC,1609349991280,2020-12-30T17:39:51.280Z,buy,1.27e-06,107.0,0.00013589
RCN/BTC,1609349992808,2020-12-30T17:39:52.808Z,buy,1.27e-06,2214.0,0.00281178
RCN/BTC,1609349992808,2020-12-30T17:39:52.808Z,buy,1.28e-06,5998.0,0.00767744
RCN/BTC,1609350187233,2020-12-30T17:43:07.233Z,buy,1.27e-06,348.0,0.00044196
RCN/BTC,1609350338602,2020-12-30T17:45:38.602Z,buy,1.27e-06,23622.0,0.02999994
RCN/BTC,1609350403589,2020-12-30T17:46:43.589Z,sell,1.26e-06,111.0,0.00013986
RCN/BTC,1609350517214,2020-12-30T17:48:37.214Z,sell,1.26e-06,43600.0,0.054936
RCN/BTC,1609350548745,2020-12-30T17:49:08.745Z,buy,1.26e-06,100.0,0.000126
RCN/BTC,1609350642576,2020-12-30T17:50:42.576Z,buy,1.26e-06,700.0,0.000882
RCN/BTC,1609350765479,2020-12-30T17:52:45.479Z,sell,1.25e-06,5000.0,0.00625
RCN/BTC,1609350816556,2020-12-30T17:53:36.556Z,buy,1.26e-06,46060.0,0.0580356
RCN/BTC,1609350827961,2020-12-30T17:53:47.961Z,sell,1.25e-06,2744.0,0.00343
RCN/BTC,1609350843230,2020-12-30T17:54:03.230Z,buy,1.26e-06,3969.0,0.00500094
RCN/BTC,1609350883653,2020-12-30T17:54:43.653Z,buy,1.26e-06,140.0,0.0001764
RCN/BTC,1609350907943,2020-12-30T17:55:07.943Z,buy,1.26e-06,350.0,0.000441
RCN/BTC,1609350907943,2020-12-30T17:55:07.943Z,buy,1.26e-06,350.0,0.000441
RCN/BTC,1609351028267,2020-12-30T17:57:08.267Z,buy,1.26e-06,140.0,0.0001764
RCN/BTC,1609351061797,2020-12-30T17:57:41.797Z,buy,1.26e-06,2448.0,0.00308448
RCN/BTC,1609351122602,2020-12-30T17:58:42.602Z,buy,1.26e-06,3847.0,0.00484722
RCN/BTC,1609351182833,2020-12-30T17:59:42.833Z,buy,1.26e-06,1749.0,0.00220374
RCN/BTC,1609351192542,2020-12-30T17:59:52.542Z,sell,1.25e-06,1155.0,0.00144375
RCN/BTC,1609351326721,2020-12-30T18:02:06.721Z,buy,1.26e-06,805.0,0.0010143
RCN/BTC,1609351422640,2020-12-30T18:03:42.640Z,buy,1.26e-06,1722.0,0.00216972
RCN/BTC,1609351627658,2020-12-30T18:07:07.658Z,buy,1.26e-06,3497.0,0.00440622
RCN/BTC,1609351920890,2020-12-30T18:12:00.890Z,sell,1.25e-06,7500.0,0.009375
RCN/BTC,1609351921760,2020-12-30T18:12:01.760Z,buy,1.26e-06,3386.0,0.00426636
RCN/BTC,1609351987522,2020-12-30T18:13:07.522Z,buy,1.26e-06,1746.0,0.00219996
RCN/BTC,1609352022741,2020-12-30T18:13:42.741Z,sell,1.25e-06,823.0,0.00102875
RCN/BTC,1609352201076,2020-12-30T18:16:41.076Z,buy,1.26e-06,6780.0,0.0085428
RCN/BTC,1609352346414,2020-12-30T18:19:06.414Z,sell,1.25e-06,624.0,0.00078
RCN/BTC,1609352586929,2020-12-30T18:23:06.929Z,buy,1.26e-06,2607.0,0.00328482
RCN/BTC,1609352626791,2020-12-30T18:23:46.791Z,buy,1.26e-06,349.0,0.00043974
RCN/BTC,1609352767711,2020-12-30T18:26:07.711Z,buy,1.26e-06,384.0,0.00048384
RCN/BTC,1609352863425,2020-12-30T18:27:43.425Z,buy,1.26e-06,140.0,0.0001764
RCN/BTC,1609352965124,2020-12-30T18:29:25.124Z,sell,1.25e-06,2423.0,0.00302875
RCN/BTC,1609353236824,2020-12-30T18:33:56.824Z,sell,1.25e-06,2182.0,0.0027275
RCN/BTC,1609353710291,2020-12-30T18:41:50.291Z,sell,1.25e-06,8911.0,0.01113875
RCN/BTC,1609354138992,2020-12-30T18:48:58.992Z,sell,1.25e-06,150.0,0.0001875
RCN/BTC,1609354303069,2020-12-30T18:51:43.069Z,buy,1.26e-06,142.0,0.00017892
RCN/BTC,1609354381318,2020-12-30T18:53:01.318Z,buy,1.26e-06,46611.0,0.05872986
RCN/BTC,1609354381318,2020-12-30T18:53:01.318Z,buy,1.27e-06,116030.0,0.1473581
RCN/BTC,1609354381318,2020-12-30T18:53:01.318Z,buy,1.28e-06,4301.0,0.00550528
RCN/BTC,1609354381318,2020-12-30T18:53:01.318Z,buy,1.29e-06,7879.0,0.01016391
RCN/BTC,1609354383832,2020-12-30T18:53:03.832Z,buy,1.28e-06,1313.0,0.00168064
RCN/BTC,1609354391434,2020-12-30T18:53:11.434Z,buy,1.27e-06,79.0,0.00010033
RCN/BTC,1609354392425,2020-12-30T18:53:12.425Z,buy,1.27e-06,79.0,0.00010033
RCN/BTC,1609354400241,2020-12-30T18:53:20.241Z,buy,1.27e-06,95.0,0.0001206499999999
RCN/BTC,1609354404425,2020-12-30T18:53:24.425Z,buy,1.27e-06,81.0,0.00010287
RCN/BTC,1609354410055,2020-12-30T18:53:30.055Z,sell,1.26e-06,2380.0,0.0029988
RCN/BTC,1609354410055,2020-12-30T18:53:30.055Z,sell,1.26e-06,2380.0,0.0029988
RCN/BTC,1609354518547,2020-12-30T18:55:18.547Z,sell,1.26e-06,4057.0,0.00511182
RCN/BTC,1609354518547,2020-12-30T18:55:18.547Z,sell,1.25e-06,25090.0,0.0313625
RCN/BTC,1609354518547,2020-12-30T18:55:18.547Z,sell,1.24e-06,102131.0,0.12664244
RCN/BTC,1609354518547,2020-12-30T18:55:18.547Z,sell,1.23e-06,50506.0,0.06212238
RCN/BTC,1609354518547,2020-12-30T18:55:18.547Z,sell,1.22e-06,17838.0,0.0217623599999999
RCN/BTC,1609354518747,2020-12-30T18:55:18.747Z,buy,1.23e-06,2992.0,0.00368016
RCN/BTC,1609354518775,2020-12-30T18:55:18.775Z,buy,1.23e-06,402.0,0.00049446
RCN/BTC,1609354518799,2020-12-30T18:55:18.799Z,buy,1.23e-06,8027.0,0.00987321
RCN/BTC,1609354518915,2020-12-30T18:55:18.915Z,buy,1.23e-06,2268.0,0.00278964
RCN/BTC,1609354519022,2020-12-30T18:55:19.022Z,buy,1.23e-06,1582.0,0.00194586
RCN/BTC,1609354519140,2020-12-30T18:55:19.140Z,buy,1.23e-06,968.0,0.00119064
RCN/BTC,1609354520694,2020-12-30T18:55:20.694Z,buy,1.23e-06,2803.0,0.00344769
RCN/BTC,1609354521475,2020-12-30T18:55:21.475Z,buy,1.23e-06,1163.0,0.00143049
RCN/BTC,1609354526623,2020-12-30T18:55:26.623Z,buy,1.23e-06,81.0,9.963e-05
RCN/BTC,1609354527955,2020-12-30T18:55:27.955Z,buy,1.23e-06,82.0,0.00010086
RCN/BTC,1609354531586,2020-12-30T18:55:31.586Z,buy,1.23e-06,3394.0,0.00417462
RCN/BTC,1609354534050,2020-12-30T18:55:34.050Z,buy,1.23e-06,119.0,0.00014637
RCN/BTC,1609354536672,2020-12-30T18:55:36.672Z,buy,1.23e-06,421.0,0.00051783
RCN/BTC,1609354541402,2020-12-30T18:55:41.402Z,buy,1.23e-06,485.0,0.00059655
RCN/BTC,1609354567948,2020-12-30T18:56:07.948Z,buy,1.23e-06,162.0,0.00019926
RCN/BTC,1609354568067,2020-12-30T18:56:08.067Z,sell,1.22e-06,83.0,0.00010126
RCN/BTC,1609354575964,2020-12-30T18:56:15.964Z,sell,1.22e-06,250.0,0.000305
RCN/BTC,1609354638632,2020-12-30T18:57:18.632Z,buy,1.23e-06,730.0,0.0008979
RCN/BTC,1609354685198,2020-12-30T18:58:05.198Z,buy,1.23e-06,2826.0,0.00347598
RCN/BTC,1609354725292,2020-12-30T18:58:45.292Z,buy,1.23e-06,2971.0,0.00365433
RCN/BTC,1609354732041,2020-12-30T18:58:52.041Z,buy,1.23e-06,22596.0,0.02779308
RCN/BTC,1609354748536,2020-12-30T18:59:08.536Z,buy,1.23e-06,1001.0,0.00123123
RCN/BTC,1609354817851,2020-12-30T19:00:17.851Z,sell,1.22e-06,26955.0,0.0328851
RCN/BTC,1609354833953,2020-12-30T19:00:33.953Z,buy,1.22e-06,802.0,0.00097844
RCN/BTC,1609354841624,2020-12-30T19:00:41.624Z,buy,1.22e-06,3886.0,0.00474092
RCN/BTC,1609354857316,2020-12-30T19:00:57.316Z,buy,1.22e-06,3345.0,0.0040809
RCN/BTC,1609354859052,2020-12-30T19:00:59.052Z,buy,1.22e-06,3958.0,0.00482876
RCN/BTC,1609354866981,2020-12-30T19:01:06.981Z,buy,1.22e-06,169.0,0.0002061799999999
RCN/BTC,1609354867415,2020-12-30T19:01:07.415Z,buy,1.22e-06,82.0,0.00010004
RCN/BTC,1609355048162,2020-12-30T19:04:08.162Z,buy,1.22e-06,179.0,0.00021838
RCN/BTC,1609355083041,2020-12-30T19:04:43.041Z,buy,1.22e-06,179.0,0.00021838
RCN/BTC,1609355201630,2020-12-30T19:06:41.630Z,buy,1.22e-06,34630.0,0.0422486
RCN/BTC,1609355202498,2020-12-30T19:06:42.498Z,buy,1.22e-06,1452.0,0.00177144
RCN/BTC,1609355442214,2020-12-30T19:10:42.214Z,buy,1.22e-06,722.0,0.0008808399999999
RCN/BTC,1609355751873,2020-12-30T19:15:51.873Z,sell,1.21e-06,83.0,0.00010043
RCN/BTC,1609355901462,2020-12-30T19:18:21.462Z,buy,1.22e-06,23454.0,0.0286138799999999
RCN/BTC,1609355911908,2020-12-30T19:18:31.908Z,buy,1.22e-06,82.0,0.00010004
RCN/BTC,1609356007215,2020-12-30T19:20:07.215Z,buy,1.22e-06,427.0,0.00052094
RCN/BTC,1609356037528,2020-12-30T19:20:37.528Z,sell,1.21e-06,350.0,0.0004235
RCN/BTC,1609356041684,2020-12-30T19:20:41.684Z,buy,1.22e-06,605.0,0.0007381
RCN/BTC,1609356152836,2020-12-30T19:22:32.836Z,buy,1.22e-06,84.0,0.00010248
RCN/BTC,1609356220963,2020-12-30T19:23:40.963Z,buy,1.22e-06,711.0,0.0008674199999999
RCN/BTC,1609356369405,2020-12-30T19:26:09.405Z,buy,1.22e-06,356.0,0.00043432
RCN/BTC,1609356415667,2020-12-30T19:26:55.667Z,buy,1.22e-06,3110.0,0.0037941999999999
RCN/BTC,1609356415667,2020-12-30T19:26:55.667Z,buy,1.23e-06,2397.0,0.00294831
RCN/BTC,1609356415667,2020-12-30T19:26:55.667Z,buy,1.23e-06,100.0,0.000123
RCN/BTC,1609356415728,2020-12-30T19:26:55.728Z,sell,1.22e-06,5000.0,0.0060999999999999
RCN/BTC,1609356420761,2020-12-30T19:27:00.761Z,sell,1.22e-06,5000.0,0.0060999999999999
RCN/BTC,1609356425791,2020-12-30T19:27:05.791Z,sell,1.22e-06,5000.0,0.0060999999999999
RCN/BTC,1609356430815,2020-12-30T19:27:10.815Z,sell,1.22e-06,5000.0,0.0060999999999999
RCN/BTC,1609356435851,2020-12-30T19:27:15.851Z,sell,1.22e-06,5000.0,0.0060999999999999
RCN/BTC,1609356440882,2020-12-30T19:27:20.882Z,sell,1.22e-06,5000.0,0.0060999999999999
RCN/BTC,1609356441156,2020-12-30T19:27:21.156Z,buy,1.23e-06,1000.0,0.00123
RCN/BTC,1609356445918,2020-12-30T19:27:25.918Z,sell,1.22e-06,5000.0,0.0060999999999999
RCN/BTC,1609356450949,2020-12-30T19:27:30.949Z,sell,1.22e-06,5000.0,0.0060999999999999
RCN/BTC,1609356455976,2020-12-30T19:27:35.976Z,sell,1.22e-06,5000.0,0.0060999999999999
RCN/BTC,1609356461013,2020-12-30T19:27:41.013Z,sell,1.22e-06,5000.0,0.0060999999999999
RCN/BTC,1609356461535,2020-12-30T19:27:41.535Z,buy,1.23e-06,248.0,0.00030504
RCN/BTC,1609356466041,2020-12-30T19:27:46.041Z,sell,1.22e-06,5000.0,0.0060999999999999
RCN/BTC,1609356471078,2020-12-30T19:27:51.078Z,sell,1.22e-06,5000.0,0.0060999999999999
RCN/BTC,1609356476113,2020-12-30T19:27:56.113Z,sell,1.22e-06,5000.0,0.0060999999999999
RCN/BTC,1609356481141,2020-12-30T19:28:01.141Z,sell,1.22e-06,5000.0,0.0060999999999999
RCN/BTC,1609356486183,2020-12-30T19:28:06.183Z,sell,1.22e-06,5000.0,0.0060999999999999
RCN/BTC,1609356487474,2020-12-30T19:28:07.474Z,buy,1.23e-06,157.0,0.00019311
RCN/BTC,1609356491215,2020-12-30T19:28:11.215Z,sell,1.22e-06,5000.0,0.0060999999999999
RCN/BTC,1609356496245,2020-12-30T19:28:16.245Z,sell,1.22e-06,5000.0,0.0060999999999999
RCN/BTC,1609356501275,2020-12-30T19:28:21.275Z,sell,1.22e-06,5000.0,0.0060999999999999
RCN/BTC,1609356506297,2020-12-30T19:28:26.297Z,sell,1.22e-06,5000.0,0.0060999999999999
RCN/BTC,1609356511337,2020-12-30T19:28:31.337Z,sell,1.22e-06,5000.0,0.0060999999999999
RCN/BTC,1609356516376,2020-12-30T19:28:36.376Z,sell,1.22e-06,5000.0,0.0060999999999999
RCN/BTC,1609356521405,2020-12-30T19:28:41.405Z,sell,1.22e-06,5000.0,0.0060999999999999
RCN/BTC,1609356526441,2020-12-30T19:28:46.441Z,sell,1.22e-06,5000.0,0.0060999999999999
RCN/BTC,1609356531473,2020-12-30T19:28:51.473Z,sell,1.22e-06,5000.0,0.0060999999999999
RCN/BTC,1609356536504,2020-12-30T19:28:56.504Z,sell,1.22e-06,5000.0,0.0060999999999999
RCN/BTC,1609356541540,2020-12-30T19:29:01.540Z,sell,1.22e-06,5000.0,0.0060999999999999
RCN/BTC,1609356546572,2020-12-30T19:29:06.572Z,sell,1.22e-06,5000.0,0.0060999999999999
RCN/BTC,1609356551596,2020-12-30T19:29:11.596Z,sell,1.22e-06,5000.0,0.0060999999999999
RCN/BTC,1609356556627,2020-12-30T19:29:16.627Z,sell,1.22e-06,5000.0,0.0060999999999999
RCN/BTC,1609356561664,2020-12-30T19:29:21.664Z,sell,1.22e-06,5000.0,0.0060999999999999
RCN/BTC,1609356566704,2020-12-30T19:29:26.704Z,sell,1.22e-06,5000.0,0.0060999999999999
RCN/BTC,1609356571736,2020-12-30T19:29:31.736Z,sell,1.22e-06,5000.0,0.0060999999999999
RCN/BTC,1609356576777,2020-12-30T19:29:36.777Z,sell,1.22e-06,5000.0,0.0060999999999999
RCN/BTC,1609356581810,2020-12-30T19:29:41.810Z,sell,1.22e-06,5000.0,0.0060999999999999
RCN/BTC,1609356586841,2020-12-30T19:29:46.841Z,sell,1.22e-06,5000.0,0.0060999999999999
RCN/BTC,1609356591872,2020-12-30T19:29:51.872Z,sell,1.22e-06,5000.0,0.0060999999999999
RCN/BTC,1609356596906,2020-12-30T19:29:56.906Z,sell,1.22e-06,5000.0,0.0060999999999999
RCN/BTC,1609356643297,2020-12-30T19:30:43.297Z,buy,1.22e-06,3539.0,0.00431758
RCN/BTC,1609356680033,2020-12-30T19:31:20.033Z,buy,1.22e-06,1461.0,0.00178242
RCN/BTC,1609356680135,2020-12-30T19:31:20.135Z,sell,1.22e-06,5000.0,0.0060999999999999
RCN/BTC,1609356685161,2020-12-30T19:31:25.161Z,sell,1.22e-06,5000.0,0.0060999999999999
RCN/BTC,1609356726580,2020-12-30T19:32:06.580Z,buy,1.22e-06,389.0,0.00047458
RCN/BTC,1609356767911,2020-12-30T19:32:47.911Z,buy,1.22e-06,4611.0,0.00562542
RCN/BTC,1609356770158,2020-12-30T19:32:50.158Z,sell,1.22e-06,5000.0,0.0060999999999999
RCN/BTC,1609356844118,2020-12-30T19:34:04.118Z,buy,1.22e-06,5989.0,0.00730658
RCN/BTC,1609356943748,2020-12-30T19:35:43.748Z,buy,1.23e-06,370.0,0.0004551
RCN/BTC,1609356972873,2020-12-30T19:36:12.873Z,buy,1.23e-06,30058.0,0.03697134
RCN/BTC,1609356987054,2020-12-30T19:36:27.054Z,buy,1.23e-06,7000.0,0.00861
RCN/BTC,1609356994634,2020-12-30T19:36:34.634Z,buy,1.23e-06,500.0,0.000615
RCN/BTC,1609357003694,2020-12-30T19:36:43.694Z,buy,1.23e-06,300.0,0.000369
RCN/BTC,1609357014789,2020-12-30T19:36:54.789Z,buy,1.23e-06,131.0,0.00016113
RCN/BTC,1609357026751,2020-12-30T19:37:06.751Z,buy,1.23e-06,1059.0,0.00130257
RCN/BTC,1609357239424,2020-12-30T19:40:39.424Z,buy,1.23e-06,28287.0,0.03479301
RCN/BTC,1609357327742,2020-12-30T19:42:07.742Z,buy,1.23e-06,190.0,0.0002337
RCN/BTC,1609357640031,2020-12-30T19:47:20.031Z,sell,1.22e-06,2771.0,0.00338062
RCN/BTC,1609357640031,2020-12-30T19:47:20.031Z,sell,1.22e-06,2771.0,0.00338062
RCN/BTC,1609358382712,2020-12-30T19:59:42.712Z,sell,1.22e-06,168.0,0.00020496
RCN/BTC,1609358408093,2020-12-30T20:00:08.093Z,buy,1.23e-06,177.0,0.00021771
RCN/BTC,1609358501115,2020-12-30T20:01:41.115Z,buy,1.23e-06,2809.0,0.00345507
RCN/BTC,1609358909250,2020-12-30T20:08:29.250Z,buy,1.23e-06,98.0,0.00012054
RCN/BTC,1609359128329,2020-12-30T20:12:08.329Z,buy,1.23e-06,212.0,0.00026076
RCN/BTC,1609359835894,2020-12-30T20:23:55.894Z,buy,1.23e-06,734.0,0.00090282
RCN/BTC,1609360041072,2020-12-30T20:27:21.072Z,buy,1.23e-06,1909.0,0.00234807
RCN/BTC,1609360120698,2020-12-30T20:28:40.698Z,buy,1.23e-06,354.0,0.00043542
RCN/BTC,1609360206458,2020-12-30T20:30:06.458Z,sell,1.22e-06,2020.0,0.0024644
RCN/BTC,1609360661808,2020-12-30T20:37:41.808Z,buy,1.23e-06,115.0,0.00014145
RCN/BTC,1609360782637,2020-12-30T20:39:42.637Z,buy,1.23e-06,1395.0,0.00171585
RCN/BTC,1609360782637,2020-12-30T20:39:42.637Z,buy,1.23e-06,1395.0,0.00171585
RCN/BTC,1609361381514,2020-12-30T20:49:41.514Z,sell,1.22e-06,212.0,0.00025864
RCN/BTC,1609361441663,2020-12-30T20:50:41.663Z,sell,1.22e-06,171.0,0.00020862
RCN/BTC,1609361623407,2020-12-30T20:53:43.407Z,buy,1.23e-06,176.0,0.00021648
RCN/BTC,1609361742437,2020-12-30T20:55:42.437Z,buy,1.23e-06,10553.0,0.01298019
RCN/BTC,1609361800392,2020-12-30T20:56:40.392Z,buy,1.23e-06,8296.0,0.01020408
RCN/BTC,1609362223592,2020-12-30T21:03:43.592Z,buy,1.23e-06,742.0,0.00091266
RCN/BTC,1609362357924,2020-12-30T21:05:57.924Z,sell,1.22e-06,1615.0,0.0019703
RCN/BTC,1609363072439,2020-12-30T21:17:52.439Z,buy,1.23e-06,2083.0,0.00256209
RCN/BTC,1609363123339,2020-12-30T21:18:43.339Z,buy,1.23e-06,172.0,0.00021156
RCN/BTC,1609363123499,2020-12-30T21:18:43.499Z,sell,1.22e-06,1418.0,0.00172996
RCN/BTC,1609363123887,2020-12-30T21:18:43.887Z,sell,1.22e-06,2555.0,0.0031171
RCN/BTC,1609363123894,2020-12-30T21:18:43.894Z,sell,1.22e-06,1137.0,0.00138714
RCN/BTC,1609363632707,2020-12-30T21:27:12.707Z,sell,1.22e-06,26931.0,0.03285582
RCN/BTC,1609363632707,2020-12-30T21:27:12.707Z,sell,1.21e-06,82744.0,0.10012024
RCN/BTC,1609363632838,2020-12-30T21:27:12.838Z,sell,1.22e-06,5000.0,0.0060999999999999
RCN/BTC,1609363781292,2020-12-30T21:29:41.292Z,sell,1.22e-06,1636.0,0.00199592
RCN/BTC,1609363781541,2020-12-30T21:29:41.541Z,buy,1.23e-06,177.0,0.00021771
RCN/BTC,1609364284728,2020-12-30T21:38:04.728Z,buy,1.23e-06,19701.0,0.02423223
RCN/BTC,1609364322226,2020-12-30T21:38:42.226Z,sell,1.22e-06,197.0,0.00024034
RCN/BTC,1609364332647,2020-12-30T21:38:52.647Z,sell,1.22e-06,2034.0,0.00248148
RCN/BTC,1609364332647,2020-12-30T21:38:52.647Z,sell,1.22e-06,2034.0,0.00248148
RCN/BTC,1609364683017,2020-12-30T21:44:43.017Z,buy,1.23e-06,119.0,0.00014637
RCN/BTC,1609364766650,2020-12-30T21:46:06.650Z,buy,1.23e-06,177.0,0.00021771
RCN/BTC,1609364782492,2020-12-30T21:46:22.492Z,buy,1.23e-06,500.0,0.000615
RCN/BTC,1609364810504,2020-12-30T21:46:50.504Z,buy,1.23e-06,500.0,0.000615
RCN/BTC,1609364969862,2020-12-30T21:49:29.862Z,sell,1.22e-06,3115.0,0.0038003
RCN/BTC,1609364969862,2020-12-30T21:49:29.862Z,sell,1.21e-06,1785.0,0.00215985
RCN/BTC,1609365281218,2020-12-30T21:54:41.218Z,buy,1.22e-06,235.0,0.0002867
RCN/BTC,1609365370097,2020-12-30T21:56:10.097Z,buy,1.22e-06,2017.0,0.00246074
RCN/BTC,1609365821946,2020-12-30T22:03:41.946Z,buy,1.22e-06,7096.0,0.0086571199999999
RCN/BTC,1609366013081,2020-12-30T22:06:53.081Z,buy,1.22e-06,2937.0,0.00358314
RCN/BTC,1609366658734,2020-12-30T22:17:38.734Z,sell,1.21e-06,1694.0,0.00204974
RCN/BTC,1609366872076,2020-12-30T22:21:12.076Z,buy,1.22e-06,6919.0,0.00844118
RCN/BTC,1609366872076,2020-12-30T22:21:12.076Z,buy,1.22e-06,82.0,0.00010004
RCN/BTC,1609366886116,2020-12-30T22:21:26.116Z,buy,1.22e-06,3459.0,0.00421998
RCN/BTC,1609366893160,2020-12-30T22:21:33.160Z,buy,1.22e-06,1730.0,0.0021106
RCN/BTC,1609366900166,2020-12-30T22:21:40.166Z,buy,1.22e-06,1557.0,0.00189954
RCN/BTC,1609366975698,2020-12-30T22:22:55.698Z,buy,1.22e-06,1065.0,0.0012993
RCN/BTC,1609367147324,2020-12-30T22:25:47.324Z,buy,1.22e-06,21084.0,0.02572248
RCN/BTC,1609367921311,2020-12-30T22:38:41.311Z,buy,1.23e-06,2032.0,0.00249936
RCN/BTC,1609367921311,2020-12-30T22:38:41.311Z,buy,1.23e-06,2032.0,0.00249936
RCN/BTC,1609368042719,2020-12-30T22:40:42.719Z,sell,1.22e-06,130.0,0.0001586
RCN/BTC,1609368566650,2020-12-30T22:49:26.650Z,sell,1.22e-06,7524.0,0.00917928
RCN/BTC,1609368945790,2020-12-30T22:55:45.790Z,buy,1.23e-06,105.0,0.00012915
RCN/BTC,1609368976620,2020-12-30T22:56:16.620Z,sell,1.22e-06,100.0,0.000122
RCN/BTC,1609368986843,2020-12-30T22:56:26.843Z,buy,1.23e-06,123.0,0.00015129
RCN/BTC,1609369207426,2020-12-30T23:00:07.426Z,buy,1.23e-06,146.0,0.00017958
RCN/BTC,1609369709126,2020-12-30T23:08:29.126Z,sell,1.22e-06,917.0,0.00111874
RCN/BTC,1609369841883,2020-12-30T23:10:41.883Z,buy,1.23e-06,353.0,0.00043419
RCN/BTC,1609370166500,2020-12-30T23:16:06.500Z,sell,1.22e-06,320.0,0.0003904
RCN/BTC,1609370760433,2020-12-30T23:26:00.433Z,sell,1.22e-06,5719.0,0.0069771799999999
RCN/BTC,1609370760433,2020-12-30T23:26:00.433Z,sell,1.21e-06,1969.0,0.00238249
RCN/BTC,1609370946988,2020-12-30T23:29:06.988Z,buy,1.22e-06,136.0,0.0001659199999999
RCN/BTC,1609370957955,2020-12-30T23:29:17.955Z,buy,1.22e-06,17091.0,0.0208510199999999
RCN/BTC,1609370957955,2020-12-30T23:29:17.955Z,buy,1.23e-06,200440.0,0.2465412
RCN/BTC,1609370958136,2020-12-30T23:29:18.136Z,buy,1.22e-06,5000.0,0.0060999999999999
RCN/BTC,1609370982074,2020-12-30T23:29:42.074Z,sell,1.21e-06,1394.0,0.00168674
RCN/BTC,1609371040458,2020-12-30T23:30:40.458Z,buy,1.22e-06,1066.0,0.0013005199999999
RCN/BTC,1609371340447,2020-12-30T23:35:40.447Z,buy,1.22e-06,356.0,0.00043432
RCN/BTC,1609371340447,2020-12-30T23:35:40.447Z,buy,1.22e-06,356.0,0.00043432
RCN/BTC,1609371654792,2020-12-30T23:40:54.792Z,sell,1.21e-06,14096.0,0.01705616
RCN/BTC,1609371942340,2020-12-30T23:45:42.340Z,sell,1.21e-06,7095.0,0.00858495
RCN/BTC,1609372326523,2020-12-30T23:52:06.523Z,buy,1.22e-06,3749.0,0.0045737799999999
RCN/BTC,1609372601601,2020-12-30T23:56:41.601Z,buy,1.22e-06,711.0,0.0008674199999999
RCN/BTC,1609372631014,2020-12-30T23:57:11.014Z,sell,1.21e-06,632.0,0.00076472
RCN/BTC,1609372687195,2020-12-30T23:58:07.195Z,buy,1.22e-06,189.0,0.00023058
RCN/BTC,1609372782910,2020-12-30T23:59:42.910Z,buy,1.22e-06,119.0,0.00014518
RCN/BTC,1609373047036,2020-12-31T00:04:07.036Z,buy,1.22e-06,17437.0,0.02127314
RCN/BTC,1609373946370,2020-12-31T00:19:06.370Z,buy,1.22e-06,385.0,0.0004697
RCN/BTC,1609374612630,2020-12-31T00:30:12.630Z,buy,1.22e-06,162.0,0.0001976399999999
RCN/BTC,1609374614431,2020-12-31T00:30:14.431Z,buy,1.22e-06,60903.0,0.0743016599999999
RCN/BTC,1609374649676,2020-12-31T00:30:49.676Z,sell,1.22e-06,35080.0,0.0427976
RCN/BTC,1609374733065,2020-12-31T00:32:13.065Z,sell,1.21e-06,131.0,0.00015851
RCN/BTC,1609374875889,2020-12-31T00:34:35.889Z,sell,1.21e-06,10372.0,0.01255012
RCN/BTC,1609374893524,2020-12-31T00:34:53.524Z,sell,1.2e-06,402.0,0.0004823999999999
RCN/BTC,1609374893524,2020-12-31T00:34:53.524Z,sell,1.2e-06,134.0,0.0001608
RCN/BTC,1609374893524,2020-12-31T00:34:53.524Z,sell,1.2e-06,289.0,0.0003467999999999
RCN/BTC,1609374893524,2020-12-31T00:34:53.524Z,sell,1.2e-06,402.0,0.0004823999999999
RCN/BTC,1609374893524,2020-12-31T00:34:53.524Z,sell,1.2e-06,134.0,0.0001608
RCN/BTC,1609374893524,2020-12-31T00:34:53.524Z,sell,1.2e-06,289.0,0.0003467999999999
RCN/BTC,1609375213531,2020-12-31T00:40:13.531Z,sell,1.2e-06,17702.0,0.0212423999999999
RCN/BTC,1609375214980,2020-12-31T00:40:14.980Z,buy,1.2e-06,8812.0,0.0105744
RCN/BTC,1609375328086,2020-12-31T00:42:08.086Z,buy,1.21e-06,625.0,0.00075625
RCN/BTC,1609375328086,2020-12-31T00:42:08.086Z,buy,1.21e-06,85.0,0.00010285
RCN/BTC,1609375481063,2020-12-31T00:44:41.063Z,buy,1.21e-06,2077.0,0.00251317
RCN/BTC,1609375808344,2020-12-31T00:50:08.344Z,buy,1.21e-06,355.0,0.00042955
RCN/BTC,1609376657606,2020-12-31T01:04:17.606Z,buy,1.21e-06,410.0,0.0004961
RCN/BTC,1609376707304,2020-12-31T01:05:07.304Z,buy,1.21e-06,339.0,0.00041019
RCN/BTC,1609376707332,2020-12-31T01:05:07.332Z,sell,1.2e-06,1451.0,0.0017411999999999
RCN/BTC,1609376827492,2020-12-31T01:07:07.492Z,buy,1.21e-06,2502.0,0.00302742
RCN/BTC,1609376928216,2020-12-31T01:08:48.216Z,buy,1.21e-06,4325.0,0.00523325
RCN/BTC,1609376981744,2020-12-31T01:09:41.744Z,buy,1.21e-06,182.0,0.00022022
RCN/BTC,1609377008325,2020-12-31T01:10:08.325Z,buy,1.21e-06,359.0,0.00043439
RCN/BTC,1609377097549,2020-12-31T01:11:37.549Z,buy,1.21e-06,4006.0,0.00484726
RCN/BTC,1609377104571,2020-12-31T01:11:44.571Z,buy,1.21e-06,2001.0,0.00242121
RCN/BTC,1609377111348,2020-12-31T01:11:51.348Z,buy,1.21e-06,1799.0,0.00217679
RCN/BTC,1609377119453,2020-12-31T01:11:59.453Z,buy,1.21e-06,1075.0,0.00130075
RCN/BTC,1609377125224,2020-12-31T01:12:05.224Z,buy,1.21e-06,2064.0,0.00249744
RCN/BTC,1609377132262,2020-12-31T01:12:12.262Z,buy,1.21e-06,1855.0,0.00224455
RCN/BTC,1609377139196,2020-12-31T01:12:19.196Z,buy,1.21e-06,205.0,0.00024805
RCN/BTC,1609377139196,2020-12-31T01:12:19.196Z,buy,1.22e-06,9747.0,0.01189134
RCN/BTC,1609377146253,2020-12-31T01:12:26.253Z,buy,1.22e-06,4976.0,0.00607072
RCN/BTC,1609377153352,2020-12-31T01:12:33.352Z,buy,1.22e-06,2488.0,0.00303536
RCN/BTC,1609377160194,2020-12-31T01:12:40.194Z,buy,1.22e-06,2240.0,0.0027328
RCN/BTC,1609377162636,2020-12-31T01:12:42.636Z,buy,1.22e-06,554.0,0.00067588
RCN/BTC,1609377365959,2020-12-31T01:16:05.959Z,buy,1.22e-06,179.0,0.00021838
RCN/BTC,1609377401957,2020-12-31T01:16:41.957Z,buy,1.22e-06,1783.0,0.00217526
RCN/BTC,1609377470623,2020-12-31T01:17:50.623Z,sell,1.21e-06,3226.0,0.00390346
RCN/BTC,1609377763273,2020-12-31T01:22:43.273Z,buy,1.22e-06,356.0,0.00043432
RCN/BTC,1609378386664,2020-12-31T01:33:06.664Z,sell,1.21e-06,160.0,0.0001936
RCN/BTC,1609378421704,2020-12-31T01:33:41.704Z,sell,1.21e-06,382.0,0.00046222
RCN/BTC,1609378421704,2020-12-31T01:33:41.704Z,sell,1.21e-06,382.0,0.00046222
RCN/BTC,1609378650931,2020-12-31T01:37:30.931Z,buy,1.22e-06,210.0,0.0002562
RCN/BTC,1609378902451,2020-12-31T01:41:42.451Z,buy,1.22e-06,392.0,0.00047824
RCN/BTC,1609379227952,2020-12-31T01:47:07.952Z,sell,1.21e-06,173.0,0.00020933
RCN/BTC,1609379322310,2020-12-31T01:48:42.310Z,sell,1.21e-06,1726.0,0.00208846
RCN/BTC,1609379378712,2020-12-31T01:49:38.712Z,sell,1.21e-06,1035.0,0.00125235
RCN/BTC,1609380127386,2020-12-31T02:02:07.386Z,buy,1.21e-06,162.0,0.00019602
RCN/BTC,1609380221835,2020-12-31T02:03:41.835Z,buy,1.21e-06,250.0,0.0003025
RCN/BTC,1609380457298,2020-12-31T02:07:37.298Z,sell,1.2e-06,6429.0,0.0077148
RCN/BTC,1609380531002,2020-12-31T02:08:51.002Z,buy,1.21e-06,4672.0,0.00565312
RCN/BTC,1609380548135,2020-12-31T02:09:08.135Z,sell,1.2e-06,173.0,0.0002075999999999
RCN/BTC,1609380582495,2020-12-31T02:09:42.495Z,buy,1.22e-06,3943.0,0.00481046
RCN/BTC,1609380702086,2020-12-31T02:11:42.086Z,buy,1.22e-06,1765.0,0.0021533
RCN/BTC,1609380774821,2020-12-31T02:12:54.821Z,buy,1.22e-06,39341.0,0.04799602
RCN/BTC,1609380882923,2020-12-31T02:14:42.923Z,buy,1.22e-06,177.0,0.00021594
RCN/BTC,1609381125794,2020-12-31T02:18:45.794Z,sell,1.2e-06,3391.0,0.0040692
RCN/BTC,1609381146814,2020-12-31T02:19:06.814Z,buy,1.22e-06,1771.0,0.00216062
RCN/BTC,1609381295048,2020-12-31T02:21:35.048Z,buy,1.22e-06,1059.0,0.0012919799999999
RCN/BTC,1609381387557,2020-12-31T02:23:07.557Z,buy,1.22e-06,354.0,0.00043188
RCN/BTC,1609381623638,2020-12-31T02:27:03.638Z,buy,1.22e-06,209.0,0.00025498
RCN/BTC,1609381839989,2020-12-31T02:30:39.989Z,buy,1.22e-06,17630.0,0.0215086
RCN/BTC,1609381840056,2020-12-31T02:30:40.056Z,sell,1.22e-06,3965.0,0.0048373
RCN/BTC,1609381841070,2020-12-31T02:30:41.070Z,sell,1.22e-06,2995.0,0.0036539
RCN/BTC,1609381841070,2020-12-31T02:30:41.070Z,sell,1.22e-06,2995.0,0.0036539
RCN/BTC,1609382346361,2020-12-31T02:39:06.361Z,buy,1.22e-06,781.0,0.00095282
RCN/BTC,1609382461011,2020-12-31T02:41:01.011Z,sell,1.21e-06,5000.0,0.00605
RCN/BTC,1609382461011,2020-12-31T02:41:01.011Z,sell,1.2e-06,40730.0,0.0488759999999999
RCN/BTC,1609382586869,2020-12-31T02:43:06.869Z,buy,1.22e-06,142.0,0.00017324
RCN/BTC,1609383045442,2020-12-31T02:50:45.442Z,sell,1.21e-06,331.0,0.00040051
RCN/BTC,1609383079161,2020-12-31T02:51:19.161Z,buy,1.22e-06,500.0,0.00061
RCN/BTC,1609383462848,2020-12-31T02:57:42.848Z,buy,1.22e-06,6818.0,0.00831796
RCN/BTC,1609383641426,2020-12-31T03:00:41.426Z,buy,1.22e-06,9407.0,0.01147654
RCN/BTC,1609384722185,2020-12-31T03:18:42.185Z,buy,1.22e-06,8842.0,0.01078724
RCN/BTC,1609384813463,2020-12-31T03:20:13.463Z,sell,1.21e-06,233.0,0.00028193
RCN/BTC,1609385048149,2020-12-31T03:24:08.149Z,buy,1.22e-06,1056.0,0.00128832
RCN/BTC,1609385149367,2020-12-31T03:25:49.367Z,buy,1.22e-06,308.0,0.00037576
RCN/BTC,1609385149367,2020-12-31T03:25:49.367Z,buy,1.22e-06,308.0,0.00037576
RCN/BTC,1609385466736,2020-12-31T03:31:06.736Z,buy,1.22e-06,374.0,0.00045628
RCN/BTC,1609385587521,2020-12-31T03:33:07.521Z,buy,1.22e-06,414.0,0.00050508
RCN/BTC,1609385706897,2020-12-31T03:35:06.897Z,buy,1.22e-06,175.0,0.0002134999999999
RCN/BTC,1609385747061,2020-12-31T03:35:47.061Z,sell,1.21e-06,892.0,0.00107932
RCN/BTC,1609385922773,2020-12-31T03:38:42.773Z,buy,1.22e-06,149.0,0.0001817799999999
RCN/BTC,1609386008891,2020-12-31T03:40:08.891Z,buy,1.22e-06,1051.0,0.00128222
RCN/BTC,1609386258655,2020-12-31T03:44:18.655Z,sell,1.21e-06,892.0,0.00107932
RCN/BTC,1609386465909,2020-12-31T03:47:45.909Z,sell,1.21e-06,6708.0,0.00811668
RCN/BTC,1609386500781,2020-12-31T03:48:20.781Z,buy,1.21e-06,2000.0,0.00242
RCN/BTC,1609386607909,2020-12-31T03:50:07.909Z,buy,1.21e-06,3666.0,0.00443586
RCN/BTC,1609386669039,2020-12-31T03:51:09.039Z,buy,1.21e-06,827.0,0.00100067
RCN/BTC,1609386700405,2020-12-31T03:51:40.405Z,buy,1.21e-06,950.0,0.0011495
RCN/BTC,1609386882379,2020-12-31T03:54:42.379Z,sell,1.2e-06,199.0,0.0002387999999999
RCN/BTC,1609387026594,2020-12-31T03:57:06.594Z,sell,1.2e-06,300.0,0.0003599999999999
RCN/BTC,1609387061579,2020-12-31T03:57:41.579Z,sell,1.2e-06,1680.0,0.002016
RCN/BTC,1609387169146,2020-12-31T03:59:29.146Z,buy,1.21e-06,412.0,0.00049852
RCN/BTC,1609387177850,2020-12-31T03:59:37.850Z,buy,1.21e-06,950.0,0.0011495
RCN/BTC,1609387509677,2020-12-31T04:05:09.677Z,buy,1.21e-06,706.0,0.00085426
RCN/BTC,1609387807123,2020-12-31T04:10:07.123Z,buy,1.21e-06,4374.0,0.00529254
RCN/BTC,1609387912077,2020-12-31T04:11:52.077Z,sell,1.2e-06,9516.0,0.0114192
RCN/BTC,1609387912077,2020-12-31T04:11:52.077Z,sell,1.19e-06,5987.0,0.00712453
RCN/BTC,1609387912077,2020-12-31T04:11:52.077Z,sell,1.19e-06,8714.0,0.01036966
RCN/BTC,1609387912776,2020-12-31T04:11:52.776Z,buy,1.19e-06,956.0,0.00113764
RCN/BTC,1609387912809,2020-12-31T04:11:52.809Z,buy,1.19e-06,2478.0,0.00294882
RCN/BTC,1609387913119,2020-12-31T04:11:53.119Z,buy,1.19e-06,4134.0,0.00491946
RCN/BTC,1609387913488,2020-12-31T04:11:53.488Z,buy,1.19e-06,5000.0,0.00595
RCN/BTC,1609387913871,2020-12-31T04:11:53.871Z,buy,1.19e-06,924.0,0.00109956
RCN/BTC,1609387917550,2020-12-31T04:11:57.550Z,buy,1.19e-06,4135.0,0.00492065
RCN/BTC,1609387919408,2020-12-31T04:11:59.408Z,buy,1.19e-06,8348.0,0.00993412
RCN/BTC,1609387931706,2020-12-31T04:12:11.706Z,sell,1.18e-06,34407.0,0.04060026
RCN/BTC,1609387931706,2020-12-31T04:12:11.706Z,sell,1.18e-06,6329.0,0.0074682199999999
RCN/BTC,1609387931706,2020-12-31T04:12:11.706Z,sell,1.18e-06,6167.0,0.0072770599999999
RCN/BTC,1609387931706,2020-12-31T04:12:11.706Z,sell,1.17e-06,826.0,0.00096642
RCN/BTC,1609387931706,2020-12-31T04:12:11.706Z,sell,1.17e-06,6803.0,0.00795951
RCN/BTC,1609387931706,2020-12-31T04:12:11.706Z,sell,1.17e-06,8255.0,0.00965835
RCN/BTC,1609387931706,2020-12-31T04:12:11.706Z,sell,1.17e-06,449.0,0.00052533
RCN/BTC,1609387934628,2020-12-31T04:12:14.628Z,sell,1.17e-06,615.0,0.00071955
RCN/BTC,1609387935395,2020-12-31T04:12:15.395Z,buy,1.18e-06,2271.0,0.0026797799999999
RCN/BTC,1609387935927,2020-12-31T04:12:15.927Z,buy,1.18e-06,2099.0,0.00247682
RCN/BTC,1609387936059,2020-12-31T04:12:16.059Z,buy,1.18e-06,716.0,0.0008448799999999
RCN/BTC,1609387936059,2020-12-31T04:12:16.059Z,buy,1.19e-06,9700.0,0.011543
RCN/BTC,1609387939908,2020-12-31T04:12:19.908Z,buy,1.19e-06,2260.0,0.0026894
RCN/BTC,1609387953047,2020-12-31T04:12:33.047Z,buy,1.19e-06,1505.0,0.00179095
RCN/BTC,1609387964971,2020-12-31T04:12:44.971Z,buy,1.19e-06,2024.0,0.00240856
RCN/BTC,1609387982692,2020-12-31T04:13:02.692Z,buy,1.19e-06,86.0,0.00010234
RCN/BTC,1609388004719,2020-12-31T04:13:24.719Z,sell,1.18e-06,86.0,0.00010148
RCN/BTC,1609388050372,2020-12-31T04:14:10.372Z,buy,1.19e-06,734.0,0.00087346
RCN/BTC,1609388102205,2020-12-31T04:15:02.205Z,buy,1.19e-06,3361.0,0.00399959
RCN/BTC,1609388108185,2020-12-31T04:15:08.185Z,buy,1.19e-06,420.0,0.0004998
RCN/BTC,1609388109985,2020-12-31T04:15:09.985Z,buy,1.19e-06,320.0,0.0003808
RCN/BTC,1609388146517,2020-12-31T04:15:46.517Z,buy,1.19e-06,3744.0,0.00445536
RCN/BTC,1609388203491,2020-12-31T04:16:43.491Z,buy,1.19e-06,718.0,0.00085442
RCN/BTC,1609388290257,2020-12-31T04:18:10.257Z,buy,1.19e-06,359.0,0.00042721
RCN/BTC,1609388322603,2020-12-31T04:18:42.603Z,buy,1.19e-06,896.0,0.00106624
RCN/BTC,1609388346807,2020-12-31T04:19:06.807Z,sell,1.18e-06,178.0,0.00021004
RCN/BTC,1609388383203,2020-12-31T04:19:43.203Z,buy,1.19e-06,358.0,0.00042602
RCN/BTC,1609388407306,2020-12-31T04:20:07.306Z,buy,1.19e-06,126.0,0.00014994
RCN/BTC,1609388587139,2020-12-31T04:23:07.139Z,buy,1.19e-06,140.0,0.0001666
RCN/BTC,1609388741372,2020-12-31T04:25:41.372Z,sell,1.18e-06,1361.0,0.00160598
RCN/BTC,1609388746071,2020-12-31T04:25:46.071Z,buy,1.19e-06,98.0,0.00011662
RCN/BTC,1609388746071,2020-12-31T04:25:46.071Z,buy,1.19e-06,98.0,0.00011662
RCN/BTC,1609388778836,2020-12-31T04:26:18.836Z,sell,1.18e-06,23250.0,0.0274349999999999
RCN/BTC,1609388832112,2020-12-31T04:27:12.112Z,buy,1.19e-06,1077.0,0.00128163
RCN/BTC,1609388862653,2020-12-31T04:27:42.653Z,buy,1.19e-06,143.0,0.00017017
RCN/BTC,1609389461938,2020-12-31T04:37:41.938Z,buy,1.19e-06,118.0,0.00014042
RCN/BTC,1609389488084,2020-12-31T04:38:08.084Z,buy,1.19e-06,179.0,0.00021301
RCN/BTC,1609389937740,2020-12-31T04:45:37.740Z,buy,1.19e-06,1709.0,0.00203371
RCN/BTC,1609390140391,2020-12-31T04:49:00.391Z,buy,1.19e-06,9095.0,0.01082305
RCN/BTC,1609390240767,2020-12-31T04:50:40.767Z,buy,1.19e-06,5664.0,0.00674016
RCN/BTC,1609390421613,2020-12-31T04:53:41.613Z,buy,1.19e-06,1926.0,0.00229194
RCN/BTC,1609390481698,2020-12-31T04:54:41.698Z,buy,1.19e-06,359.0,0.00042721
RCN/BTC,1609390566355,2020-12-31T04:56:06.355Z,buy,1.19e-06,180.0,0.0002142
RCN/BTC,1609390964133,2020-12-31T05:02:44.133Z,buy,1.19e-06,3618.0,0.00430542
RCN/BTC,1609391517353,2020-12-31T05:11:57.353Z,sell,1.18e-06,4251.0,0.0050161799999999
RCN/BTC,1609391518052,2020-12-31T05:11:58.052Z,sell,1.18e-06,3726.0,0.00439668
RCN/BTC,1609391593337,2020-12-31T05:13:13.337Z,buy,1.19e-06,1675.0,0.00199325
RCN/BTC,1609391982905,2020-12-31T05:19:42.905Z,buy,1.19e-06,359.0,0.00042721
RCN/BTC,1609392042745,2020-12-31T05:20:42.745Z,buy,1.19e-06,718.0,0.00085442
RCN/BTC,1609392086013,2020-12-31T05:21:26.013Z,sell,1.18e-06,3508.0,0.0041394399999999
RCN/BTC,1609392100678,2020-12-31T05:21:40.678Z,buy,1.19e-06,10000.0,0.0119
RCN/BTC,1609392162455,2020-12-31T05:22:42.455Z,buy,1.19e-06,897.0,0.00106743
RCN/BTC,1609392186924,2020-12-31T05:23:06.924Z,sell,1.18e-06,725.0,0.0008554999999999
RCN/BTC,1609392222437,2020-12-31T05:23:42.437Z,buy,1.19e-06,144.0,0.00017136
RCN/BTC,1609392261664,2020-12-31T05:24:21.664Z,buy,1.19e-06,700.0,0.000833
RCN/BTC,1609392282676,2020-12-31T05:24:42.676Z,buy,1.19e-06,1077.0,0.00128163
RCN/BTC,1609392282676,2020-12-31T05:24:42.676Z,buy,1.19e-06,1077.0,0.00128163
RCN/BTC,1609392488216,2020-12-31T05:28:08.216Z,buy,1.19e-06,790.0,0.0009401
RCN/BTC,1609392782743,2020-12-31T05:33:02.743Z,buy,1.19e-06,2067.0,0.00245973
RCN/BTC,1609392942638,2020-12-31T05:35:42.638Z,buy,1.19e-06,252.0,0.00029988
RCN/BTC,1609393030222,2020-12-31T05:37:10.222Z,buy,1.19e-06,180.0,0.0002142
RCN/BTC,1609393063645,2020-12-31T05:37:43.645Z,buy,1.19e-06,491.0,0.00058429
RCN/BTC,1609393088408,2020-12-31T05:38:08.408Z,buy,1.19e-06,1791.0,0.00213129
RCN/BTC,1609393141171,2020-12-31T05:39:01.171Z,buy,1.19e-06,703.0,0.00083657
RCN/BTC,1609393327246,2020-12-31T05:42:07.246Z,buy,1.2e-06,724.0,0.0008688
RCN/BTC,1609393388376,2020-12-31T05:43:08.376Z,buy,1.2e-06,2690.0,0.003228
RCN/BTC,1609393461096,2020-12-31T05:44:21.096Z,buy,1.2e-06,1071.0,0.0012852
RCN/BTC,1609393868827,2020-12-31T05:51:08.827Z,buy,1.2e-06,2687.0,0.0032243999999999
RCN/BTC,1609393870233,2020-12-31T05:51:10.233Z,sell,1.19e-06,1000.0,0.00119
RCN/BTC,1609393901415,2020-12-31T05:51:41.415Z,sell,1.19e-06,1794.0,0.00213486
RCN/BTC,1609394106908,2020-12-31T05:55:06.908Z,sell,1.19e-06,1017.0,0.00121023
RCN/BTC,1609394336676,2020-12-31T05:58:56.676Z,sell,1.19e-06,4495.0,0.00534905
RCN/BTC,1609395035106,2020-12-31T06:10:35.106Z,sell,1.19e-06,6940.0,0.0082586
RCN/BTC,1609395407778,2020-12-31T06:16:47.778Z,buy,1.2e-06,11736.0,0.0140831999999999
RCN/BTC,1609395407874,2020-12-31T06:16:47.874Z,sell,1.2e-06,2939.0,0.0035267999999999
RCN/BTC,1609395407946,2020-12-31T06:16:47.946Z,sell,1.2e-06,675.0,0.00081
RCN/BTC,1609395409526,2020-12-31T06:16:49.526Z,sell,1.19e-06,1082.0,0.00128758
RCN/BTC,1609395441799,2020-12-31T06:17:21.799Z,sell,1.19e-06,2250.0,0.0026775
RCN/BTC,1609395587663,2020-12-31T06:19:47.663Z,sell,1.19e-06,2153.0,0.00256207
RCN/BTC,1609395587663,2020-12-31T06:19:47.663Z,sell,1.19e-06,2153.0,0.00256207
RCN/BTC,1609396162950,2020-12-31T06:29:22.950Z,buy,1.21e-06,7097.0,0.00858737
RCN/BTC,1609396178305,2020-12-31T06:29:38.305Z,buy,1.21e-06,429.0,0.00051909
RCN/BTC,1609396210944,2020-12-31T06:30:10.944Z,buy,1.21e-06,215.0,0.00026015
RCN/BTC,1609396222695,2020-12-31T06:30:22.695Z,buy,1.21e-06,2182.0,0.00264022
RCN/BTC,1609396240860,2020-12-31T06:30:40.860Z,buy,1.21e-06,429.0,0.00051909
RCN/BTC,1609396267080,2020-12-31T06:31:07.080Z,buy,1.21e-06,392.0,0.00047432
RCN/BTC,1609396270664,2020-12-31T06:31:10.664Z,sell,1.19e-06,160.0,0.0001904
RCN/BTC,1609396296493,2020-12-31T06:31:36.493Z,buy,1.21e-06,537.0,0.00064977
RCN/BTC,1609396332790,2020-12-31T06:32:12.790Z,buy,1.21e-06,709.0,0.00085789
RCN/BTC,1609396339407,2020-12-31T06:32:19.407Z,buy,1.21e-06,319.0,0.00038599
RCN/BTC,1609396388217,2020-12-31T06:33:08.217Z,sell,1.19e-06,149.0,0.00017731
RCN/BTC,1609396389440,2020-12-31T06:33:09.440Z,buy,1.21e-06,424.0,0.00051304
RCN/BTC,1609396573552,2020-12-31T06:36:13.552Z,sell,1.19e-06,320.0,0.0003808
RCN/BTC,1609396603710,2020-12-31T06:36:43.710Z,buy,1.21e-06,212.0,0.00025652
RCN/BTC,1609396605611,2020-12-31T06:36:45.611Z,sell,1.2e-06,2653.0,0.0031836
RCN/BTC,1609396605627,2020-12-31T06:36:45.627Z,sell,1.2e-06,2742.0,0.0032903999999999
RCN/BTC,1609396669401,2020-12-31T06:37:49.401Z,sell,1.19e-06,2250.0,0.0026775
RCN/BTC,1609396902727,2020-12-31T06:41:42.727Z,buy,1.2e-06,745.0,0.0008939999999999
RCN/BTC,1609396927063,2020-12-31T06:42:07.063Z,buy,1.2e-06,5004.0,0.0060047999999999
RCN/BTC,1609397141898,2020-12-31T06:45:41.898Z,buy,1.2e-06,715.0,0.0008579999999999
RCN/BTC,1609397167632,2020-12-31T06:46:07.632Z,buy,1.2e-06,2499.0,0.0029988
RCN/BTC,1609397187241,2020-12-31T06:46:27.241Z,buy,1.2e-06,84.0,0.0001008
RCN/BTC,1609397471205,2020-12-31T06:51:11.205Z,buy,1.2e-06,2381.0,0.0028572
RCN/BTC,1609398282147,2020-12-31T07:04:42.147Z,buy,1.2e-06,126.0,0.0001512
RCN/BTC,1609398836308,2020-12-31T07:13:56.308Z,sell,1.19e-06,2015.0,0.00239785
RCN/BTC,1609399050525,2020-12-31T07:17:30.525Z,buy,1.2e-06,241.0,0.0002892
RCN/BTC,1609399111660,2020-12-31T07:18:31.660Z,buy,1.2e-06,9761.0,0.0117132
RCN/BTC,1609399125647,2020-12-31T07:18:45.647Z,buy,1.2e-06,5000.0,0.006
RCN/BTC,1609399184039,2020-12-31T07:19:44.039Z,buy,1.2e-06,179.0,0.0002148
RCN/BTC,1609399184039,2020-12-31T07:19:44.039Z,buy,1.2e-06,179.0,0.0002148
RCN/BTC,1609399362474,2020-12-31T07:22:42.474Z,buy,1.2e-06,179.0,0.0002148
RCN/BTC,1609399542043,2020-12-31T07:25:42.043Z,buy,1.2e-06,925.0,0.0011099999999999
RCN/BTC,1609399563301,2020-12-31T07:26:03.301Z,sell,1.19e-06,10063.0,0.01197497
RCN/BTC,1609399576753,2020-12-31T07:26:16.753Z,sell,1.19e-06,7540.0,0.0089726
RCN/BTC,1609399926342,2020-12-31T07:32:06.342Z,buy,1.19e-06,2186.0,0.00260134
RCN/BTC,1609399948650,2020-12-31T07:32:28.650Z,buy,1.19e-06,1082.0,0.00128758
RCN/BTC,1609400014185,2020-12-31T07:33:34.185Z,buy,1.19e-06,1000.0,0.00119
RCN/BTC,1609400167788,2020-12-31T07:36:07.788Z,buy,1.19e-06,1966.0,0.00233954
RCN/BTC,1609400214046,2020-12-31T07:36:54.046Z,buy,1.19e-06,86.0,0.00010234
RCN/BTC,1609400262568,2020-12-31T07:37:42.568Z,buy,1.19e-06,359.0,0.00042721
RCN/BTC,1609400295350,2020-12-31T07:38:15.350Z,buy,1.19e-06,290.0,0.0003451
RCN/BTC,1609400502729,2020-12-31T07:41:42.729Z,sell,1.18e-06,152.0,0.00017936
RCN/BTC,1609400742693,2020-12-31T07:45:42.693Z,buy,1.19e-06,240.0,0.0002856
RCN/BTC,1609400742693,2020-12-31T07:45:42.693Z,buy,1.19e-06,162.0,0.00019278
RCN/BTC,1609400827493,2020-12-31T07:47:07.493Z,buy,1.19e-06,2038.0,0.00242522
RCN/BTC,1609401772150,2020-12-31T08:02:52.150Z,buy,1.19e-06,4441.0,0.00528479
RCN/BTC,1609402387367,2020-12-31T08:13:07.367Z,buy,1.19e-06,180.0,0.0002142
RCN/BTC,1609402432302,2020-12-31T08:13:52.302Z,buy,1.19e-06,2113.0,0.00251447
RCN/BTC,1609402447052,2020-12-31T08:14:07.052Z,buy,1.19e-06,431.0,0.00051289
RCN/BTC,1609402654438,2020-12-31T08:17:34.438Z,sell,1.18e-06,2000.0,0.0023599999999999
RCN/BTC,1609402654438,2020-12-31T08:17:34.438Z,sell,1.18e-06,2000.0,0.0023599999999999
RCN/BTC,1609402843102,2020-12-31T08:20:43.102Z,buy,1.19e-06,283.0,0.00033677
RCN/BTC,1609403399656,2020-12-31T08:29:59.656Z,buy,1.19e-06,323.0,0.00038437
RCN/BTC,1609403462498,2020-12-31T08:31:02.498Z,buy,1.19e-06,1631.0,0.00194089
RCN/BTC,1609403464236,2020-12-31T08:31:04.236Z,sell,1.19e-06,5000.0,0.00595
RCN/BTC,1609403469288,2020-12-31T08:31:09.288Z,sell,1.19e-06,5000.0,0.00595
RCN/BTC,1609403474330,2020-12-31T08:31:14.330Z,sell,1.19e-06,5000.0,0.00595
RCN/BTC,1609403479365,2020-12-31T08:31:19.365Z,sell,1.19e-06,5000.0,0.00595
RCN/BTC,1609403484400,2020-12-31T08:31:24.400Z,sell,1.19e-06,5000.0,0.00595
RCN/BTC,1609403489448,2020-12-31T08:31:29.448Z,sell,1.19e-06,5000.0,0.00595
RCN/BTC,1609403494486,2020-12-31T08:31:34.486Z,sell,1.19e-06,5000.0,0.00595
RCN/BTC,1609403499524,2020-12-31T08:31:39.524Z,sell,1.19e-06,5000.0,0.00595
RCN/BTC,1609403502286,2020-12-31T08:31:42.286Z,buy,1.2e-06,133.0,0.0001596
RCN/BTC,1609403504547,2020-12-31T08:31:44.547Z,sell,1.19e-06,5000.0,0.00595
RCN/BTC,1609403509577,2020-12-31T08:31:49.577Z,sell,1.19e-06,5000.0,0.00595
RCN/BTC,1609403514615,2020-12-31T08:31:54.615Z,sell,1.19e-06,5000.0,0.00595
RCN/BTC,1609403519645,2020-12-31T08:31:59.645Z,sell,1.19e-06,5000.0,0.00595
RCN/BTC,1609403524684,2020-12-31T08:32:04.684Z,sell,1.19e-06,5000.0,0.00595
RCN/BTC,1609403529719,2020-12-31T08:32:09.719Z,sell,1.19e-06,5000.0,0.00595
RCN/BTC,1609403534746,2020-12-31T08:32:14.746Z,sell,1.19e-06,5000.0,0.00595
RCN/BTC,1609403539769,2020-12-31T08:32:19.769Z,sell,1.19e-06,5000.0,0.00595
RCN/BTC,1609403544796,2020-12-31T08:32:24.796Z,sell,1.19e-06,5000.0,0.00595
RCN/BTC,1609403549823,2020-12-31T08:32:29.823Z,sell,1.19e-06,5000.0,0.00595
RCN/BTC,1609403554864,2020-12-31T08:32:34.864Z,sell,1.19e-06,5000.0,0.00595
RCN/BTC,1609403559904,2020-12-31T08:32:39.904Z,sell,1.19e-06,5000.0,0.00595
RCN/BTC,1609403564934,2020-12-31T08:32:44.934Z,sell,1.19e-06,5000.0,0.00595
RCN/BTC,1609403569968,2020-12-31T08:32:49.968Z,sell,1.19e-06,5000.0,0.00595
RCN/BTC,1609403575010,2020-12-31T08:32:55.010Z,sell,1.19e-06,5000.0,0.00595
RCN/BTC,1609403580036,2020-12-31T08:33:00.036Z,sell,1.19e-06,5000.0,0.00595
RCN/BTC,1609403585067,2020-12-31T08:33:05.067Z,sell,1.19e-06,5000.0,0.00595
