symbol,timestamp,datetime,side,price,amount,btc_volume
RCN/BTC,1564416039333,2019-07-29T16:00:39.333Z,sell,1.97e-06,565.0,0.00111305
RCN/BTC,1564416145694,2019-07-29T16:02:25.694Z,sell,1.97e-06,3351.0,0.00660147
RCN/BTC,1564416448994,2019-07-29T16:07:28.994Z,sell,1.97e-06,1669.0,0.00328793
RCN/BTC,1564416448994,2019-07-29T16:07:28.994Z,sell,1.96e-06,1331.0,0.00260876
RCN/BTC,1564416457007,2019-07-29T16:07:37.007Z,buy,1.98e-06,2975.0,0.0058905
RCN/BTC,1564416458269,2019-07-29T16:07:38.269Z,buy,1.98e-06,12499.0,0.02474802
RCN/BTC,1564416576675,2019-07-29T16:09:36.675Z,sell,1.97e-06,4473.0,0.00881181
RCN/BTC,1564416612122,2019-07-29T16:10:12.122Z,sell,1.97e-06,13154.0,0.02591338
RCN/BTC,1564416612122,2019-07-29T16:10:12.122Z,sell,1.96e-06,33469.0,0.0655992399999999
RCN/BTC,1564416614752,2019-07-29T16:10:14.752Z,buy,1.97e-06,77.0,0.00015169
RCN/BTC,1564416622275,2019-07-29T16:10:22.275Z,buy,1.98e-06,46173.0,0.09142254
RCN/BTC,1564416718620,2019-07-29T16:11:58.620Z,sell,1.97e-06,648.0,0.00127656
RCN/BTC,1564417238630,2019-07-29T16:20:38.630Z,sell,1.97e-06,40499.0,0.07978303
RCN/BTC,1564417331817,2019-07-29T16:22:11.817Z,buy,1.98e-06,1363.0,0.00269874
RCN/BTC,1564417746269,2019-07-29T16:29:06.269Z,buy,1.98e-06,555.0,0.0010989
RCN/BTC,1564417887067,2019-07-29T16:31:27.067Z,sell,1.97e-06,739.0,0.00145583
RCN/BTC,1564417935754,2019-07-29T16:32:15.754Z,sell,1.97e-06,585.0,0.00115245
RCN/BTC,1564418137748,2019-07-29T16:35:37.748Z,sell,1.97e-06,9805.0,0.01931585
RCN/BTC,1564418191507,2019-07-29T16:36:31.507Z,buy,1.98e-06,158.0,0.00031284
RCN/BTC,1564418194561,2019-07-29T16:36:34.561Z,sell,1.97e-06,197.0,0.00038809
RCN/BTC,1564418543553,2019-07-29T16:42:23.553Z,sell,1.97e-06,368.0,0.00072496
RCN/BTC,1564418848928,2019-07-29T16:47:28.928Z,buy,1.98e-06,2500.0,0.00495
RCN/BTC,1564419035589,2019-07-29T16:50:35.589Z,buy,1.98e-06,383.0,0.00075834
RCN/BTC,1564419083097,2019-07-29T16:51:23.097Z,sell,1.97e-06,4706.0,0.00927082
RCN/BTC,1564419570813,2019-07-29T16:59:30.813Z,sell,1.97e-06,3793.0,0.00747221
RCN/BTC,1564419570813,2019-07-29T16:59:30.813Z,sell,1.97e-06,3793.0,0.00747221
RCN/BTC,1564420005778,2019-07-29T17:06:45.778Z,sell,1.97e-06,1643.0,0.00323671
RCN/BTC,1564420863000,2019-07-29T17:21:03.000Z,buy,1.98e-06,555.0,0.0010989
RCN/BTC,1564420972563,2019-07-29T17:22:52.563Z,buy,1.98e-06,15125.0,0.0299475
RCN/BTC,1564421122375,2019-07-29T17:25:22.375Z,buy,1.98e-06,3164.0,0.00626472
RCN/BTC,1564421749308,2019-07-29T17:35:49.308Z,buy,1.98e-06,579.0,0.00114642
RCN/BTC,1564422453562,2019-07-29T17:47:33.562Z,buy,1.98e-06,208.0,0.00041184
RCN/BTC,1564422851714,2019-07-29T17:54:11.714Z,sell,1.97e-06,6408.0,0.01262376
RCN/BTC,1564422904155,2019-07-29T17:55:04.155Z,buy,1.98e-06,7576.0,0.01500048
RCN/BTC,1564422904155,2019-07-29T17:55:04.155Z,buy,1.98e-06,7576.0,0.01500048
RCN/BTC,1564423633001,2019-07-29T18:07:13.001Z,buy,1.98e-06,50000.0,0.099
RCN/BTC,1564423856797,2019-07-29T18:10:56.797Z,sell,1.97e-06,604.0,0.00118988
RCN/BTC,1564424275404,2019-07-29T18:17:55.404Z,sell,1.97e-06,1723.0,0.00339431
RCN/BTC,1564424275449,2019-07-29T18:17:55.449Z,sell,1.97e-06,11220.0,0.0221034
RCN/BTC,1564424275516,2019-07-29T18:17:55.516Z,sell,1.97e-06,3173.0,0.00625081
RCN/BTC,1564424275577,2019-07-29T18:17:55.577Z,buy,1.97e-06,129.0,0.00025413
RCN/BTC,1564424275608,2019-07-29T18:17:55.608Z,sell,1.96e-06,1386.0,0.00271656
RCN/BTC,1564424275662,2019-07-29T18:17:55.662Z,sell,1.96e-06,1999.0,0.0039180399999999
RCN/BTC,1564424275822,2019-07-29T18:17:55.822Z,sell,1.96e-06,11863.0,0.0232514799999999
RCN/BTC,1564424275994,2019-07-29T18:17:55.994Z,sell,1.96e-06,11241.0,0.0220323599999999
RCN/BTC,1564424282747,2019-07-29T18:18:02.747Z,sell,1.96e-06,5143.0,0.0100802799999999
RCN/BTC,1564424313265,2019-07-29T18:18:33.265Z,buy,1.97e-06,1973.0,0.00388681
RCN/BTC,1564424428219,2019-07-29T18:20:28.219Z,sell,1.96e-06,6085.0,0.0119265999999999
RCN/BTC,1564424473724,2019-07-29T18:21:13.724Z,sell,1.96e-06,253.0,0.00049588
RCN/BTC,1564424522373,2019-07-29T18:22:02.373Z,sell,1.96e-06,124.0,0.0002430399999999
RCN/BTC,1564424529621,2019-07-29T18:22:09.621Z,buy,1.98e-06,2525.0,0.0049995
RCN/BTC,1564424541259,2019-07-29T18:22:21.259Z,buy,1.98e-06,51.0,0.00010098
RCN/BTC,1564424782666,2019-07-29T18:26:22.666Z,sell,1.97e-06,5991.0,0.01180227
RCN/BTC,1564424823068,2019-07-29T18:27:03.068Z,sell,1.97e-06,6449.0,0.01270453
RCN/BTC,1564424836769,2019-07-29T18:27:16.769Z,sell,1.97e-06,64.0,0.00012608
RCN/BTC,1564424902008,2019-07-29T18:28:22.008Z,sell,1.97e-06,69.0,0.00013593
RCN/BTC,1564424954797,2019-07-29T18:29:14.797Z,buy,1.98e-06,60592.0,0.11997216
RCN/BTC,1564425270679,2019-07-29T18:34:30.679Z,buy,1.98e-06,27778.0,0.05500044
RCN/BTC,1564425868796,2019-07-29T18:44:28.796Z,sell,1.97e-06,13599.0,0.02679003
RCN/BTC,1564425868796,2019-07-29T18:44:28.796Z,sell,1.96e-06,11401.0,0.0223459599999999
RCN/BTC,1564425976146,2019-07-29T18:46:16.146Z,sell,1.96e-06,16161.0,0.03167556
RCN/BTC,1564426045333,2019-07-29T18:47:25.333Z,buy,1.98e-06,8074.0,0.01598652
RCN/BTC,1564426045333,2019-07-29T18:47:25.333Z,buy,1.98e-06,8074.0,0.01598652
RCN/BTC,1564427001584,2019-07-29T19:03:21.584Z,buy,1.98e-06,253.0,0.00050094
RCN/BTC,1564427310673,2019-07-29T19:08:30.673Z,buy,1.97e-06,6835.0,0.01346495
RCN/BTC,1564427407543,2019-07-29T19:10:07.543Z,buy,1.97e-06,66.0,0.00013002
RCN/BTC,1564427475571,2019-07-29T19:11:15.571Z,buy,1.98e-06,3942.0,0.00780516
RCN/BTC,1564427489276,2019-07-29T19:11:29.276Z,buy,1.98e-06,3902.0,0.00772596
RCN/BTC,1564427887890,2019-07-29T19:18:07.890Z,buy,1.98e-06,67.0,0.00013266
RCN/BTC,1564428067601,2019-07-29T19:21:07.601Z,buy,1.98e-06,10196.0,0.02018808
RCN/BTC,1564428067608,2019-07-29T19:21:07.608Z,buy,1.98e-06,20595.0,0.0407781
RCN/BTC,1564428067658,2019-07-29T19:21:07.658Z,buy,1.98e-06,2867.0,0.00567666
RCN/BTC,1564428068411,2019-07-29T19:21:08.411Z,buy,1.98e-06,690.0,0.0013662
RCN/BTC,1564429171726,2019-07-29T19:39:31.726Z,buy,1.98e-06,34793.0,0.06889014
RCN/BTC,1564429187211,2019-07-29T19:39:47.211Z,sell,1.97e-06,10196.0,0.02008612
RCN/BTC,1564429187383,2019-07-29T19:39:47.383Z,sell,1.97e-06,74.0,0.00014578
RCN/BTC,1564429294507,2019-07-29T19:41:34.507Z,buy,1.98e-06,736.0,0.00145728
RCN/BTC,1564429427883,2019-07-29T19:43:47.883Z,sell,1.97e-06,71.0,0.00013987
RCN/BTC,1564429427883,2019-07-29T19:43:47.883Z,sell,1.97e-06,71.0,0.00013987
RCN/BTC,1564430435866,2019-07-29T20:00:35.866Z,sell,1.97e-06,61.0,0.00012017
RCN/BTC,1564430473951,2019-07-29T20:01:13.951Z,buy,1.98e-06,545.0,0.0010791
RCN/BTC,1564430622422,2019-07-29T20:03:42.422Z,sell,1.97e-06,10146.0,0.01998762
RCN/BTC,1564430625833,2019-07-29T20:03:45.833Z,sell,1.97e-06,7207.0,0.01419779
RCN/BTC,1564430721673,2019-07-29T20:05:21.673Z,buy,1.98e-06,9387.0,0.01858626
RCN/BTC,1564430916885,2019-07-29T20:08:36.885Z,buy,1.98e-06,1258.0,0.00249084
RCN/BTC,1564431181214,2019-07-29T20:13:01.214Z,buy,1.98e-06,7758.0,0.01536084
RCN/BTC,1564431181288,2019-07-29T20:13:01.288Z,buy,1.98e-06,7758.0,0.01536084
RCN/BTC,1564431181349,2019-07-29T20:13:01.349Z,buy,1.98e-06,7758.0,0.01536084
RCN/BTC,1564431181412,2019-07-29T20:13:01.412Z,buy,1.98e-06,5547.0,0.01098306
RCN/BTC,1564431181478,2019-07-29T20:13:01.478Z,buy,1.98e-06,7758.0,0.01536084
RCN/BTC,1564431181541,2019-07-29T20:13:01.541Z,buy,1.98e-06,7758.0,0.01536084
RCN/BTC,1564431182063,2019-07-29T20:13:02.063Z,buy,1.98e-06,7758.0,0.01536084
RCN/BTC,1564431303178,2019-07-29T20:15:03.178Z,sell,1.97e-06,2178.0,0.00429066
RCN/BTC,1564431487518,2019-07-29T20:18:07.518Z,sell,1.97e-06,7724.0,0.01521628
RCN/BTC,1564431562793,2019-07-29T20:19:22.793Z,sell,1.97e-06,65.0,0.00012805
RCN/BTC,1564431574468,2019-07-29T20:19:34.468Z,buy,1.98e-06,58617.0,0.11606166
RCN/BTC,1564431650254,2019-07-29T20:20:50.254Z,buy,1.98e-06,757.0,0.00149886
RCN/BTC,1564432281258,2019-07-29T20:31:21.258Z,sell,1.97e-06,820.0,0.0016154
RCN/BTC,1564432702950,2019-07-29T20:38:22.950Z,sell,1.97e-06,9023.0,0.01777531
RCN/BTC,1564432702950,2019-07-29T20:38:22.950Z,sell,1.97e-06,9023.0,0.01777531
RCN/BTC,1564433599580,2019-07-29T20:53:19.580Z,buy,1.97e-06,1330.0,0.0026201
RCN/BTC,1564434212639,2019-07-29T21:03:32.639Z,buy,1.98e-06,580.0,0.0011484
RCN/BTC,1564434213620,2019-07-29T21:03:33.620Z,buy,1.98e-06,300.0,0.000594
RCN/BTC,1564434214554,2019-07-29T21:03:34.554Z,buy,1.98e-06,300.0,0.000594
RCN/BTC,1564434215459,2019-07-29T21:03:35.459Z,buy,1.98e-06,320.0,0.0006336
RCN/BTC,1564434216608,2019-07-29T21:03:36.608Z,buy,1.98e-06,300.0,0.000594
RCN/BTC,1564434472698,2019-07-29T21:07:52.698Z,sell,1.97e-06,8205.0,0.01616385
RCN/BTC,1564434472830,2019-07-29T21:07:52.830Z,buy,1.97e-06,1951.0,0.00384347
RCN/BTC,1564434614658,2019-07-29T21:10:14.658Z,sell,1.97e-06,3705.0,0.00729885
RCN/BTC,1564434704111,2019-07-29T21:11:44.111Z,sell,1.97e-06,1792.0,0.00353024
RCN/BTC,1564435077543,2019-07-29T21:17:57.543Z,sell,1.96e-06,1079.0,0.0021148399999999
RCN/BTC,1564435230119,2019-07-29T21:20:30.119Z,buy,1.97e-06,1224.0,0.00241128
RCN/BTC,1564435330202,2019-07-29T21:22:10.202Z,buy,1.97e-06,696.0,0.00137112
RCN/BTC,1564435610476,2019-07-29T21:26:50.476Z,sell,1.96e-06,34400.0,0.067424
RCN/BTC,1564435804219,2019-07-29T21:30:04.219Z,sell,1.96e-06,2712.0,0.00531552
RCN/BTC,1564435811618,2019-07-29T21:30:11.618Z,buy,1.97e-06,3905.0,0.00769285
RCN/BTC,1564435811618,2019-07-29T21:30:11.618Z,buy,1.98e-06,1171.0,0.00231858
RCN/BTC,1564435813806,2019-07-29T21:30:13.806Z,sell,1.96e-06,79.0,0.00015484
RCN/BTC,1564435876281,2019-07-29T21:31:16.281Z,buy,1.98e-06,505.0,0.0009999
RCN/BTC,1564435934509,2019-07-29T21:32:14.509Z,buy,1.98e-06,5300.0,0.010494
RCN/BTC,1564436115827,2019-07-29T21:35:15.827Z,sell,1.97e-06,77.0,0.00015169
RCN/BTC,1564436197276,2019-07-29T21:36:37.276Z,sell,1.96e-06,1472.0,0.0028851199999999
RCN/BTC,1564436197276,2019-07-29T21:36:37.276Z,sell,1.96e-06,1472.0,0.0028851199999999
RCN/BTC,1564437068562,2019-07-29T21:51:08.562Z,buy,1.98e-06,695.0,0.0013761
RCN/BTC,1564437093790,2019-07-29T21:51:33.790Z,sell,1.96e-06,3552.0,0.00696192
RCN/BTC,1564437478621,2019-07-29T21:57:58.621Z,buy,1.97e-06,1370.0,0.0026989
RCN/BTC,1564438266531,2019-07-29T22:11:06.531Z,sell,1.96e-06,253.0,0.00049588
RCN/BTC,1564438714501,2019-07-29T22:18:34.501Z,sell,1.96e-06,9989.0,0.01957844
RCN/BTC,1564439272145,2019-07-29T22:27:52.145Z,sell,1.96e-06,1268.0,0.00248528
RCN/BTC,1564439418227,2019-07-29T22:30:18.227Z,sell,1.96e-06,73.0,0.00014308
RCN/BTC,1564439663969,2019-07-29T22:34:23.969Z,sell,1.96e-06,66564.0,0.13046544
RCN/BTC,1564439663969,2019-07-29T22:34:23.969Z,sell,1.95e-06,18070.0,0.0352365
RCN/BTC,1564439683913,2019-07-29T22:34:43.913Z,buy,1.96e-06,77.0,0.00015092
RCN/BTC,1564439695133,2019-07-29T22:34:55.133Z,buy,1.97e-06,48123.0,0.09480231
RCN/BTC,1564439695158,2019-07-29T22:34:55.158Z,sell,1.97e-06,22661.0,0.04464217
RCN/BTC,1564439695158,2019-07-29T22:34:55.158Z,sell,1.97e-06,22661.0,0.04464217
RCN/BTC,1564439941537,2019-07-29T22:39:01.537Z,buy,1.97e-06,25462.0,0.05016014
RCN/BTC,1564439976893,2019-07-29T22:39:36.893Z,sell,1.97e-06,765.0,0.00150705
RCN/BTC,1564440108547,2019-07-29T22:41:48.547Z,buy,1.98e-06,16.0,3.168e-05
RCN/BTC,1564440144882,2019-07-29T22:42:24.882Z,buy,1.98e-06,5140.0,0.0101772
RCN/BTC,1564440691386,2019-07-29T22:51:31.386Z,sell,1.96e-06,575.0,0.001127
RCN/BTC,1564441188400,2019-07-29T22:59:48.400Z,sell,1.96e-06,10096.0,0.01978816
RCN/BTC,1564441265164,2019-07-29T23:01:05.164Z,buy,1.97e-06,632.0,0.00124504
RCN/BTC,1564441560657,2019-07-29T23:06:00.657Z,sell,1.97e-06,165.0,0.00032505
RCN/BTC,1564441560795,2019-07-29T23:06:00.795Z,sell,1.97e-06,165.0,0.00032505
RCN/BTC,1564441935835,2019-07-29T23:12:15.835Z,buy,1.98e-06,140008.0,0.27721584
RCN/BTC,1564441935858,2019-07-29T23:12:15.858Z,sell,1.98e-06,16685.0,0.0330363
RCN/BTC,1564442461231,2019-07-29T23:21:01.231Z,sell,1.97e-06,614.0,0.00120958
RCN/BTC,1564442617747,2019-07-29T23:23:37.747Z,sell,1.97e-06,469.0,0.00092393
RCN/BTC,1564442710602,2019-07-29T23:25:10.602Z,sell,1.97e-06,327.0,0.00064419
RCN/BTC,1564443046629,2019-07-29T23:30:46.629Z,sell,1.97e-06,3326.0,0.00655222
RCN/BTC,1564443046629,2019-07-29T23:30:46.629Z,sell,1.97e-06,3326.0,0.00655222
RCN/BTC,1564443489772,2019-07-29T23:38:09.772Z,sell,1.97e-06,1996.0,0.00393212
RCN/BTC,1564443494881,2019-07-29T23:38:14.881Z,sell,1.97e-06,684.0,0.00134748
RCN/BTC,1564444286557,2019-07-29T23:51:26.557Z,buy,1.98e-06,3550.0,0.007029
RCN/BTC,1564445891024,2019-07-30T00:18:11.024Z,buy,1.98e-06,41304.0,0.08178192
RCN/BTC,1564445896357,2019-07-30T00:18:16.357Z,buy,1.98e-06,41305.0,0.0817839
RCN/BTC,1564446112166,2019-07-30T00:21:52.166Z,sell,1.97e-06,77.0,0.00015169
RCN/BTC,1564446141822,2019-07-30T00:22:21.822Z,sell,1.96e-06,542.0,0.0010623199999999
RCN/BTC,1564446141822,2019-07-30T00:22:21.822Z,sell,1.96e-06,542.0,0.0010623199999999
RCN/BTC,1564447306487,2019-07-30T00:41:46.487Z,sell,1.97e-06,544.0,0.00107168
RCN/BTC,1564447548171,2019-07-30T00:45:48.171Z,buy,1.97e-06,5464.0,0.01076408
RCN/BTC,1564447550692,2019-07-30T00:45:50.692Z,sell,1.97e-06,3410.0,0.0067177
RCN/BTC,1564447551529,2019-07-30T00:45:51.529Z,sell,1.97e-06,4816.0,0.00948752
RCN/BTC,1564447553200,2019-07-30T00:45:53.200Z,sell,1.97e-06,6930.0,0.0136521
RCN/BTC,1564448690425,2019-07-30T01:04:50.425Z,sell,1.97e-06,119.0,0.00023443
RCN/BTC,1564449318802,2019-07-30T01:15:18.802Z,sell,1.96e-06,770.0,0.0015091999999999
RCN/BTC,1564449520977,2019-07-30T01:18:40.977Z,buy,1.97e-06,77.0,0.00015169
RCN/BTC,1564449521422,2019-07-30T01:18:41.422Z,sell,1.97e-06,10075.0,0.01984775
RCN/BTC,1564449647454,2019-07-30T01:20:47.454Z,sell,1.96e-06,38241.0,0.07495236
RCN/BTC,1564449647454,2019-07-30T01:20:47.454Z,sell,1.96e-06,38241.0,0.07495236
RCN/BTC,1564449893238,2019-07-30T01:24:53.238Z,sell,1.95e-06,211899.0,0.41320305
RCN/BTC,1564449893296,2019-07-30T01:24:53.296Z,buy,1.95e-06,160.0,0.000312
RCN/BTC,1564449895935,2019-07-30T01:24:55.935Z,buy,1.95e-06,2005.0,0.00390975
RCN/BTC,1564449897131,2019-07-30T01:24:57.131Z,buy,1.95e-06,6915.0,0.01348425
RCN/BTC,1564449899482,2019-07-30T01:24:59.482Z,buy,1.95e-06,1278.0,0.0024921
RCN/BTC,1564449902302,2019-07-30T01:25:02.302Z,sell,1.94e-06,10152.0,0.01969488
RCN/BTC,1564449902620,2019-07-30T01:25:02.620Z,sell,1.94e-06,6782.0,0.01315708
RCN/BTC,1564449902721,2019-07-30T01:25:02.721Z,buy,1.95e-06,1278.0,0.0024921
RCN/BTC,1564449907499,2019-07-30T01:25:07.499Z,sell,1.94e-06,770.0,0.0014938
RCN/BTC,1564449908252,2019-07-30T01:25:08.252Z,sell,1.94e-06,1234.0,0.00239396
RCN/BTC,1564449910742,2019-07-30T01:25:10.742Z,sell,1.94e-06,1235.0,0.0023959
RCN/BTC,1564449913866,2019-07-30T01:25:13.866Z,buy,1.95e-06,14.0,2.73e-05
RCN/BTC,1564449939070,2019-07-30T01:25:39.070Z,buy,1.95e-06,494.0,0.0009632999999999
RCN/BTC,1564449939087,2019-07-30T01:25:39.087Z,buy,1.95e-06,300.0,0.000585
RCN/BTC,1564449939096,2019-07-30T01:25:39.096Z,buy,1.95e-06,494.0,0.0009632999999999
RCN/BTC,1564449939156,2019-07-30T01:25:39.156Z,buy,1.95e-06,494.0,0.0009632999999999
RCN/BTC,1564449945855,2019-07-30T01:25:45.855Z,buy,1.95e-06,154.0,0.0003003
RCN/BTC,1564449964496,2019-07-30T01:26:04.496Z,sell,1.94e-06,7813.0,0.01515722
RCN/BTC,1564450215093,2019-07-30T01:30:15.093Z,sell,1.94e-06,55.0,0.0001067
RCN/BTC,1564450591987,2019-07-30T01:36:31.987Z,buy,1.95e-06,59.0,0.00011505
RCN/BTC,1564450627427,2019-07-30T01:37:07.427Z,buy,1.95e-06,225.0,0.00043875
RCN/BTC,1564450627532,2019-07-30T01:37:07.532Z,buy,1.95e-06,225.0,0.00043875
RCN/BTC,1564450627631,2019-07-30T01:37:07.631Z,buy,1.95e-06,225.0,0.00043875
RCN/BTC,1564450627733,2019-07-30T01:37:07.733Z,buy,1.95e-06,225.0,0.00043875
RCN/BTC,1564450627850,2019-07-30T01:37:07.850Z,buy,1.95e-06,225.0,0.00043875
RCN/BTC,1564450627943,2019-07-30T01:37:07.943Z,buy,1.95e-06,225.0,0.00043875
RCN/BTC,1564450628059,2019-07-30T01:37:08.059Z,buy,1.95e-06,225.0,0.00043875
RCN/BTC,1564450628170,2019-07-30T01:37:08.170Z,buy,1.95e-06,225.0,0.00043875
RCN/BTC,1564450628273,2019-07-30T01:37:08.273Z,buy,1.95e-06,225.0,0.00043875
RCN/BTC,1564450628377,2019-07-30T01:37:08.377Z,buy,1.95e-06,225.0,0.00043875
RCN/BTC,1564450645098,2019-07-30T01:37:25.098Z,buy,1.95e-06,3261.0,0.0063589499999999
RCN/BTC,1564450831727,2019-07-30T01:40:31.727Z,buy,1.95e-06,951.0,0.00185445
RCN/BTC,1564450836541,2019-07-30T01:40:36.541Z,buy,1.95e-06,63161.0,0.12316395
RCN/BTC,1564451186565,2019-07-30T01:46:26.565Z,sell,1.95e-06,3622.0,0.0070628999999999
RCN/BTC,1564451217342,2019-07-30T01:46:57.342Z,sell,1.94e-06,765.0,0.0014841
RCN/BTC,1564451242565,2019-07-30T01:47:22.565Z,buy,1.95e-06,818.0,0.0015951
RCN/BTC,1564451345621,2019-07-30T01:49:05.621Z,buy,1.96e-06,103.0,0.0002018799999999
RCN/BTC,1564451880925,2019-07-30T01:58:00.925Z,sell,1.95e-06,4995.0,0.00974025
RCN/BTC,1564451882063,2019-07-30T01:58:02.063Z,sell,1.95e-06,65.0,0.00012675
RCN/BTC,1564451903064,2019-07-30T01:58:23.064Z,buy,1.96e-06,1290.0,0.0025283999999999
RCN/BTC,1564452367650,2019-07-30T02:06:07.650Z,sell,1.95e-06,4047.0,0.00789165
RCN/BTC,1564452483392,2019-07-30T02:08:03.392Z,buy,1.96e-06,1377.0,0.0026989199999999
RCN/BTC,1564452818504,2019-07-30T02:13:38.504Z,buy,1.96e-06,562.0,0.00110152
RCN/BTC,1564452896050,2019-07-30T02:14:56.050Z,buy,1.96e-06,515.0,0.0010094
RCN/BTC,1564452947964,2019-07-30T02:15:47.964Z,buy,1.96e-06,25000.0,0.0489999999999999
RCN/BTC,1564453078178,2019-07-30T02:17:58.178Z,buy,1.97e-06,5928.0,0.01167816
RCN/BTC,1564453078178,2019-07-30T02:17:58.178Z,buy,1.97e-06,5928.0,0.01167816
RCN/BTC,1564453520740,2019-07-30T02:25:20.740Z,sell,1.96e-06,529.0,0.00103684
RCN/BTC,1564453881791,2019-07-30T02:31:21.791Z,sell,1.95e-06,551.0,0.00107445
RCN/BTC,1564454739587,2019-07-30T02:45:39.587Z,sell,1.95e-06,71.0,0.00013845
RCN/BTC,1564455085377,2019-07-30T02:51:25.377Z,buy,1.96e-06,622.0,0.00121912
RCN/BTC,1564455085881,2019-07-30T02:51:25.881Z,sell,1.96e-06,225.0,0.000441
RCN/BTC,1564455271520,2019-07-30T02:54:31.520Z,sell,1.95e-06,1657.0,0.00323115
RCN/BTC,1564455277897,2019-07-30T02:54:37.897Z,sell,1.95e-06,25084.0,0.0489138
RCN/BTC,1564455545940,2019-07-30T02:59:05.940Z,sell,1.95e-06,30000.0,0.0584999999999999
RCN/BTC,1564455604921,2019-07-30T03:00:04.921Z,sell,1.95e-06,472.0,0.0009204
RCN/BTC,1564455907177,2019-07-30T03:05:07.177Z,sell,1.95e-06,97.0,0.00018915
RCN/BTC,1564456305274,2019-07-30T03:11:45.274Z,sell,1.95e-06,1218.0,0.0023750999999999
RCN/BTC,1564456305331,2019-07-30T03:11:45.331Z,sell,1.95e-06,2842.0,0.0055419
RCN/BTC,1564456311486,2019-07-30T03:11:51.486Z,sell,1.95e-06,852.0,0.0016614
RCN/BTC,1564456312532,2019-07-30T03:11:52.532Z,sell,1.95e-06,300.0,0.000585
RCN/BTC,1564456336599,2019-07-30T03:12:16.599Z,buy,1.96e-06,658.0,0.0012896799999999
RCN/BTC,1564456336599,2019-07-30T03:12:16.599Z,buy,1.96e-06,658.0,0.0012896799999999
RCN/BTC,1564456910730,2019-07-30T03:21:50.730Z,sell,1.95e-06,718.0,0.0014001
RCN/BTC,1564456912626,2019-07-30T03:21:52.626Z,buy,1.96e-06,154.0,0.00030184
RCN/BTC,1564457037016,2019-07-30T03:23:57.016Z,sell,1.96e-06,1000.0,0.00196
RCN/BTC,1564457037121,2019-07-30T03:23:57.121Z,sell,1.96e-06,339.0,0.00066444
RCN/BTC,1564457037125,2019-07-30T03:23:57.125Z,sell,1.96e-06,1919.0,0.00376124
RCN/BTC,1564457037427,2019-07-30T03:23:57.427Z,sell,1.96e-06,3856.0,0.0075577599999999
RCN/BTC,1564457085421,2019-07-30T03:24:45.421Z,buy,1.97e-06,101.0,0.00019897
RCN/BTC,1564457313380,2019-07-30T03:28:33.380Z,sell,1.96e-06,7027.0,0.01377292
RCN/BTC,1564457313402,2019-07-30T03:28:33.402Z,sell,1.96e-06,9044.0,0.0177262399999999
RCN/BTC,1564458105841,2019-07-30T03:41:45.841Z,sell,1.95e-06,77.0,0.00015015
RCN/BTC,1564458134350,2019-07-30T03:42:14.350Z,sell,1.94e-06,488.0,0.00094672
RCN/BTC,1564458181338,2019-07-30T03:43:01.338Z,sell,1.94e-06,14160.0,0.0274704
RCN/BTC,1564458540896,2019-07-30T03:49:00.896Z,sell,1.94e-06,85622.0,0.16610668
RCN/BTC,1564458540927,2019-07-30T03:49:00.927Z,buy,1.94e-06,4727.0,0.00917038
RCN/BTC,1564458540931,2019-07-30T03:49:00.931Z,buy,1.94e-06,4727.0,0.00917038
RCN/BTC,1564458541029,2019-07-30T03:49:01.029Z,buy,1.94e-06,247.0,0.00047918
RCN/BTC,1564458541220,2019-07-30T03:49:01.220Z,buy,1.94e-06,4500.0,0.00873
RCN/BTC,1564458541222,2019-07-30T03:49:01.222Z,buy,1.94e-06,28859.0,0.05598646
RCN/BTC,1564458541333,2019-07-30T03:49:01.333Z,buy,1.94e-06,2917.0,0.00565898
RCN/BTC,1564458541896,2019-07-30T03:49:01.896Z,buy,1.94e-06,514.0,0.00099716
RCN/BTC,1564458541972,2019-07-30T03:49:01.972Z,buy,1.94e-06,1000.0,0.00194
RCN/BTC,1564458542057,2019-07-30T03:49:02.057Z,buy,1.94e-06,622.0,0.00120668
RCN/BTC,1564458542316,2019-07-30T03:49:02.316Z,buy,1.94e-06,1208.0,0.00234352
RCN/BTC,1564458542634,2019-07-30T03:49:02.634Z,buy,1.94e-06,300.0,0.000582
RCN/BTC,1564458543006,2019-07-30T03:49:03.006Z,buy,1.94e-06,657.0,0.00127458
RCN/BTC,1564458544430,2019-07-30T03:49:04.430Z,sell,1.93e-06,559.0,0.00107887
RCN/BTC,1564458544800,2019-07-30T03:49:04.800Z,buy,1.94e-06,2716.0,0.00526904
RCN/BTC,1564458550245,2019-07-30T03:49:10.245Z,buy,1.94e-06,1500.0,0.00291
RCN/BTC,1564458552112,2019-07-30T03:49:12.112Z,buy,1.94e-06,47261.0,0.09168634
RCN/BTC,1564458552291,2019-07-30T03:49:12.291Z,buy,1.94e-06,5365.0,0.0104081
RCN/BTC,1564458554982,2019-07-30T03:49:14.982Z,sell,1.93e-06,1244.0,0.00240092
RCN/BTC,1564458555827,2019-07-30T03:49:15.827Z,buy,1.94e-06,7474.0,0.01449956
RCN/BTC,1564458557633,2019-07-30T03:49:17.633Z,buy,1.94e-06,512.0,0.00099328
RCN/BTC,1564458558531,2019-07-30T03:49:18.531Z,buy,1.94e-06,10310.0,0.0200014
RCN/BTC,1564458564625,2019-07-30T03:49:24.625Z,buy,1.94e-06,3514.0,0.00681716
RCN/BTC,1564458565883,2019-07-30T03:49:25.883Z,buy,1.94e-06,2716.0,0.00526904
RCN/BTC,1564458567912,2019-07-30T03:49:27.912Z,buy,1.94e-06,1500.0,0.00291
RCN/BTC,1564458572022,2019-07-30T03:49:32.022Z,buy,1.94e-06,7372.0,0.01430168
RCN/BTC,1564458572138,2019-07-30T03:49:32.138Z,buy,1.94e-06,3514.0,0.00681716
RCN/BTC,1564458573336,2019-07-30T03:49:33.336Z,buy,1.94e-06,2716.0,0.00526904
RCN/BTC,1564458578299,2019-07-30T03:49:38.299Z,buy,1.94e-06,7019.0,0.01361686
RCN/BTC,1564458580158,2019-07-30T03:49:40.158Z,buy,1.94e-06,86342.0,0.16750348
RCN/BTC,1564458583931,2019-07-30T03:49:43.931Z,sell,1.94e-06,85.0,0.0001649
RCN/BTC,1564458587895,2019-07-30T03:49:47.895Z,buy,1.95e-06,1500.0,0.002925
RCN/BTC,1564458629659,2019-07-30T03:50:29.659Z,buy,1.95e-06,549.0,0.00107055
RCN/BTC,1564458631123,2019-07-30T03:50:31.123Z,buy,1.95e-06,1175.0,0.00229125
RCN/BTC,1564458697830,2019-07-30T03:51:37.830Z,sell,1.94e-06,244.0,0.00047336
RCN/BTC,1564459070617,2019-07-30T03:57:50.617Z,sell,1.94e-06,3508.0,0.00680552
RCN/BTC,1564459070651,2019-07-30T03:57:50.651Z,sell,1.94e-06,315.0,0.0006111
RCN/BTC,1564459072190,2019-07-30T03:57:52.190Z,buy,1.94e-06,151.0,0.00029294
RCN/BTC,1564459204165,2019-07-30T04:00:04.165Z,sell,1.93e-06,40519.0,0.07820167
RCN/BTC,1564459206030,2019-07-30T04:00:06.030Z,sell,1.93e-06,64676.0,0.12482468
RCN/BTC,1564459258968,2019-07-30T04:00:58.968Z,buy,1.94e-06,77.0,0.00014938
RCN/BTC,1564459260208,2019-07-30T04:01:00.208Z,sell,1.94e-06,3183.0,0.00617502
RCN/BTC,1564459268213,2019-07-30T04:01:08.213Z,sell,1.94e-06,1293.0,0.00250842
RCN/BTC,1564459272214,2019-07-30T04:01:12.214Z,sell,1.94e-06,1293.0,0.00250842
RCN/BTC,1564459274212,2019-07-30T04:01:14.212Z,buy,1.95e-06,1333.0,0.00259935
RCN/BTC,1564459275207,2019-07-30T04:01:15.207Z,sell,1.94e-06,1368.0,0.00265392
RCN/BTC,1564459322930,2019-07-30T04:02:02.930Z,sell,1.93e-06,7813.0,0.01507909
RCN/BTC,1564459343064,2019-07-30T04:02:23.064Z,buy,1.94e-06,77.0,0.00014938
RCN/BTC,1564459343216,2019-07-30T04:02:23.216Z,sell,1.94e-06,241.0,0.00046754
RCN/BTC,1564459361217,2019-07-30T04:02:41.217Z,sell,1.94e-06,477.0,0.00092538
RCN/BTC,1564459391273,2019-07-30T04:03:11.273Z,sell,1.93e-06,658.0,0.00126994
RCN/BTC,1564459494847,2019-07-30T04:04:54.847Z,sell,1.93e-06,7195.0,0.01388635
RCN/BTC,1564459579231,2019-07-30T04:06:19.231Z,sell,1.94e-06,998.0,0.00193612
RCN/BTC,1564459583229,2019-07-30T04:06:23.229Z,sell,1.94e-06,998.0,0.00193612
RCN/BTC,1564459609231,2019-07-30T04:06:49.231Z,sell,1.94e-06,369.0,0.00071586
RCN/BTC,1564459613235,2019-07-30T04:06:53.235Z,sell,1.94e-06,369.0,0.00071586
RCN/BTC,1564459618235,2019-07-30T04:06:58.235Z,sell,1.94e-06,369.0,0.00071586
RCN/BTC,1564459634717,2019-07-30T04:07:14.717Z,buy,1.95e-06,710.0,0.0013844999999999
RCN/BTC,1564459641231,2019-07-30T04:07:21.231Z,sell,1.94e-06,369.0,0.00071586
RCN/BTC,1564459891556,2019-07-30T04:11:31.556Z,buy,1.95e-06,739.0,0.00144105
RCN/BTC,1564459891556,2019-07-30T04:11:31.556Z,buy,1.95e-06,739.0,0.00144105
RCN/BTC,1564460291910,2019-07-30T04:18:11.910Z,buy,1.95e-06,57.0,0.0001111499999999
RCN/BTC,1564461045938,2019-07-30T04:30:45.938Z,buy,1.94e-06,140.0,0.0002716
RCN/BTC,1564461057099,2019-07-30T04:30:57.099Z,sell,1.93e-06,461.0,0.00088973
RCN/BTC,1564461671480,2019-07-30T04:41:11.480Z,sell,1.93e-06,1247.0,0.00240671
RCN/BTC,1564461703804,2019-07-30T04:41:43.804Z,buy,1.94e-06,77.0,0.00014938
RCN/BTC,1564461704434,2019-07-30T04:41:44.434Z,sell,1.94e-06,590.0,0.0011446
RCN/BTC,1564462248478,2019-07-30T04:50:48.478Z,sell,1.94e-06,3968.0,0.00769792
RCN/BTC,1564462254565,2019-07-30T04:50:54.565Z,buy,1.94e-06,3604.0,0.00699176
RCN/BTC,1564462254565,2019-07-30T04:50:54.565Z,buy,1.95e-06,19910.0,0.0388245
RCN/BTC,1564462255413,2019-07-30T04:50:55.413Z,sell,1.95e-06,1479.0,0.00288405
RCN/BTC,1564462255491,2019-07-30T04:50:55.491Z,sell,1.95e-06,16793.0,0.03274635
RCN/BTC,1564462260129,2019-07-30T04:51:00.129Z,sell,1.94e-06,765.0,0.0014841
RCN/BTC,1564462348216,2019-07-30T04:52:28.216Z,sell,1.94e-06,323.0,0.00062662
RCN/BTC,1564462525800,2019-07-30T04:55:25.800Z,buy,1.95e-06,21371.0,0.04167345
RCN/BTC,1564462645018,2019-07-30T04:57:25.018Z,sell,1.94e-06,13815.0,0.0268011
RCN/BTC,1564462645018,2019-07-30T04:57:25.018Z,sell,1.93e-06,5858.0,0.01130594
RCN/BTC,1564462781564,2019-07-30T04:59:41.564Z,sell,1.93e-06,19798.0,0.03821014
RCN/BTC,1564462781600,2019-07-30T04:59:41.600Z,buy,1.93e-06,10186.0,0.01965898
RCN/BTC,1564462781613,2019-07-30T04:59:41.613Z,buy,1.93e-06,125.0,0.00024125
RCN/BTC,1564462781639,2019-07-30T04:59:41.639Z,buy,1.93e-06,2952.0,0.00569736
RCN/BTC,1564462781651,2019-07-30T04:59:41.651Z,buy,1.93e-06,11145.0,0.02150985
RCN/BTC,1564462781680,2019-07-30T04:59:41.680Z,buy,1.93e-06,542.0,0.00104606
RCN/BTC,1564462781949,2019-07-30T04:59:41.949Z,buy,1.93e-06,3954.0,0.00763122
RCN/BTC,1564462782512,2019-07-30T04:59:42.512Z,sell,1.93e-06,2094.0,0.00404142
RCN/BTC,1564462784604,2019-07-30T04:59:44.604Z,sell,1.93e-06,600.0,0.001158
RCN/BTC,1564462784604,2019-07-30T04:59:44.604Z,sell,1.92e-06,288.0,0.0005529599999999
RCN/BTC,1564462784604,2019-07-30T04:59:44.604Z,sell,1.92e-06,2558.0,0.0049113599999999
RCN/BTC,1564462784604,2019-07-30T04:59:44.604Z,sell,1.92e-06,10430.0,0.0200255999999999
RCN/BTC,1564462784604,2019-07-30T04:59:44.604Z,sell,1.92e-06,900.0,0.001728
RCN/BTC,1564462784604,2019-07-30T04:59:44.604Z,sell,1.92e-06,5428.0,0.0104217599999999
RCN/BTC,1564462784993,2019-07-30T04:59:44.993Z,sell,1.92e-06,5050.0,0.009696
RCN/BTC,1564462786682,2019-07-30T04:59:46.682Z,buy,1.93e-06,77.0,0.00014861
RCN/BTC,1564462787631,2019-07-30T04:59:47.631Z,sell,1.92e-06,774.0,0.0014860799999999
RCN/BTC,1564462788543,2019-07-30T04:59:48.543Z,sell,1.93e-06,82.0,0.00015826
RCN/BTC,1564462805745,2019-07-30T05:00:05.745Z,sell,1.93e-06,63.0,0.00012159
RCN/BTC,1564462805745,2019-07-30T05:00:05.745Z,sell,1.92e-06,1175.0,0.0022559999999999
RCN/BTC,1564462863732,2019-07-30T05:01:03.732Z,sell,1.93e-06,1330.0,0.0025669
RCN/BTC,1564463206168,2019-07-30T05:06:46.168Z,sell,1.93e-06,1036.0,0.00199948
RCN/BTC,1564463206228,2019-07-30T05:06:46.228Z,sell,1.93e-06,7992.0,0.01542456
RCN/BTC,1564463206252,2019-07-30T05:06:46.252Z,sell,1.93e-06,3587.0,0.00692291
RCN/BTC,1564463206576,2019-07-30T05:06:46.576Z,buy,1.93e-06,11578.0,0.02234554
RCN/BTC,1564463208302,2019-07-30T05:06:48.302Z,buy,1.93e-06,284.0,0.00054812
RCN/BTC,1564463208491,2019-07-30T05:06:48.491Z,sell,1.92e-06,284.0,0.00054528
RCN/BTC,1564463211471,2019-07-30T05:06:51.471Z,sell,1.92e-06,30000.0,0.0575999999999999
RCN/BTC,1564463237733,2019-07-30T05:07:17.733Z,sell,1.92e-06,4001.0,0.0076819199999999
RCN/BTC,1564463382249,2019-07-30T05:09:42.249Z,sell,1.92e-06,9133.0,0.01753536
RCN/BTC,1564463382506,2019-07-30T05:09:42.506Z,sell,1.92e-06,5785.0,0.0111072
RCN/BTC,1564463382735,2019-07-30T05:09:42.735Z,sell,1.92e-06,18267.0,0.0350726399999999
RCN/BTC,1564463383662,2019-07-30T05:09:43.662Z,sell,1.92e-06,3350.0,0.0064319999999999
RCN/BTC,1564463383949,2019-07-30T05:09:43.949Z,sell,1.91e-06,2054.0,0.0039231399999999
RCN/BTC,1564463390623,2019-07-30T05:09:50.623Z,sell,1.91e-06,2094.0,0.00399954
RCN/BTC,1564463399838,2019-07-30T05:09:59.838Z,sell,1.91e-06,1224.0,0.00233784
RCN/BTC,1564463413193,2019-07-30T05:10:13.193Z,sell,1.91e-06,5741.0,0.0109653099999999
RCN/BTC,1564463463986,2019-07-30T05:11:03.986Z,sell,1.91e-06,7937.0,0.01515967
RCN/BTC,1564463463986,2019-07-30T05:11:03.986Z,sell,1.91e-06,7937.0,0.01515967
RCN/BTC,1564463712545,2019-07-30T05:15:12.545Z,buy,1.93e-06,58.0,0.00011194
RCN/BTC,1564463718124,2019-07-30T05:15:18.124Z,sell,1.92e-06,23716.0,0.0455347199999999
RCN/BTC,1564463780279,2019-07-30T05:16:20.279Z,sell,1.92e-06,27900.0,0.053568
RCN/BTC,1564463780508,2019-07-30T05:16:20.508Z,buy,1.92e-06,15.0,2.88e-05
RCN/BTC,1564463780508,2019-07-30T05:16:20.508Z,buy,1.93e-06,3.0,5.7900000000000005e-06
RCN/BTC,1564463780638,2019-07-30T05:16:20.638Z,buy,1.92e-06,58.0,0.0001113599999999
RCN/BTC,1564463886562,2019-07-30T05:18:06.562Z,buy,1.93e-06,60.0,0.0001158
RCN/BTC,1564463889652,2019-07-30T05:18:09.652Z,sell,1.92e-06,77.0,0.00014784
RCN/BTC,1564463925560,2019-07-30T05:18:45.560Z,buy,1.93e-06,50425.0,0.09732025
RCN/BTC,1564463925656,2019-07-30T05:18:45.656Z,sell,1.93e-06,45530.0,0.0878729
RCN/BTC,1564464104235,2019-07-30T05:21:44.235Z,sell,1.92e-06,970.0,0.0018623999999999
RCN/BTC,1564464214012,2019-07-30T05:23:34.012Z,sell,1.92e-06,11957.0,0.02295744
RCN/BTC,1564464214012,2019-07-30T05:23:34.012Z,sell,1.91e-06,4011.0,0.0076610099999999
RCN/BTC,1564464314602,2019-07-30T05:25:14.602Z,sell,1.92e-06,313.0,0.00060096
RCN/BTC,1564464314602,2019-07-30T05:25:14.602Z,sell,1.92e-06,4895.0,0.0093984
RCN/BTC,1564464335214,2019-07-30T05:25:35.214Z,sell,1.92e-06,2578.0,0.0049497599999999
RCN/BTC,1564464395973,2019-07-30T05:26:35.973Z,buy,1.92e-06,7608.0,0.0146073599999999
RCN/BTC,1564464654147,2019-07-30T05:30:54.147Z,sell,1.92e-06,605.0,0.0011615999999999
RCN/BTC,1564464717010,2019-07-30T05:31:57.010Z,sell,1.92e-06,76.0,0.0001459199999999
RCN/BTC,1564464842556,2019-07-30T05:34:02.556Z,sell,1.92e-06,3213.0,0.0061689599999999
RCN/BTC,1564465007546,2019-07-30T05:36:47.546Z,sell,1.92e-06,80.0,0.0001536
RCN/BTC,1564465025745,2019-07-30T05:37:05.745Z,sell,1.92e-06,12511.0,0.0240211199999999
RCN/BTC,1564465325503,2019-07-30T05:42:05.503Z,buy,1.93e-06,3191.0,0.00615863
RCN/BTC,1564465822997,2019-07-30T05:50:22.997Z,sell,1.92e-06,72.0,0.0001382399999999
RCN/BTC,1564465901356,2019-07-30T05:51:41.356Z,sell,1.92e-06,843.0,0.0016185599999999
RCN/BTC,1564465918153,2019-07-30T05:51:58.153Z,sell,1.92e-06,7747.0,0.0148742399999999
RCN/BTC,1564465918821,2019-07-30T05:51:58.821Z,sell,1.92e-06,9976.0,0.0191539199999999
RCN/BTC,1564466075031,2019-07-30T05:54:35.031Z,buy,1.93e-06,198.0,0.00038214
RCN/BTC,1564466255780,2019-07-30T05:57:35.780Z,sell,1.91e-06,2330.0,0.0044503
RCN/BTC,1564467010212,2019-07-30T06:10:10.212Z,sell,1.91e-06,62.0,0.00011842
RCN/BTC,1564467010212,2019-07-30T06:10:10.212Z,sell,1.91e-06,62.0,0.00011842
RCN/BTC,1564467181262,2019-07-30T06:13:01.262Z,buy,1.92e-06,174.0,0.0003340799999999
RCN/BTC,1564467362027,2019-07-30T06:16:02.027Z,buy,1.92e-06,2645.0,0.0050783999999999
RCN/BTC,1564467777856,2019-07-30T06:22:57.856Z,buy,1.92e-06,7900.0,0.015168
RCN/BTC,1564467949175,2019-07-30T06:25:49.175Z,buy,1.92e-06,18046.0,0.0346483199999999
RCN/BTC,1564468294080,2019-07-30T06:31:34.080Z,buy,1.92e-06,42564.0,0.08172288
RCN/BTC,1564468294151,2019-07-30T06:31:34.151Z,sell,1.92e-06,2379.0,0.0045676799999999
RCN/BTC,1564468298996,2019-07-30T06:31:38.996Z,sell,1.92e-06,928.0,0.0017817599999999
RCN/BTC,1564468591573,2019-07-30T06:36:31.573Z,buy,1.93e-06,64.0,0.00012352
RCN/BTC,1564468593860,2019-07-30T06:36:33.860Z,sell,1.92e-06,1386.0,0.00266112
RCN/BTC,1564469315315,2019-07-30T06:48:35.315Z,sell,1.92e-06,81.0,0.0001555199999999
RCN/BTC,1564469399101,2019-07-30T06:49:59.101Z,sell,1.92e-06,6892.0,0.0132326399999999
RCN/BTC,1564469581252,2019-07-30T06:53:01.252Z,buy,1.92e-06,16972.0,0.0325862399999999
RCN/BTC,1564469600575,2019-07-30T06:53:20.575Z,buy,1.92e-06,22179.0,0.04258368
RCN/BTC,1564470200051,2019-07-30T07:03:20.051Z,sell,1.91e-06,7892.0,0.0150737199999999
RCN/BTC,1564470200051,2019-07-30T07:03:20.051Z,sell,1.91e-06,7892.0,0.0150737199999999
RCN/BTC,1564470664874,2019-07-30T07:11:04.874Z,sell,1.91e-06,1912.0,0.00365192
RCN/BTC,1564470899216,2019-07-30T07:14:59.216Z,sell,1.91e-06,16955.0,0.03238405
RCN/BTC,1564471126611,2019-07-30T07:18:46.611Z,sell,1.91e-06,13959.0,0.02666169
RCN/BTC,1564472192003,2019-07-30T07:36:32.003Z,buy,1.92e-06,56.0,0.0001075199999999
RCN/BTC,1564472245617,2019-07-30T07:37:25.617Z,buy,1.92e-06,703.0,0.00134976
RCN/BTC,1564472559609,2019-07-30T07:42:39.609Z,buy,1.92e-06,854.0,0.00163968
RCN/BTC,1564472560147,2019-07-30T07:42:40.147Z,sell,1.91e-06,10527.0,0.02010657
RCN/BTC,1564473041939,2019-07-30T07:50:41.939Z,sell,1.91e-06,25887.0,0.0494441699999999
RCN/BTC,1564473041969,2019-07-30T07:50:41.969Z,buy,1.91e-06,3586.0,0.0068492599999999
RCN/BTC,1564473041983,2019-07-30T07:50:41.983Z,buy,1.91e-06,410.0,0.0007831
RCN/BTC,1564473277032,2019-07-30T07:54:37.032Z,sell,1.91e-06,4888.0,0.00933608
RCN/BTC,1564473433759,2019-07-30T07:57:13.759Z,sell,1.91e-06,347.0,0.00066277
RCN/BTC,1564473442208,2019-07-30T07:57:22.208Z,sell,1.91e-06,1440.0,0.0027504
RCN/BTC,1564473443087,2019-07-30T07:57:23.087Z,sell,1.91e-06,243.0,0.00046413
RCN/BTC,1564473652816,2019-07-30T08:00:52.816Z,sell,1.9e-06,243.0,0.0004617
RCN/BTC,1564473652816,2019-07-30T08:00:52.816Z,sell,1.9e-06,2709.0,0.0051471
RCN/BTC,1564473652816,2019-07-30T08:00:52.816Z,sell,1.9e-06,1562.0,0.0029678
RCN/BTC,1564473656067,2019-07-30T08:00:56.067Z,sell,1.9e-06,12499.0,0.0237481
RCN/BTC,1564473705660,2019-07-30T08:01:45.660Z,buy,1.92e-06,7774.0,0.0149260799999999
RCN/BTC,1564473705660,2019-07-30T08:01:45.660Z,buy,1.92e-06,7774.0,0.0149260799999999
RCN/BTC,1564474517872,2019-07-30T08:15:17.872Z,buy,1.92e-06,61.0,0.0001171199999999
RCN/BTC,1564476436778,2019-07-30T08:47:16.778Z,sell,1.91e-06,77.0,0.0001470699999999
RCN/BTC,1564476436807,2019-07-30T08:47:16.807Z,buy,1.91e-06,2811.0,0.00536901
RCN/BTC,1564476436845,2019-07-30T08:47:16.845Z,buy,1.91e-06,2811.0,0.00536901
RCN/BTC,1564476436891,2019-07-30T08:47:16.891Z,buy,1.91e-06,10000.0,0.0191
RCN/BTC,1564476437691,2019-07-30T08:47:17.691Z,buy,1.91e-06,944.0,0.00180304
RCN/BTC,1564476651249,2019-07-30T08:50:51.249Z,sell,1.91e-06,667.0,0.00127397
RCN/BTC,1564477134907,2019-07-30T08:58:54.907Z,sell,1.9e-06,5804.0,0.0110276
RCN/BTC,1564477204181,2019-07-30T09:00:04.181Z,buy,1.91e-06,77.0,0.0001470699999999
RCN/BTC,1564477204738,2019-07-30T09:00:04.738Z,sell,1.91e-06,944.0,0.00180304
RCN/BTC,1564477205751,2019-07-30T09:00:05.751Z,buy,1.92e-06,2170.0,0.0041664
RCN/BTC,1564477205751,2019-07-30T09:00:05.751Z,buy,1.92e-06,2170.0,0.0041664
RCN/BTC,1564477436645,2019-07-30T09:03:56.645Z,sell,1.91e-06,74.0,0.00014134
RCN/BTC,1564477646281,2019-07-30T09:07:26.281Z,sell,1.91e-06,575.0,0.00109825
RCN/BTC,1564477647227,2019-07-30T09:07:27.227Z,sell,1.91e-06,574.0,0.00109634
RCN/BTC,1564477647817,2019-07-30T09:07:27.817Z,sell,1.91e-06,575.0,0.00109825
RCN/BTC,1564478164547,2019-07-30T09:16:04.547Z,sell,1.91e-06,71.0,0.0001356099999999
RCN/BTC,1564478563907,2019-07-30T09:22:43.907Z,buy,1.92e-06,15782.0,0.03030144
RCN/BTC,1564478565479,2019-07-30T09:22:45.479Z,sell,1.92e-06,439.0,0.00084288
RCN/BTC,1564478565568,2019-07-30T09:22:45.568Z,sell,1.92e-06,1161.0,0.00222912
RCN/BTC,1564478565725,2019-07-30T09:22:45.725Z,sell,1.92e-06,1000.0,0.0019199999999999
RCN/BTC,1564478566191,2019-07-30T09:22:46.191Z,sell,1.92e-06,580.0,0.0011136
RCN/BTC,1564478567250,2019-07-30T09:22:47.250Z,buy,1.93e-06,417.0,0.00080481
RCN/BTC,1564478576631,2019-07-30T09:22:56.631Z,sell,1.92e-06,162.0,0.0003110399999999
RCN/BTC,1564478577894,2019-07-30T09:22:57.894Z,sell,1.92e-06,765.0,0.0014688
RCN/BTC,1564478765838,2019-07-30T09:26:05.838Z,buy,1.93e-06,1688.0,0.00325784
RCN/BTC,1564478842831,2019-07-30T09:27:22.831Z,buy,1.93e-06,25815.0,0.04982295
RCN/BTC,1564478843107,2019-07-30T09:27:23.107Z,sell,1.93e-06,11006.0,0.02124158
RCN/BTC,1564478843186,2019-07-30T09:27:23.186Z,sell,1.93e-06,8563.0,0.01652659
RCN/BTC,1564478844060,2019-07-30T09:27:24.060Z,sell,1.93e-06,1558.0,0.00300694
RCN/BTC,1564478845033,2019-07-30T09:27:25.033Z,sell,1.93e-06,1558.0,0.00300694
RCN/BTC,1564478846062,2019-07-30T09:27:26.062Z,sell,1.93e-06,1558.0,0.00300694
RCN/BTC,1564478846676,2019-07-30T09:27:26.676Z,sell,1.93e-06,4484.0,0.00865412
RCN/BTC,1564478967724,2019-07-30T09:29:27.724Z,buy,1.93e-06,1558.0,0.00300694
RCN/BTC,1564478967776,2019-07-30T09:29:27.776Z,sell,1.93e-06,7650.0,0.0147645
RCN/BTC,1564479009052,2019-07-30T09:30:09.052Z,sell,1.93e-06,53316.0,0.10289988
RCN/BTC,1564479039822,2019-07-30T09:30:39.822Z,sell,1.93e-06,650.0,0.0012545
RCN/BTC,1564479165668,2019-07-30T09:32:45.668Z,sell,1.93e-06,264.0,0.00050952
RCN/BTC,1564479204567,2019-07-30T09:33:24.567Z,sell,1.93e-06,76.0,0.00014668
RCN/BTC,1564479273546,2019-07-30T09:34:33.546Z,sell,1.93e-06,66.0,0.00012738
RCN/BTC,1564479318157,2019-07-30T09:35:18.157Z,buy,1.94e-06,1391.0,0.00269854
RCN/BTC,1564479318560,2019-07-30T09:35:18.560Z,buy,1.94e-06,1391.0,0.00269854
RCN/BTC,1564479325042,2019-07-30T09:35:25.042Z,sell,1.93e-06,7457.0,0.01439201
RCN/BTC,1564479374802,2019-07-30T09:36:14.802Z,buy,1.94e-06,53633.0,0.10404802
RCN/BTC,1564479389810,2019-07-30T09:36:29.810Z,sell,1.93e-06,55.0,0.00010615
RCN/BTC,1564479448749,2019-07-30T09:37:28.749Z,buy,1.94e-06,15152.0,0.02939488
RCN/BTC,1564479497978,2019-07-30T09:38:17.978Z,buy,1.94e-06,821.0,0.00159274
RCN/BTC,1564479552540,2019-07-30T09:39:12.540Z,buy,1.94e-06,175.0,0.0003395
RCN/BTC,1564479552662,2019-07-30T09:39:12.662Z,buy,1.94e-06,157.0,0.00030458
RCN/BTC,1564480236318,2019-07-30T09:50:36.318Z,buy,1.94e-06,3140.0,0.0060916
RCN/BTC,1564480237382,2019-07-30T09:50:37.382Z,buy,1.94e-06,389.0,0.00075466
RCN/BTC,1564480297730,2019-07-30T09:51:37.730Z,buy,1.94e-06,102790.0,0.1994126
RCN/BTC,1564480548894,2019-07-30T09:55:48.894Z,buy,1.94e-06,81.0,0.00015714
RCN/BTC,1564480549052,2019-07-30T09:55:49.052Z,buy,1.94e-06,78.0,0.00015132
RCN/BTC,1564480549102,2019-07-30T09:55:49.102Z,buy,1.94e-06,78.0,0.00015132
RCN/BTC,1564480789060,2019-07-30T09:59:49.060Z,buy,1.94e-06,436.0,0.00084584
RCN/BTC,1564480789060,2019-07-30T09:59:49.060Z,buy,1.94e-06,436.0,0.00084584
RCN/BTC,1564480854000,2019-07-30T10:00:54.000Z,sell,1.93e-06,835.0,0.00161155
RCN/BTC,1564480860542,2019-07-30T10:01:00.542Z,sell,1.93e-06,20620.0,0.0397966
RCN/BTC,1564480860681,2019-07-30T10:01:00.681Z,sell,1.93e-06,159.0,0.00030687
RCN/BTC,1564480860686,2019-07-30T10:01:00.686Z,sell,1.93e-06,184.0,0.00035512
RCN/BTC,1564480861842,2019-07-30T10:01:01.842Z,sell,1.93e-06,9070.0,0.0175051
RCN/BTC,1564480928372,2019-07-30T10:02:08.372Z,sell,1.93e-06,54487.0,0.10515991
RCN/BTC,1564480961741,2019-07-30T10:02:41.741Z,sell,1.93e-06,99905.0,0.19281665
RCN/BTC,1564480969884,2019-07-30T10:02:49.884Z,sell,1.92e-06,4340.0,0.0083328
RCN/BTC,1564481409050,2019-07-30T10:10:09.050Z,buy,1.93e-06,77.0,0.00014861
RCN/BTC,1564481425986,2019-07-30T10:10:25.986Z,sell,1.93e-06,15137.0,0.02921441
RCN/BTC,1564481426251,2019-07-30T10:10:26.251Z,sell,1.93e-06,50768.0,0.09798224
RCN/BTC,1564481707068,2019-07-30T10:15:07.068Z,buy,1.93e-06,16232.0,0.03132776
RCN/BTC,1564481808082,2019-07-30T10:16:48.082Z,buy,1.93e-06,449.0,0.00086657
RCN/BTC,1564481808220,2019-07-30T10:16:48.220Z,buy,1.93e-06,223.0,0.00043039
RCN/BTC,1564481810077,2019-07-30T10:16:50.077Z,sell,1.93e-06,669.0,0.00129117
RCN/BTC,1564481881494,2019-07-30T10:18:01.494Z,sell,1.93e-06,86.0,0.00016598
RCN/BTC,1564481957467,2019-07-30T10:19:17.467Z,buy,1.94e-06,15.0,2.9100000000000003e-05
RCN/BTC,1564481957474,2019-07-30T10:19:17.474Z,sell,1.93e-06,68.0,0.00013124
RCN/BTC,1564482005421,2019-07-30T10:20:05.421Z,sell,1.93e-06,1051.0,0.00202843
RCN/BTC,1564482709773,2019-07-30T10:31:49.773Z,buy,1.94e-06,14836.0,0.02878184
RCN/BTC,1564482873634,2019-07-30T10:34:33.634Z,buy,1.94e-06,52838.0,0.10250572
RCN/BTC,1564482916854,2019-07-30T10:35:16.854Z,sell,1.93e-06,211.0,0.00040723
RCN/BTC,1564482960854,2019-07-30T10:36:00.854Z,sell,1.93e-06,4350.0,0.0083955
RCN/BTC,1564483510404,2019-07-30T10:45:10.404Z,buy,1.94e-06,15798.0,0.03064812
RCN/BTC,1564483667234,2019-07-30T10:47:47.234Z,sell,1.93e-06,7410.0,0.0143013
RCN/BTC,1564483709280,2019-07-30T10:48:29.280Z,sell,1.93e-06,7411.0,0.01430323
RCN/BTC,1564483712928,2019-07-30T10:48:32.928Z,buy,1.94e-06,2068.0,0.00401192
RCN/BTC,1564484081347,2019-07-30T10:54:41.347Z,buy,1.94e-06,7363.0,0.01428422
RCN/BTC,1564484104199,2019-07-30T10:55:04.199Z,sell,1.93e-06,65839.0,0.12706927
RCN/BTC,1564484104199,2019-07-30T10:55:04.199Z,sell,1.93e-06,65839.0,0.12706927
RCN/BTC,1564484470317,2019-07-30T11:01:10.317Z,buy,1.94e-06,75669.0,0.14679786
RCN/BTC,1564484763603,2019-07-30T11:06:03.603Z,buy,1.94e-06,11312.0,0.02194528
RCN/BTC,1564484831705,2019-07-30T11:07:11.705Z,sell,1.93e-06,1040.0,0.0020072
RCN/BTC,1564484881322,2019-07-30T11:08:01.322Z,sell,1.93e-06,2258.0,0.00435794
RCN/BTC,1564484940581,2019-07-30T11:09:00.581Z,sell,1.93e-06,1654.0,0.00319222
RCN/BTC,1564484963277,2019-07-30T11:09:23.277Z,sell,1.93e-06,7356.0,0.01419708
RCN/BTC,1564485579014,2019-07-30T11:19:39.014Z,buy,1.94e-06,30000.0,0.0582
RCN/BTC,1564485581334,2019-07-30T11:19:41.334Z,buy,1.94e-06,5285.0,0.0102529
RCN/BTC,1564485591794,2019-07-30T11:19:51.794Z,buy,1.95e-06,1500.0,0.002925
RCN/BTC,1564485881999,2019-07-30T11:24:41.999Z,buy,1.95e-06,72.0,0.0001404
RCN/BTC,1564486177549,2019-07-30T11:29:37.549Z,sell,1.94e-06,9377.0,0.01819138
RCN/BTC,1564486224389,2019-07-30T11:30:24.389Z,sell,1.94e-06,16745.0,0.0324853
RCN/BTC,1564486586331,2019-07-30T11:36:26.331Z,buy,1.94e-06,658.0,0.00127652
RCN/BTC,1564486587566,2019-07-30T11:36:27.566Z,buy,1.94e-06,3766.0,0.00730604
RCN/BTC,1564486588427,2019-07-30T11:36:28.427Z,buy,1.94e-06,735.0,0.0014259
RCN/BTC,1564486592213,2019-07-30T11:36:32.213Z,buy,1.95e-06,52.0,0.0001014
RCN/BTC,1564486786423,2019-07-30T11:39:46.423Z,sell,1.94e-06,1734.0,0.00336396
RCN/BTC,1564486962388,2019-07-30T11:42:42.388Z,buy,1.95e-06,2491.0,0.00485745
RCN/BTC,1564486962397,2019-07-30T11:42:42.397Z,buy,1.95e-06,6380.0,0.0124409999999999
RCN/BTC,1564486962717,2019-07-30T11:42:42.717Z,buy,1.95e-06,2524.0,0.0049218
RCN/BTC,1564486962717,2019-07-30T11:42:42.717Z,buy,1.95e-06,2524.0,0.0049218
RCN/BTC,1564488612025,2019-07-30T12:10:12.025Z,buy,1.95e-06,81.0,0.00015795
RCN/BTC,1564488827103,2019-07-30T12:13:47.103Z,buy,1.95e-06,1000.0,0.00195
RCN/BTC,1564488849228,2019-07-30T12:14:09.228Z,buy,1.95e-06,300.0,0.000585
RCN/BTC,1564489208201,2019-07-30T12:20:08.201Z,buy,1.95e-06,6299.0,0.01228305
RCN/BTC,1564489208364,2019-07-30T12:20:08.364Z,buy,1.95e-06,5886.0,0.0114777
RCN/BTC,1564489208435,2019-07-30T12:20:08.435Z,buy,1.95e-06,5992.0,0.0116844
RCN/BTC,1564489209090,2019-07-30T12:20:09.090Z,buy,1.95e-06,3422.0,0.0066729
RCN/BTC,1564489210031,2019-07-30T12:20:10.031Z,buy,1.95e-06,3955.0,0.0077122499999999
RCN/BTC,1564489210223,2019-07-30T12:20:10.223Z,buy,1.95e-06,8830.0,0.0172185
RCN/BTC,1564489211819,2019-07-30T12:20:11.819Z,buy,1.95e-06,2231.0,0.00435045
RCN/BTC,1564489215530,2019-07-30T12:20:15.530Z,buy,1.95e-06,1986.0,0.0038726999999999
RCN/BTC,1564489251489,2019-07-30T12:20:51.489Z,buy,1.95e-06,2256.0,0.0043992
RCN/BTC,1564489341341,2019-07-30T12:22:21.341Z,sell,1.94e-06,30084.0,0.05836296
RCN/BTC,1564489378502,2019-07-30T12:22:58.502Z,buy,1.95e-06,10023.0,0.01954485
RCN/BTC,1564489552623,2019-07-30T12:25:52.623Z,sell,1.95e-06,2564.0,0.0049997999999999
RCN/BTC,1564490056989,2019-07-30T12:34:16.989Z,sell,1.95e-06,290.0,0.0005655
RCN/BTC,1564490057585,2019-07-30T12:34:17.585Z,sell,1.95e-06,483.0,0.0009418499999999
RCN/BTC,1564490062662,2019-07-30T12:34:22.662Z,sell,1.95e-06,390.0,0.0007605
RCN/BTC,1564490315225,2019-07-30T12:38:35.225Z,sell,1.95e-06,669.0,0.00130455
RCN/BTC,1564490315225,2019-07-30T12:38:35.225Z,sell,1.95e-06,669.0,0.00130455
RCN/BTC,1564490622793,2019-07-30T12:43:42.793Z,buy,1.96e-06,66.0,0.00012936
RCN/BTC,1564490645972,2019-07-30T12:44:05.972Z,buy,1.96e-06,54.0,0.0001058399999999
RCN/BTC,1564490884791,2019-07-30T12:48:04.791Z,buy,1.96e-06,195495.0,0.3831701999999999
RCN/BTC,1564490906596,2019-07-30T12:48:26.596Z,buy,1.96e-06,14553.0,0.0285238799999999
RCN/BTC,1564490938549,2019-07-30T12:48:58.549Z,buy,1.96e-06,41919.0,0.08216124
RCN/BTC,1564490938738,2019-07-30T12:48:58.738Z,sell,1.96e-06,70.0,0.0001372
RCN/BTC,1564491063929,2019-07-30T12:51:03.929Z,sell,1.95e-06,734.0,0.0014313
RCN/BTC,1564491064137,2019-07-30T12:51:04.137Z,sell,1.95e-06,719.0,0.00140205
RCN/BTC,1564491064222,2019-07-30T12:51:04.222Z,sell,1.95e-06,716.0,0.0013962
RCN/BTC,1564491078288,2019-07-30T12:51:18.288Z,sell,1.95e-06,816.0,0.0015912
RCN/BTC,1564491153748,2019-07-30T12:52:33.748Z,buy,1.96e-06,77.0,0.00015092
RCN/BTC,1564491195992,2019-07-30T12:53:15.992Z,sell,1.95e-06,101.0,0.00019695
RCN/BTC,1564491441093,2019-07-30T12:57:21.093Z,buy,1.96e-06,3676.0,0.00720496
RCN/BTC,1564491510786,2019-07-30T12:58:30.786Z,sell,1.96e-06,304.0,0.0005958399999999
RCN/BTC,1564491848826,2019-07-30T13:04:08.826Z,sell,1.96e-06,1605.0,0.0031458
RCN/BTC,1564491866552,2019-07-30T13:04:26.552Z,sell,1.95e-06,40132.0,0.0782574
RCN/BTC,1564491866810,2019-07-30T13:04:26.810Z,buy,1.95e-06,210.0,0.0004095
RCN/BTC,1564492007995,2019-07-30T13:06:47.995Z,sell,1.95e-06,12555.0,0.02448225
RCN/BTC,1564492008827,2019-07-30T13:06:48.827Z,buy,1.95e-06,1983.0,0.00386685
RCN/BTC,1564492680594,2019-07-30T13:18:00.594Z,sell,1.95e-06,74.0,0.0001442999999999
RCN/BTC,1564492823038,2019-07-30T13:20:23.038Z,sell,1.95e-06,1732.0,0.0033774
RCN/BTC,1564493007959,2019-07-30T13:23:27.959Z,sell,1.95e-06,21850.0,0.0426075
RCN/BTC,1564493386190,2019-07-30T13:29:46.190Z,sell,1.95e-06,23515.0,0.04585425
RCN/BTC,1564493386190,2019-07-30T13:29:46.190Z,sell,1.94e-06,7097.0,0.01376818
RCN/BTC,1564493387950,2019-07-30T13:29:47.950Z,buy,1.95e-06,77.0,0.00015015
RCN/BTC,1564493429952,2019-07-30T13:30:29.952Z,buy,1.95e-06,555.0,0.0010822499999999
RCN/BTC,1564493429952,2019-07-30T13:30:29.952Z,buy,1.95e-06,555.0,0.0010822499999999
RCN/BTC,1564494068731,2019-07-30T13:41:08.731Z,buy,1.96e-06,77.0,0.00015092
RCN/BTC,1564494177105,2019-07-30T13:42:57.105Z,sell,1.96e-06,313.0,0.0006134799999999
RCN/BTC,1564494403175,2019-07-30T13:46:43.175Z,sell,1.96e-06,2511.0,0.0049215599999999
RCN/BTC,1564494450687,2019-07-30T13:47:30.687Z,sell,1.96e-06,64.0,0.00012544
RCN/BTC,1564494794869,2019-07-30T13:53:14.869Z,sell,1.96e-06,73.0,0.00014308
RCN/BTC,1564494885355,2019-07-30T13:54:45.355Z,sell,1.96e-06,69.0,0.0001352399999999
RCN/BTC,1564494919594,2019-07-30T13:55:19.594Z,sell,1.96e-06,25000.0,0.0489999999999999
RCN/BTC,1564495611754,2019-07-30T14:06:51.754Z,sell,1.96e-06,609.0,0.00119364
RCN/BTC,1564496080015,2019-07-30T14:14:40.015Z,buy,1.97e-06,81.0,0.00015957
RCN/BTC,1564496098550,2019-07-30T14:14:58.550Z,buy,1.97e-06,90.0,0.0001773
RCN/BTC,1564496461155,2019-07-30T14:21:01.155Z,sell,1.96e-06,1583.0,0.0031026799999999
RCN/BTC,1564496470133,2019-07-30T14:21:10.133Z,sell,1.96e-06,585.0,0.0011466
RCN/BTC,1564496519828,2019-07-30T14:21:59.828Z,sell,1.96e-06,25000.0,0.0489999999999999
RCN/BTC,1564496520143,2019-07-30T14:22:00.143Z,buy,1.97e-06,479.0,0.00094363
RCN/BTC,1564496520174,2019-07-30T14:22:00.174Z,buy,1.97e-06,204.0,0.00040188
RCN/BTC,1564496902147,2019-07-30T14:28:22.147Z,buy,1.97e-06,564.0,0.00111108
RCN/BTC,1564496902147,2019-07-30T14:28:22.147Z,buy,1.97e-06,564.0,0.00111108
RCN/BTC,1564497186891,2019-07-30T14:33:06.891Z,buy,1.97e-06,507.0,0.00099879
RCN/BTC,1564497502280,2019-07-30T14:38:22.280Z,buy,1.97e-06,43261.0,0.08522417
RCN/BTC,1564497504290,2019-07-30T14:38:24.290Z,buy,1.97e-06,12711.0,0.02504067
RCN/BTC,1564497809168,2019-07-30T14:43:29.168Z,buy,1.98e-06,400.0,0.000792
RCN/BTC,1564497822083,2019-07-30T14:43:42.083Z,sell,1.97e-06,77.0,0.00015169
RCN/BTC,1564497822321,2019-07-30T14:43:42.321Z,buy,1.97e-06,77.0,0.00015169
RCN/BTC,1564497823319,2019-07-30T14:43:43.319Z,buy,1.97e-06,77.0,0.00015169
RCN/BTC,1564498046463,2019-07-30T14:47:26.463Z,sell,1.96e-06,872.0,0.00170912
RCN/BTC,1564498051506,2019-07-30T14:47:31.506Z,sell,1.96e-06,206.0,0.0004037599999999
RCN/BTC,1564498550711,2019-07-30T14:55:50.711Z,sell,1.96e-06,4432.0,0.00868672
RCN/BTC,1564499662416,2019-07-30T15:14:22.416Z,sell,1.96e-06,4500.0,0.00882
RCN/BTC,1564499764048,2019-07-30T15:16:04.048Z,buy,1.98e-06,2526.0,0.00500148
RCN/BTC,1564499773777,2019-07-30T15:16:13.777Z,sell,1.96e-06,1590.0,0.0031163999999999
RCN/BTC,1564499778735,2019-07-30T15:16:18.735Z,sell,1.96e-06,1406.0,0.00275576
RCN/BTC,1564499780733,2019-07-30T15:16:20.733Z,sell,1.96e-06,3011.0,0.0059015599999999
RCN/BTC,1564499781764,2019-07-30T15:16:21.764Z,sell,1.96e-06,1000.0,0.00196
RCN/BTC,1564499787281,2019-07-30T15:16:27.281Z,sell,1.96e-06,1000.0,0.00196
RCN/BTC,1564499788762,2019-07-30T15:16:28.762Z,sell,1.96e-06,1984.0,0.0038886399999999
RCN/BTC,1564499788810,2019-07-30T15:16:28.810Z,sell,1.96e-06,1000.0,0.00196
RCN/BTC,1564499964484,2019-07-30T15:19:24.484Z,sell,1.96e-06,6126.0,0.0120069599999999
RCN/BTC,1564500022147,2019-07-30T15:20:22.147Z,sell,1.96e-06,5800.0,0.011368
RCN/BTC,1564500070164,2019-07-30T15:21:10.164Z,sell,1.96e-06,15.0,2.94e-05
RCN/BTC,1564500070493,2019-07-30T15:21:10.493Z,buy,1.96e-06,2190.0,0.0042924
RCN/BTC,1564500070493,2019-07-30T15:21:10.493Z,buy,1.96e-06,2190.0,0.0042924
RCN/BTC,1564500622568,2019-07-30T15:30:22.568Z,buy,1.96e-06,140.0,0.0002744
RCN/BTC,1564500622592,2019-07-30T15:30:22.592Z,buy,1.96e-06,19860.0,0.0389256
RCN/BTC,1564501582699,2019-07-30T15:46:22.699Z,sell,1.96e-06,1548.0,0.0030340799999999
RCN/BTC,1564501583582,2019-07-30T15:46:23.582Z,sell,1.96e-06,662.0,0.00129752
RCN/BTC,1564501583616,2019-07-30T15:46:23.616Z,sell,1.96e-06,341.0,0.00066836
RCN/BTC,1564501586382,2019-07-30T15:46:26.382Z,sell,1.95e-06,491.0,0.00095745
RCN/BTC,1564501683899,2019-07-30T15:48:03.899Z,sell,1.95e-06,6659.0,0.01298505
RCN/BTC,1564502089621,2019-07-30T15:54:49.621Z,sell,1.95e-06,1000.0,0.00195
RCN/BTC,1564502090564,2019-07-30T15:54:50.564Z,sell,1.95e-06,1000.0,0.00195
RCN/BTC,1564502309963,2019-07-30T15:58:29.963Z,sell,1.95e-06,140.0,0.000273
RCN/BTC,1564502309969,2019-07-30T15:58:29.969Z,sell,1.95e-06,140.0,0.000273
RCN/BTC,1564502479941,2019-07-30T16:01:19.941Z,sell,1.95e-06,20000.0,0.039
RCN/BTC,1564502682632,2019-07-30T16:04:42.632Z,sell,1.95e-06,7847.0,0.01530165
RCN/BTC,1564502682632,2019-07-30T16:04:42.632Z,sell,1.94e-06,18635.0,0.0361519
RCN/BTC,1564502686668,2019-07-30T16:04:46.668Z,buy,1.95e-06,77.0,0.00015015
RCN/BTC,1564503298750,2019-07-30T16:14:58.750Z,buy,1.95e-06,1692.0,0.0032994
RCN/BTC,1564503299750,2019-07-30T16:14:59.750Z,buy,1.95e-06,19672.0,0.0383603999999999
RCN/BTC,1564503307753,2019-07-30T16:15:07.753Z,buy,1.95e-06,86.0,0.0001677
RCN/BTC,1564503307753,2019-07-30T16:15:07.753Z,buy,1.95e-06,86.0,0.0001677
RCN/BTC,1564503765884,2019-07-30T16:22:45.884Z,sell,1.95e-06,598.0,0.0011661
RCN/BTC,1564503828654,2019-07-30T16:23:48.654Z,sell,1.95e-06,836.0,0.0016302
RCN/BTC,1564503830789,2019-07-30T16:23:50.789Z,sell,1.95e-06,2983.0,0.00581685
RCN/BTC,1564503833557,2019-07-30T16:23:53.557Z,sell,1.95e-06,1834.0,0.0035763
RCN/BTC,1564503840474,2019-07-30T16:24:00.474Z,sell,1.95e-06,609.0,0.0011875499999999
RCN/BTC,1564504414190,2019-07-30T16:33:34.190Z,buy,1.96e-06,500.0,0.00098
RCN/BTC,1564504414418,2019-07-30T16:33:34.418Z,buy,1.96e-06,12090.0,0.0236964
RCN/BTC,1564504414444,2019-07-30T16:33:34.444Z,buy,1.96e-06,423.0,0.0008290799999999
RCN/BTC,1564504415060,2019-07-30T16:33:35.060Z,buy,1.96e-06,352.0,0.0006899199999999
RCN/BTC,1564504416175,2019-07-30T16:33:36.175Z,sell,1.95e-06,352.0,0.0006864
RCN/BTC,1564504431610,2019-07-30T16:33:51.610Z,sell,1.95e-06,2392.0,0.0046644
RCN/BTC,1564504446203,2019-07-30T16:34:06.203Z,sell,1.95e-06,976.0,0.0019031999999999
RCN/BTC,1564504868876,2019-07-30T16:41:08.876Z,sell,1.95e-06,618.0,0.0012051
RCN/BTC,1564505014204,2019-07-30T16:43:34.204Z,sell,1.95e-06,46718.0,0.0911001
RCN/BTC,1564505032475,2019-07-30T16:43:52.475Z,sell,1.94e-06,45576.0,0.08841744
RCN/BTC,1564505056413,2019-07-30T16:44:16.413Z,sell,1.94e-06,478.0,0.00092732
RCN/BTC,1564505496541,2019-07-30T16:51:36.541Z,sell,1.94e-06,902.0,0.00174988
RCN/BTC,1564505799813,2019-07-30T16:56:39.813Z,sell,1.94e-06,383.0,0.00074302
RCN/BTC,1564506707204,2019-07-30T17:11:47.204Z,buy,1.95e-06,77.0,0.00015015
RCN/BTC,1564506707204,2019-07-30T17:11:47.204Z,buy,1.96e-06,25391.0,0.0497663599999999
RCN/BTC,1564506707683,2019-07-30T17:11:47.683Z,sell,1.96e-06,204.0,0.00039984
RCN/BTC,1564506708036,2019-07-30T17:11:48.036Z,sell,1.96e-06,500.0,0.00098
RCN/BTC,1564506708036,2019-07-30T17:11:48.036Z,sell,1.96e-06,500.0,0.00098
RCN/BTC,1564506985200,2019-07-30T17:16:25.200Z,sell,1.96e-06,154.0,0.00030184
RCN/BTC,1564506993429,2019-07-30T17:16:33.429Z,sell,1.96e-06,71.0,0.00013916
RCN/BTC,1564507017495,2019-07-30T17:16:57.495Z,sell,1.96e-06,417.0,0.00081732
RCN/BTC,1564507287735,2019-07-30T17:21:27.735Z,sell,1.95e-06,10513.0,0.02050035
RCN/BTC,1564507312093,2019-07-30T17:21:52.093Z,sell,1.94e-06,32713.0,0.06346322
RCN/BTC,1564507343986,2019-07-30T17:22:23.986Z,sell,1.93e-06,222.0,0.00042846
RCN/BTC,1564507347020,2019-07-30T17:22:27.020Z,sell,1.93e-06,1041.0,0.00200913
RCN/BTC,1564507347512,2019-07-30T17:22:27.512Z,buy,1.94e-06,77.0,0.00014938
RCN/BTC,1564507348049,2019-07-30T17:22:28.049Z,sell,1.94e-06,77.0,0.00014938
RCN/BTC,1564507350050,2019-07-30T17:22:30.050Z,sell,1.94e-06,77.0,0.00014938
RCN/BTC,1564507482872,2019-07-30T17:24:42.872Z,sell,1.93e-06,697.0,0.00134521
RCN/BTC,1564507812340,2019-07-30T17:30:12.340Z,sell,1.93e-06,70.0,0.0001351
RCN/BTC,1564507812385,2019-07-30T17:30:12.385Z,sell,1.93e-06,70.0,0.0001351
RCN/BTC,1564508453431,2019-07-30T17:40:53.431Z,sell,1.94e-06,19274.0,0.03739156
RCN/BTC,1564508454123,2019-07-30T17:40:54.123Z,buy,1.94e-06,6679.0,0.01295726
RCN/BTC,1564508454123,2019-07-30T17:40:54.123Z,buy,1.94e-06,6679.0,0.01295726
RCN/BTC,1564510587491,2019-07-30T18:16:27.491Z,sell,1.94e-06,1511.0,0.00293134
RCN/BTC,1564510587598,2019-07-30T18:16:27.598Z,buy,1.94e-06,1051.0,0.00203894
RCN/BTC,1564510588307,2019-07-30T18:16:28.307Z,buy,1.94e-06,3150.0,0.006111
RCN/BTC,1564510634199,2019-07-30T18:17:14.199Z,buy,1.94e-06,585.0,0.0011349
RCN/BTC,1564510782665,2019-07-30T18:19:42.665Z,buy,1.95e-06,158.0,0.0003081
RCN/BTC,1564510905079,2019-07-30T18:21:45.079Z,sell,1.94e-06,77.0,0.00014938
RCN/BTC,1564510905326,2019-07-30T18:21:45.326Z,buy,1.94e-06,184.0,0.00035696
RCN/BTC,1564511294771,2019-07-30T18:28:14.771Z,sell,1.94e-06,2577.0,0.00499938
RCN/BTC,1564511294771,2019-07-30T18:28:14.771Z,sell,1.93e-06,5422.0,0.01046446
RCN/BTC,1564511294777,2019-07-30T18:28:14.777Z,sell,1.93e-06,59336.0,0.11451848
RCN/BTC,1564511297673,2019-07-30T18:28:17.673Z,sell,1.93e-06,16039.0,0.03095527
RCN/BTC,1564511375362,2019-07-30T18:29:35.362Z,buy,1.94e-06,3204.0,0.00621576
RCN/BTC,1564511377355,2019-07-30T18:29:37.355Z,buy,1.94e-06,75.0,0.0001455
RCN/BTC,1564511408113,2019-07-30T18:30:08.113Z,buy,1.94e-06,93.0,0.00018042
RCN/BTC,1564511408275,2019-07-30T18:30:08.275Z,buy,1.94e-06,93.0,0.00018042
RCN/BTC,1564511469791,2019-07-30T18:31:09.791Z,buy,1.94e-06,2.0,3.88e-06
RCN/BTC,1564511496379,2019-07-30T18:31:36.379Z,sell,1.94e-06,583.0,0.00113102
RCN/BTC,1564511512247,2019-07-30T18:31:52.247Z,sell,1.93e-06,765.0,0.00147645
RCN/BTC,1564511711418,2019-07-30T18:35:11.418Z,sell,1.93e-06,104.0,0.00020072
RCN/BTC,1564511711418,2019-07-30T18:35:11.418Z,sell,1.93e-06,104.0,0.00020072
RCN/BTC,1564512067944,2019-07-30T18:41:07.944Z,buy,1.94e-06,481.0,0.00093314
RCN/BTC,1564512293291,2019-07-30T18:44:53.291Z,buy,1.94e-06,337.0,0.00065378
RCN/BTC,1564512309272,2019-07-30T18:45:09.272Z,sell,1.94e-06,4283.0,0.00830902
RCN/BTC,1564512516502,2019-07-30T18:48:36.502Z,sell,1.94e-06,853.0,0.00165482
RCN/BTC,1564512711972,2019-07-30T18:51:51.972Z,sell,1.94e-06,13508.0,0.02620552
RCN/BTC,1564512715511,2019-07-30T18:51:55.511Z,buy,1.95e-06,591.0,0.00115245
RCN/BTC,1564512805746,2019-07-30T18:53:25.746Z,buy,1.95e-06,52.0,0.0001014
RCN/BTC,1564513149499,2019-07-30T18:59:09.499Z,sell,1.94e-06,2577.0,0.00499938
RCN/BTC,1564513150381,2019-07-30T18:59:10.381Z,sell,1.94e-06,21989.0,0.04265866
RCN/BTC,1564513150495,2019-07-30T18:59:10.495Z,sell,1.94e-06,13011.0,0.02524134
RCN/BTC,1564513207916,2019-07-30T19:00:07.916Z,buy,1.94e-06,203.0,0.00039382
RCN/BTC,1564514286005,2019-07-30T19:18:06.005Z,buy,1.94e-06,59.0,0.00011446
RCN/BTC,1564514635658,2019-07-30T19:23:55.658Z,buy,1.95e-06,13031.0,0.02541045
RCN/BTC,1564514635658,2019-07-30T19:23:55.658Z,buy,1.95e-06,13031.0,0.02541045
RCN/BTC,1564516404628,2019-07-30T19:53:24.628Z,buy,1.95e-06,52.0,0.0001014
RCN/BTC,1564516482001,2019-07-30T19:54:42.001Z,sell,1.94e-06,7784.0,0.01510096
RCN/BTC,1564516482790,2019-07-30T19:54:42.790Z,buy,1.94e-06,3315.0,0.0064311
RCN/BTC,1564517532659,2019-07-30T20:12:12.659Z,buy,1.95e-06,627.0,0.00122265
RCN/BTC,1564517532659,2019-07-30T20:12:12.659Z,buy,1.95e-06,627.0,0.00122265
RCN/BTC,1564518464969,2019-07-30T20:27:44.969Z,sell,1.94e-06,11229.0,0.02178426
RCN/BTC,1564519723196,2019-07-30T20:48:43.196Z,buy,1.94e-06,1082.0,0.00209908
RCN/BTC,1564519723232,2019-07-30T20:48:43.232Z,buy,1.94e-06,1082.0,0.00209908
RCN/BTC,1564519955058,2019-07-30T20:52:35.058Z,sell,1.93e-06,31994.0,0.06174842
RCN/BTC,1564519998949,2019-07-30T20:53:18.949Z,buy,1.94e-06,54.0,0.00010476
RCN/BTC,1564520580341,2019-07-30T21:03:00.341Z,sell,1.93e-06,1065.0,0.00205545
RCN/BTC,1564520728248,2019-07-30T21:05:28.248Z,buy,1.94e-06,381.0,0.00073914
RCN/BTC,1564520728706,2019-07-30T21:05:28.706Z,buy,1.94e-06,196.0,0.00038024
RCN/BTC,1564520824154,2019-07-30T21:07:04.154Z,buy,1.94e-06,103.0,0.00019982
RCN/BTC,1564521114420,2019-07-30T21:11:54.420Z,sell,1.93e-06,9598.0,0.01852414
RCN/BTC,1564521114420,2019-07-30T21:11:54.420Z,sell,1.93e-06,9598.0,0.01852414
RCN/BTC,1564521521608,2019-07-30T21:18:41.608Z,buy,1.94e-06,1810.0,0.0035114
RCN/BTC,1564521669122,2019-07-30T21:21:09.122Z,sell,1.94e-06,6494.0,0.01259836
RCN/BTC,1564521798976,2019-07-30T21:23:18.976Z,sell,1.93e-06,47085.0,0.09087405
RCN/BTC,1564521905614,2019-07-30T21:25:05.614Z,sell,1.93e-06,446.0,0.00086078
RCN/BTC,1564522231916,2019-07-30T21:30:31.916Z,buy,1.94e-06,689.0,0.00133666
RCN/BTC,1564522549300,2019-07-30T21:35:49.300Z,buy,1.94e-06,68838.0,0.13354572
RCN/BTC,1564522553301,2019-07-30T21:35:53.301Z,buy,1.94e-06,12926.0,0.02507644
RCN/BTC,1564522601608,2019-07-30T21:36:41.608Z,sell,1.93e-06,5040.0,0.0097272
RCN/BTC,1564523439365,2019-07-30T21:50:39.365Z,sell,1.94e-06,761.0,0.00147634
RCN/BTC,1564523439365,2019-07-30T21:50:39.365Z,sell,1.94e-06,761.0,0.00147634
RCN/BTC,1564526422352,2019-07-30T22:40:22.352Z,buy,1.94e-06,173.0,0.00033562
RCN/BTC,1564526721066,2019-07-30T22:45:21.066Z,buy,1.94e-06,1289.0,0.00250066
RCN/BTC,1564526906447,2019-07-30T22:48:26.447Z,buy,1.94e-06,10000.0,0.0194
RCN/BTC,1564526906447,2019-07-30T22:48:26.447Z,buy,1.94e-06,10000.0,0.0194
RCN/BTC,1564527044138,2019-07-30T22:50:44.138Z,buy,1.94e-06,2766.0,0.00536604
RCN/BTC,1564528722488,2019-07-30T23:18:42.488Z,buy,1.94e-06,736.0,0.00142784
RCN/BTC,1564528723388,2019-07-30T23:18:43.388Z,buy,1.94e-06,150.0,0.000291
RCN/BTC,1564528814425,2019-07-30T23:20:14.425Z,buy,1.94e-06,65.0,0.0001261
RCN/BTC,1564528925301,2019-07-30T23:22:05.301Z,buy,1.94e-06,719.0,0.00139486
RCN/BTC,1564529037660,2019-07-30T23:23:57.660Z,sell,1.93e-06,3242.0,0.00625706
RCN/BTC,1564529112656,2019-07-30T23:25:12.656Z,sell,1.93e-06,83.0,0.00016019
RCN/BTC,1564530038432,2019-07-30T23:40:38.432Z,buy,1.94e-06,724.0,0.00140456
RCN/BTC,1564530303777,2019-07-30T23:45:03.777Z,buy,1.94e-06,63085.0,0.1223849
RCN/BTC,1564530303836,2019-07-30T23:45:03.836Z,sell,1.94e-06,348.0,0.00067512
RCN/BTC,1564530303846,2019-07-30T23:45:03.846Z,sell,1.94e-06,1046.0,0.00202924
RCN/BTC,1564530484821,2019-07-30T23:48:04.821Z,sell,1.94e-06,80.0,0.0001552
RCN/BTC,1564530484821,2019-07-30T23:48:04.821Z,sell,1.94e-06,80.0,0.0001552
RCN/BTC,1564531574754,2019-07-31T00:06:14.754Z,sell,1.94e-06,74.0,0.00014356
RCN/BTC,1564532504663,2019-07-31T00:21:44.663Z,sell,1.94e-06,25000.0,0.0485
RCN/BTC,1564533105519,2019-07-31T00:31:45.519Z,sell,1.94e-06,724.0,0.00140456
RCN/BTC,1564533485738,2019-07-31T00:38:05.738Z,sell,1.94e-06,77.0,0.00014938
RCN/BTC,1564533494739,2019-07-31T00:38:14.739Z,sell,1.94e-06,8184.0,0.01587696
RCN/BTC,1564533909330,2019-07-31T00:45:09.330Z,sell,1.94e-06,53.0,0.00010282
RCN/BTC,1564533909330,2019-07-31T00:45:09.330Z,sell,1.94e-06,53.0,0.00010282
RCN/BTC,1564534192117,2019-07-31T00:49:52.117Z,sell,1.94e-06,8184.0,0.01587696
RCN/BTC,1564534270940,2019-07-31T00:51:10.940Z,sell,1.94e-06,697.0,0.00135218
RCN/BTC,1564534393943,2019-07-31T00:53:13.943Z,sell,1.94e-06,60.0,0.0001164
RCN/BTC,1564534655763,2019-07-31T00:57:35.763Z,sell,1.94e-06,5606.0,0.01087564
RCN/BTC,1564534656314,2019-07-31T00:57:36.314Z,sell,1.94e-06,855.0,0.0016587
RCN/BTC,1564534666069,2019-07-31T00:57:46.069Z,sell,1.93e-06,2919.0,0.00563367
RCN/BTC,1564534666121,2019-07-31T00:57:46.121Z,buy,1.93e-06,220.0,0.0004246
RCN/BTC,1564534691227,2019-07-31T00:58:11.227Z,sell,1.92e-06,4193.0,0.00805056
RCN/BTC,1564534693242,2019-07-31T00:58:13.242Z,buy,1.93e-06,6382.0,0.01231726
RCN/BTC,1564534700787,2019-07-31T00:58:20.787Z,buy,1.93e-06,1500.0,0.002895
RCN/BTC,1564534757787,2019-07-31T00:59:17.787Z,buy,1.93e-06,77.0,0.00014861
RCN/BTC,1564534761112,2019-07-31T00:59:21.112Z,buy,1.94e-06,2087.0,0.00404878
RCN/BTC,1564534872046,2019-07-31T01:01:12.046Z,sell,1.93e-06,671.0,0.00129503
RCN/BTC,1564534976974,2019-07-31T01:02:56.974Z,sell,1.93e-06,1459.0,0.00281587
RCN/BTC,1564534977000,2019-07-31T01:02:57.000Z,sell,1.92e-06,1459.0,0.0028012799999999
RCN/BTC,1564536058608,2019-07-31T01:20:58.608Z,sell,1.92e-06,9990.0,0.0191807999999999
RCN/BTC,1564536117527,2019-07-31T01:21:57.527Z,sell,1.92e-06,557.0,0.0010694399999999
RCN/BTC,1564536219284,2019-07-31T01:23:39.284Z,sell,1.92e-06,43545.0,0.0836064
RCN/BTC,1564536668063,2019-07-31T01:31:08.063Z,buy,1.93e-06,77.0,0.00014861
RCN/BTC,1564536668079,2019-07-31T01:31:08.079Z,sell,1.93e-06,5363.0,0.01035059
RCN/BTC,1564536767631,2019-07-31T01:32:47.631Z,sell,1.92e-06,765.0,0.0014688
RCN/BTC,1564536847689,2019-07-31T01:34:07.689Z,sell,1.92e-06,248.0,0.0004761599999999
RCN/BTC,1564536879775,2019-07-31T01:34:39.775Z,sell,1.92e-06,809.0,0.0015532799999999
RCN/BTC,1564536879775,2019-07-31T01:34:39.775Z,sell,1.92e-06,809.0,0.0015532799999999
RCN/BTC,1564537610470,2019-07-31T01:46:50.470Z,sell,1.92e-06,7605.0,0.0146016
RCN/BTC,1564537610470,2019-07-31T01:46:50.470Z,sell,1.91e-06,8662.0,0.01654442
RCN/BTC,1564537610470,2019-07-31T01:46:50.470Z,sell,1.91e-06,7916.0,0.0151195599999999
RCN/BTC,1564537610479,2019-07-31T01:46:50.479Z,sell,1.91e-06,8846.0,0.01689586
RCN/BTC,1564537610479,2019-07-31T01:46:50.479Z,sell,1.9e-06,79346.0,0.1507574
RCN/BTC,1564537610479,2019-07-31T01:46:50.479Z,sell,1.9e-06,22179.0,0.0421401
RCN/BTC,1564537612847,2019-07-31T01:46:52.847Z,sell,1.91e-06,778.0,0.00148598
RCN/BTC,1564537613321,2019-07-31T01:46:53.321Z,sell,1.91e-06,1161.0,0.00221751
RCN/BTC,1564537613640,2019-07-31T01:46:53.640Z,sell,1.91e-06,77.0,0.0001470699999999
RCN/BTC,1564537614310,2019-07-31T01:46:54.310Z,sell,1.91e-06,7550.0,0.0144205
RCN/BTC,1564537616120,2019-07-31T01:46:56.120Z,sell,1.91e-06,9000.0,0.01719
RCN/BTC,1564537616120,2019-07-31T01:46:56.120Z,sell,1.9e-06,5859.0,0.0111321
RCN/BTC,1564537616120,2019-07-31T01:46:56.120Z,sell,1.89e-06,536.0,0.00101304
RCN/BTC,1564537616120,2019-07-31T01:46:56.120Z,sell,1.89e-06,1000.0,0.00189
RCN/BTC,1564537616120,2019-07-31T01:46:56.120Z,sell,1.89e-06,29523.0,0.0557984699999999
RCN/BTC,1564537616120,2019-07-31T01:46:56.120Z,sell,1.89e-06,1109.0,0.0020960099999999
RCN/BTC,1564537617548,2019-07-31T01:46:57.548Z,sell,1.91e-06,56.0,0.0001069599999999
RCN/BTC,1564537618957,2019-07-31T01:46:58.957Z,sell,1.9e-06,77.0,0.0001463
RCN/BTC,1564537623129,2019-07-31T01:47:03.129Z,sell,1.9e-06,736.0,0.0013984
RCN/BTC,1564537674559,2019-07-31T01:47:54.559Z,sell,1.9e-06,2728.0,0.0051832
RCN/BTC,1564537684098,2019-07-31T01:48:04.098Z,sell,1.9e-06,7979.0,0.0151601
RCN/BTC,1564537684711,2019-07-31T01:48:04.711Z,sell,1.9e-06,1737.0,0.0033003
RCN/BTC,1564537805650,2019-07-31T01:50:05.650Z,sell,1.9e-06,19980.0,0.037962
RCN/BTC,1564537810405,2019-07-31T01:50:10.405Z,sell,1.9e-06,491.0,0.0009329
RCN/BTC,1564537813315,2019-07-31T01:50:13.315Z,buy,1.91e-06,77.0,0.0001470699999999
RCN/BTC,1564537813453,2019-07-31T01:50:13.453Z,sell,1.91e-06,706.0,0.00134846
RCN/BTC,1564537836567,2019-07-31T01:50:36.567Z,buy,1.91e-06,56.0,0.0001069599999999
RCN/BTC,1564537837954,2019-07-31T01:50:37.954Z,buy,1.91e-06,300.0,0.0005729999999999
RCN/BTC,1564537838635,2019-07-31T01:50:38.635Z,buy,1.91e-06,317.0,0.00060547
RCN/BTC,1564537839058,2019-07-31T01:50:39.058Z,buy,1.91e-06,18.0,3.438e-05
RCN/BTC,1564537929663,2019-07-31T01:52:09.663Z,buy,1.92e-06,300.0,0.0005759999999999
RCN/BTC,1564537954474,2019-07-31T01:52:34.474Z,buy,1.92e-06,1573.0,0.0030201599999999
RCN/BTC,1564537954482,2019-07-31T01:52:34.482Z,buy,1.92e-06,9663.0,0.0185529599999999
RCN/BTC,1564537954551,2019-07-31T01:52:34.551Z,buy,1.92e-06,13479.0,0.02587968
RCN/BTC,1564537954551,2019-07-31T01:52:34.551Z,buy,1.92e-06,13501.0,0.0259219199999999
RCN/BTC,1564537954554,2019-07-31T01:52:34.554Z,buy,1.92e-06,13479.0,0.02587968
RCN/BTC,1564537954560,2019-07-31T01:52:34.560Z,buy,1.92e-06,5690.0,0.0109247999999999
RCN/BTC,1564537954560,2019-07-31T01:52:34.560Z,buy,1.93e-06,3866.0,0.00746138
RCN/BTC,1564537954633,2019-07-31T01:52:34.633Z,buy,1.93e-06,7205.0,0.01390565
RCN/BTC,1564537954648,2019-07-31T01:52:34.648Z,buy,1.93e-06,6074.0,0.01172282
RCN/BTC,1564537954648,2019-07-31T01:52:34.648Z,buy,1.94e-06,1131.0,0.00219414
RCN/BTC,1564537954761,2019-07-31T01:52:34.761Z,buy,1.94e-06,13727.0,0.02663038
RCN/BTC,1564537954762,2019-07-31T01:52:34.762Z,buy,1.94e-06,10395.0,0.0201663
RCN/BTC,1564537955892,2019-07-31T01:52:35.892Z,buy,1.94e-06,19999.0,0.03879806
RCN/BTC,1564537957666,2019-07-31T01:52:37.666Z,buy,1.94e-06,16656.0,0.03231264
RCN/BTC,1564537957679,2019-07-31T01:52:37.679Z,buy,1.94e-06,13109.0,0.02543146
RCN/BTC,1564537996581,2019-07-31T01:53:16.581Z,sell,1.93e-06,77.0,0.00014861
RCN/BTC,1564538004398,2019-07-31T01:53:24.398Z,sell,1.92e-06,8099.0,0.0155500799999999
RCN/BTC,1564538168795,2019-07-31T01:56:08.795Z,sell,1.91e-06,14689.0,0.02805599
RCN/BTC,1564538172602,2019-07-31T01:56:12.602Z,buy,1.92e-06,77.0,0.00014784
RCN/BTC,1564538229859,2019-07-31T01:57:09.859Z,sell,1.91e-06,2238.0,0.00427458
RCN/BTC,1564538587304,2019-07-31T02:03:07.304Z,sell,1.92e-06,2387.0,0.0045830399999999
RCN/BTC,1564538740659,2019-07-31T02:05:40.659Z,sell,1.91e-06,1050.0,0.0020055
RCN/BTC,1564538740659,2019-07-31T02:05:40.659Z,sell,1.91e-06,1050.0,0.0020055
RCN/BTC,1564540964891,2019-07-31T02:42:44.891Z,sell,1.91e-06,6586.0,0.01257926
RCN/BTC,1564540965109,2019-07-31T02:42:45.109Z,sell,1.91e-06,71.0,0.0001356099999999
RCN/BTC,1564541220143,2019-07-31T02:47:00.143Z,sell,1.91e-06,20000.0,0.0382
RCN/BTC,1564541234683,2019-07-31T02:47:14.683Z,buy,1.92e-06,10410.0,0.0199871999999999
RCN/BTC,1564541234683,2019-07-31T02:47:14.683Z,buy,1.93e-06,9363.0,0.01807059
RCN/BTC,1564541237712,2019-07-31T02:47:17.712Z,sell,1.92e-06,77.0,0.00014784
RCN/BTC,1564541239957,2019-07-31T02:47:19.957Z,buy,1.92e-06,53.0,0.0001017599999999
RCN/BTC,1564541598404,2019-07-31T02:53:18.404Z,buy,1.93e-06,98.0,0.00018914
RCN/BTC,1564541974937,2019-07-31T02:59:34.937Z,buy,1.93e-06,104.0,0.00020072
RCN/BTC,1564542203022,2019-07-31T03:03:23.022Z,sell,1.92e-06,1222.0,0.00234624
RCN/BTC,1564542203997,2019-07-31T03:03:23.997Z,sell,1.92e-06,6340.0,0.0121728
RCN/BTC,1564542203997,2019-07-31T03:03:23.997Z,sell,1.92e-06,6340.0,0.0121728
RCN/BTC,1564542459238,2019-07-31T03:07:39.238Z,buy,1.92e-06,20.0,3.84e-05
RCN/BTC,1564542486595,2019-07-31T03:08:06.595Z,buy,1.92e-06,781.0,0.0014995199999999
RCN/BTC,1564542543795,2019-07-31T03:09:03.795Z,sell,1.91e-06,44198.0,0.08441818
RCN/BTC,1564542543795,2019-07-31T03:09:03.795Z,sell,1.9e-06,54534.0,0.1036146
RCN/BTC,1564542543822,2019-07-31T03:09:03.822Z,buy,1.9e-06,11278.0,0.0214282
RCN/BTC,1564542543825,2019-07-31T03:09:03.825Z,buy,1.9e-06,16032.0,0.0304608
RCN/BTC,1564542543826,2019-07-31T03:09:03.826Z,buy,1.9e-06,10046.0,0.0190874
RCN/BTC,1564542543845,2019-07-31T03:09:03.845Z,buy,1.9e-06,2124.0,0.0040356
RCN/BTC,1564542543848,2019-07-31T03:09:03.848Z,buy,1.9e-06,11288.0,0.0214472
RCN/BTC,1564542543854,2019-07-31T03:09:03.854Z,buy,1.9e-06,1805.0,0.0034295
RCN/BTC,1564542543858,2019-07-31T03:09:03.858Z,buy,1.9e-06,1000.0,0.0019
RCN/BTC,1564542543861,2019-07-31T03:09:03.861Z,buy,1.9e-06,2000.0,0.0038
RCN/BTC,1564542543864,2019-07-31T03:09:03.864Z,buy,1.9e-06,1134.0,0.0021546
RCN/BTC,1564542543867,2019-07-31T03:09:03.867Z,buy,1.9e-06,10197.0,0.0193743
RCN/BTC,1564542543874,2019-07-31T03:09:03.874Z,buy,1.9e-06,3733.0,0.0070927
RCN/BTC,1564542543902,2019-07-31T03:09:03.902Z,buy,1.9e-06,1000.0,0.0019
RCN/BTC,1564542543904,2019-07-31T03:09:03.904Z,buy,1.9e-06,26316.0,0.0500004
RCN/BTC,1564542543906,2019-07-31T03:09:03.906Z,buy,1.9e-06,1805.0,0.0034295
RCN/BTC,1564542543945,2019-07-31T03:09:03.945Z,buy,1.9e-06,597.0,0.0011343
RCN/BTC,1564542544002,2019-07-31T03:09:04.002Z,buy,1.9e-06,1000.0,0.0019
RCN/BTC,1564542544050,2019-07-31T03:09:04.050Z,buy,1.9e-06,6340.0,0.012046
RCN/BTC,1564542544083,2019-07-31T03:09:04.083Z,buy,1.9e-06,3000.0,0.0057
RCN/BTC,1564542544280,2019-07-31T03:09:04.280Z,buy,1.9e-06,8906.0,0.0169214
RCN/BTC,1564542544407,2019-07-31T03:09:04.407Z,buy,1.9e-06,2042.0,0.0038798
RCN/BTC,1564542544421,2019-07-31T03:09:04.421Z,buy,1.9e-06,3561.0,0.0067659
RCN/BTC,1564542544485,2019-07-31T03:09:04.485Z,buy,1.9e-06,2218.0,0.0042142
RCN/BTC,1564542544837,2019-07-31T03:09:04.837Z,buy,1.9e-06,6696.0,0.0127224
RCN/BTC,1564542545471,2019-07-31T03:09:05.471Z,sell,1.9e-06,2218.0,0.0042142
RCN/BTC,1564542546025,2019-07-31T03:09:06.025Z,sell,1.9e-06,673.0,0.0012787
RCN/BTC,1564542546224,2019-07-31T03:09:06.224Z,buy,1.9e-06,601.0,0.0011419
RCN/BTC,1564542548519,2019-07-31T03:09:08.519Z,buy,1.9e-06,8772.0,0.0166668
RCN/BTC,1564542552112,2019-07-31T03:09:12.112Z,buy,1.91e-06,5012.0,0.00957292
RCN/BTC,1564542558863,2019-07-31T03:09:18.863Z,sell,1.9e-06,319.0,0.0006061
RCN/BTC,1564542559801,2019-07-31T03:09:19.801Z,sell,1.9e-06,5166.0,0.0098154
RCN/BTC,1564542559820,2019-07-31T03:09:19.820Z,sell,1.9e-06,4426.0,0.0084094
RCN/BTC,1564542561806,2019-07-31T03:09:21.806Z,sell,1.9e-06,1805.0,0.0034295
RCN/BTC,1564542562865,2019-07-31T03:09:22.865Z,sell,1.9e-06,7890.0,0.014991
RCN/BTC,1564542574346,2019-07-31T03:09:34.346Z,sell,1.9e-06,2000.0,0.0038
RCN/BTC,1564542668060,2019-07-31T03:11:08.060Z,sell,1.9e-06,11288.0,0.0214472
RCN/BTC,1564542795993,2019-07-31T03:13:15.993Z,sell,1.9e-06,80.0,0.000152
RCN/BTC,1564542925756,2019-07-31T03:15:25.756Z,buy,1.91e-06,77.0,0.0001470699999999
RCN/BTC,1564542929073,2019-07-31T03:15:29.073Z,sell,1.91e-06,43382.0,0.08285962
RCN/BTC,1564543040190,2019-07-31T03:17:20.190Z,sell,1.9e-06,2324.0,0.0044156
RCN/BTC,1564543084546,2019-07-31T03:18:04.546Z,buy,1.91e-06,58.0,0.0001107799999999
RCN/BTC,1564544026623,2019-07-31T03:33:46.623Z,sell,1.9e-06,104.0,0.0001976
RCN/BTC,1564544172524,2019-07-31T03:36:12.524Z,buy,1.91e-06,107.0,0.00020437
RCN/BTC,1564544515484,2019-07-31T03:41:55.484Z,buy,1.91e-06,82.0,0.00015662
RCN/BTC,1564544516038,2019-07-31T03:41:56.038Z,buy,1.91e-06,82.0,0.00015662
RCN/BTC,1564544747082,2019-07-31T03:45:47.082Z,sell,1.9e-06,1792.0,0.0034048
RCN/BTC,1564544965910,2019-07-31T03:49:25.910Z,sell,1.9e-06,1425.0,0.0027075
RCN/BTC,1564545019101,2019-07-31T03:50:19.101Z,sell,1.9e-06,100.0,0.00019
RCN/BTC,1564545138130,2019-07-31T03:52:18.130Z,sell,1.9e-06,110.0,0.000209
RCN/BTC,1564545139335,2019-07-31T03:52:19.335Z,sell,1.9e-06,189.0,0.0003591
RCN/BTC,1564545196000,2019-07-31T03:53:16.000Z,buy,1.91e-06,82.0,0.00015662
RCN/BTC,1564545747022,2019-07-31T04:02:27.022Z,sell,1.9e-06,15079.0,0.0286501
RCN/BTC,1564545747284,2019-07-31T04:02:27.284Z,buy,1.9e-06,2000.0,0.0038
RCN/BTC,1564545747551,2019-07-31T04:02:27.551Z,buy,1.9e-06,2000.0,0.0038
RCN/BTC,1564545747577,2019-07-31T04:02:27.577Z,buy,1.9e-06,7237.0,0.0137503
RCN/BTC,1564545748658,2019-07-31T04:02:28.658Z,sell,1.9e-06,155.0,0.0002945
RCN/BTC,1564545749326,2019-07-31T04:02:29.326Z,sell,1.9e-06,1845.0,0.0035055
RCN/BTC,1564545751325,2019-07-31T04:02:31.325Z,sell,1.9e-06,3040.0,0.005776
RCN/BTC,1564545751325,2019-07-31T04:02:31.325Z,sell,1.9e-06,3040.0,0.005776
RCN/BTC,1564546004356,2019-07-31T04:06:44.356Z,sell,1.9e-06,4315.0,0.0081985
RCN/BTC,1564546086069,2019-07-31T04:08:06.069Z,sell,1.89e-06,1803.0,0.00340767
RCN/BTC,1564546089955,2019-07-31T04:08:09.955Z,sell,1.89e-06,19999.0,0.0377981099999999
RCN/BTC,1564546092125,2019-07-31T04:08:12.125Z,sell,1.89e-06,790.0,0.0014931
RCN/BTC,1564546143950,2019-07-31T04:09:03.950Z,sell,1.89e-06,1595.0,0.00301455
RCN/BTC,1564546143950,2019-07-31T04:09:03.950Z,sell,1.88e-06,6427.0,0.01208276
RCN/BTC,1564546143950,2019-07-31T04:09:03.950Z,sell,1.88e-06,13507.0,0.02539316
RCN/BTC,1564546143950,2019-07-31T04:09:03.950Z,sell,1.88e-06,85980.0,0.1616424
RCN/BTC,1564546145776,2019-07-31T04:09:05.776Z,sell,1.88e-06,1435.0,0.0026978
RCN/BTC,1564546145818,2019-07-31T04:09:05.818Z,sell,1.88e-06,2526.0,0.00474888
RCN/BTC,1564546145840,2019-07-31T04:09:05.840Z,sell,1.88e-06,4785.0,0.0089958
RCN/BTC,1564546145887,2019-07-31T04:09:05.887Z,sell,1.88e-06,846.0,0.00159048
RCN/BTC,1564546146159,2019-07-31T04:09:06.159Z,sell,1.88e-06,543.0,0.00102084
RCN/BTC,1564546146183,2019-07-31T04:09:06.183Z,sell,1.88e-06,957.0,0.00179916
RCN/BTC,1564546146430,2019-07-31T04:09:06.430Z,sell,1.88e-06,622.0,0.00116936
RCN/BTC,1564546146622,2019-07-31T04:09:06.622Z,sell,1.88e-06,65759.0,0.12362692
RCN/BTC,1564546146724,2019-07-31T04:09:06.724Z,sell,1.88e-06,7656.0,0.01439328
RCN/BTC,1564546146831,2019-07-31T04:09:06.831Z,sell,1.88e-06,3349.0,0.00629612
RCN/BTC,1564546147324,2019-07-31T04:09:07.324Z,sell,1.88e-06,1196.0,0.00224848
RCN/BTC,1564546147348,2019-07-31T04:09:07.348Z,sell,1.88e-06,2714.0,0.00510232
RCN/BTC,1564546147378,2019-07-31T04:09:07.378Z,buy,1.89e-06,77.0,0.00014553
RCN/BTC,1564546147666,2019-07-31T04:09:07.666Z,sell,1.89e-06,77.0,0.00014553
RCN/BTC,1564546147666,2019-07-31T04:09:07.666Z,sell,1.88e-06,1023.0,0.00192324
RCN/BTC,1564546147931,2019-07-31T04:09:07.931Z,sell,1.88e-06,5263.0,0.00989444
RCN/BTC,1564546148123,2019-07-31T04:09:08.123Z,sell,1.88e-06,27546.0,0.05178648
RCN/BTC,1564546148384,2019-07-31T04:09:08.384Z,buy,1.9e-06,1279.0,0.0024301
RCN/BTC,1564546148594,2019-07-31T04:09:08.594Z,sell,1.88e-06,1123.0,0.00211124
RCN/BTC,1564546149625,2019-07-31T04:09:09.625Z,sell,1.88e-06,4785.0,0.0089958
RCN/BTC,1564546150724,2019-07-31T04:09:10.724Z,sell,1.89e-06,77.0,0.00014553
RCN/BTC,1564546150724,2019-07-31T04:09:10.724Z,sell,1.88e-06,5187.0,0.00975156
RCN/BTC,1564546162217,2019-07-31T04:09:22.217Z,sell,1.88e-06,1089.0,0.00204732
RCN/BTC,1564546164052,2019-07-31T04:09:24.052Z,sell,1.88e-06,2487.0,0.00467556
RCN/BTC,1564546170445,2019-07-31T04:09:30.445Z,sell,1.88e-06,1675.0,0.003149
RCN/BTC,1564546197842,2019-07-31T04:09:57.842Z,buy,1.9e-06,60.0,0.000114
RCN/BTC,1564546373830,2019-07-31T04:12:53.830Z,buy,1.9e-06,184.0,0.0003496
RCN/BTC,1564546373961,2019-07-31T04:12:53.961Z,buy,1.9e-06,150.0,0.000285
RCN/BTC,1564546374210,2019-07-31T04:12:54.210Z,buy,1.9e-06,156.0,0.0002964
RCN/BTC,1564546617420,2019-07-31T04:16:57.420Z,sell,1.89e-06,216.0,0.00040824
RCN/BTC,1564546628459,2019-07-31T04:17:08.459Z,buy,1.89e-06,1000.0,0.00189
RCN/BTC,1564546629516,2019-07-31T04:17:09.516Z,buy,1.89e-06,1000.0,0.00189
RCN/BTC,1564546681863,2019-07-31T04:18:01.863Z,buy,1.89e-06,71.0,0.00013419
RCN/BTC,1564546685545,2019-07-31T04:18:05.545Z,buy,1.89e-06,76.0,0.00014364
RCN/BTC,1564546701408,2019-07-31T04:18:21.408Z,buy,1.89e-06,7970.0,0.0150633
RCN/BTC,1564546832755,2019-07-31T04:20:32.755Z,buy,1.9e-06,198.0,0.0003762
RCN/BTC,1564546832866,2019-07-31T04:20:32.866Z,sell,1.9e-06,348.0,0.0006612
RCN/BTC,1564546917686,2019-07-31T04:21:57.686Z,buy,1.91e-06,10009.0,0.01911719
RCN/BTC,1564546925933,2019-07-31T04:22:05.933Z,buy,1.91e-06,57478.0,0.10978298
RCN/BTC,1564546944950,2019-07-31T04:22:24.950Z,buy,1.91e-06,43183.0,0.08247953
RCN/BTC,1564547076032,2019-07-31T04:24:36.032Z,buy,1.91e-06,36278.0,0.06929098
RCN/BTC,1564547697006,2019-07-31T04:34:57.006Z,buy,1.91e-06,11086.0,0.02117426
RCN/BTC,1564547700497,2019-07-31T04:35:00.497Z,sell,1.91e-06,87.0,0.00016617
RCN/BTC,1564547730800,2019-07-31T04:35:30.800Z,sell,1.9e-06,765.0,0.0014535
RCN/BTC,1564547755625,2019-07-31T04:35:55.625Z,buy,1.91e-06,818.0,0.00156238
RCN/BTC,1564547756501,2019-07-31T04:35:56.501Z,sell,1.91e-06,29182.0,0.0557376199999999
RCN/BTC,1564548658479,2019-07-31T04:50:58.479Z,buy,1.91e-06,728.0,0.00139048
RCN/BTC,1564549237063,2019-07-31T05:00:37.063Z,sell,1.9e-06,78947.0,0.1499993
RCN/BTC,1564549237091,2019-07-31T05:00:37.091Z,sell,1.9e-06,8665.0,0.0164635
RCN/BTC,1564549237348,2019-07-31T05:00:37.348Z,buy,1.9e-06,188.0,0.0003572
RCN/BTC,1564549238083,2019-07-31T05:00:38.083Z,buy,1.9e-06,184.0,0.0003496
RCN/BTC,1564549284979,2019-07-31T05:01:24.979Z,buy,1.9e-06,779.0,0.0014801
RCN/BTC,1564549284979,2019-07-31T05:01:24.979Z,buy,1.9e-06,779.0,0.0014801
RCN/BTC,1564549520816,2019-07-31T05:05:20.816Z,buy,1.9e-06,1749.0,0.0033231
RCN/BTC,1564551606706,2019-07-31T05:40:06.706Z,sell,1.89e-06,3150.0,0.0059535
RCN/BTC,1564552117691,2019-07-31T05:48:37.691Z,sell,1.89e-06,12172.0,0.0230050799999999
RCN/BTC,1564552159177,2019-07-31T05:49:19.177Z,sell,1.89e-06,8524.0,0.01611036
RCN/BTC,1564552400167,2019-07-31T05:53:20.167Z,sell,1.89e-06,16525.0,0.03123225
RCN/BTC,1564552407933,2019-07-31T05:53:27.933Z,sell,1.89e-06,24768.0,0.0468115199999999
RCN/BTC,1564552407933,2019-07-31T05:53:27.933Z,sell,1.89e-06,24768.0,0.0468115199999999
RCN/BTC,1564553000167,2019-07-31T06:03:20.167Z,sell,1.89e-06,11904.0,0.0224985599999999
RCN/BTC,1564553022799,2019-07-31T06:03:42.799Z,buy,1.9e-06,4063.0,0.0077197
RCN/BTC,1564553918786,2019-07-31T06:18:38.786Z,sell,1.89e-06,75.0,0.00014175
RCN/BTC,1564554057805,2019-07-31T06:20:57.805Z,sell,1.89e-06,16233.0,0.03068037
RCN/BTC,1564554057854,2019-07-31T06:20:57.854Z,buy,1.89e-06,1000.0,0.00189
RCN/BTC,1564554057859,2019-07-31T06:20:57.859Z,buy,1.89e-06,1000.0,0.00189
RCN/BTC,1564554057865,2019-07-31T06:20:57.865Z,buy,1.89e-06,1015.0,0.0019183499999999
RCN/BTC,1564554057866,2019-07-31T06:20:57.866Z,buy,1.89e-06,1015.0,0.0019183499999999
RCN/BTC,1564554057900,2019-07-31T06:20:57.900Z,buy,1.89e-06,1448.0,0.0027367199999999
RCN/BTC,1564554058074,2019-07-31T06:20:58.074Z,buy,1.89e-06,1443.0,0.00272727
RCN/BTC,1564554058306,2019-07-31T06:20:58.306Z,buy,1.89e-06,1015.0,0.0019183499999999
RCN/BTC,1564554058653,2019-07-31T06:20:58.653Z,buy,1.89e-06,856.0,0.00161784
RCN/BTC,1564554059352,2019-07-31T06:20:59.352Z,buy,1.9e-06,1444.0,0.0027436
RCN/BTC,1564554086603,2019-07-31T06:21:26.603Z,sell,1.89e-06,1000.0,0.00189
RCN/BTC,1564554086986,2019-07-31T06:21:26.986Z,sell,1.89e-06,1448.0,0.0027367199999999
RCN/BTC,1564554089787,2019-07-31T06:21:29.787Z,sell,1.89e-06,1000.0,0.00189
RCN/BTC,1564554119431,2019-07-31T06:21:59.431Z,sell,1.89e-06,1015.0,0.0019183499999999
RCN/BTC,1564554146100,2019-07-31T06:22:26.100Z,sell,1.89e-06,12605.0,0.02382345
RCN/BTC,1564554147297,2019-07-31T06:22:27.297Z,buy,1.89e-06,10353.0,0.01956717
RCN/BTC,1564554150092,2019-07-31T06:22:30.092Z,buy,1.89e-06,1570.0,0.0029673
RCN/BTC,1564554151795,2019-07-31T06:22:31.795Z,buy,1.89e-06,174.0,0.00032886
RCN/BTC,1564554159421,2019-07-31T06:22:39.421Z,buy,1.89e-06,3887.0,0.0073464299999999
RCN/BTC,1564554532249,2019-07-31T06:28:52.249Z,sell,1.88e-06,3160.0,0.0059408
RCN/BTC,1564554785548,2019-07-31T06:33:05.548Z,buy,1.89e-06,358.0,0.00067662
RCN/BTC,1564554900506,2019-07-31T06:35:00.506Z,sell,1.88e-06,8719.0,0.01639172
RCN/BTC,1564554900541,2019-07-31T06:35:00.541Z,buy,1.88e-06,1051.0,0.00197588
RCN/BTC,1564554900980,2019-07-31T06:35:00.980Z,buy,1.88e-06,3067.0,0.00576596
RCN/BTC,1564554924463,2019-07-31T06:35:24.463Z,buy,1.89e-06,1015.0,0.0019183499999999
RCN/BTC,1564554931846,2019-07-31T06:35:31.846Z,buy,1.89e-06,1000.0,0.00189
RCN/BTC,1564554935393,2019-07-31T06:35:35.393Z,buy,1.89e-06,1000.0,0.00189
RCN/BTC,1564554954328,2019-07-31T06:35:54.328Z,sell,1.88e-06,1051.0,0.00197588
RCN/BTC,1564554995147,2019-07-31T06:36:35.147Z,buy,1.89e-06,482.0,0.0009109799999999
RCN/BTC,1564555054933,2019-07-31T06:37:34.933Z,sell,1.88e-06,1243.0,0.00233684
RCN/BTC,1564555054933,2019-07-31T06:37:34.933Z,sell,1.87e-06,14539.0,0.02718793
RCN/BTC,1564555054933,2019-07-31T06:37:34.933Z,sell,1.87e-06,13182.0,0.02465034
RCN/BTC,1564555054933,2019-07-31T06:37:34.933Z,sell,1.87e-06,1509.0,0.00282183
RCN/BTC,1564555059155,2019-07-31T06:37:39.155Z,buy,1.88e-06,77.0,0.00014476
RCN/BTC,1564555509182,2019-07-31T06:45:09.182Z,sell,1.88e-06,77.0,0.00014476
RCN/BTC,1564555545911,2019-07-31T06:45:45.911Z,sell,1.88e-06,16.0,3.008e-05
RCN/BTC,1564555556787,2019-07-31T06:45:56.787Z,buy,1.88e-06,1049.0,0.00197212
RCN/BTC,1564555659170,2019-07-31T06:47:39.170Z,sell,1.87e-06,3714.0,0.00694518
RCN/BTC,1564555703081,2019-07-31T06:48:23.081Z,sell,1.87e-06,249.0,0.00046563
RCN/BTC,1564555850197,2019-07-31T06:50:50.197Z,buy,1.89e-06,1279.0,0.0024173099999999
RCN/BTC,1564555850197,2019-07-31T06:50:50.197Z,buy,1.89e-06,1279.0,0.0024173099999999
RCN/BTC,1564556007987,2019-07-31T06:53:27.987Z,buy,1.89e-06,57.0,0.00010773
RCN/BTC,1564556086318,2019-07-31T06:54:46.318Z,sell,1.88e-06,2068.0,0.00388784
RCN/BTC,1564556112470,2019-07-31T06:55:12.470Z,sell,1.88e-06,347.0,0.00065236
RCN/BTC,1564556385746,2019-07-31T06:59:45.746Z,sell,1.88e-06,2940.0,0.0055272
RCN/BTC,1564556926954,2019-07-31T07:08:46.954Z,sell,1.88e-06,35721.0,0.06715548
RCN/BTC,1564556926954,2019-07-31T07:08:46.954Z,sell,1.87e-06,99950.0,0.1869065
RCN/BTC,1564557312293,2019-07-31T07:15:12.293Z,buy,1.88e-06,76.0,0.00014288
RCN/BTC,1564557618336,2019-07-31T07:20:18.336Z,buy,1.88e-06,990.0,0.0018612
RCN/BTC,1564557684055,2019-07-31T07:21:24.055Z,buy,1.88e-06,632.0,0.00118816
RCN/BTC,1564557756206,2019-07-31T07:22:36.206Z,buy,1.88e-06,8741.0,0.01643308
RCN/BTC,1564557837972,2019-07-31T07:23:57.972Z,buy,1.88e-06,10920.0,0.0205296
RCN/BTC,1564557998609,2019-07-31T07:26:38.609Z,sell,1.87e-06,5216.0,0.00975392
RCN/BTC,1564557998676,2019-07-31T07:26:38.676Z,sell,1.87e-06,4079.0,0.00762773
RCN/BTC,1564557998703,2019-07-31T07:26:38.703Z,sell,1.87e-06,7093.0,0.01326391
RCN/BTC,1564558000783,2019-07-31T07:26:40.783Z,sell,1.87e-06,2042.0,0.00381854
RCN/BTC,1564558001678,2019-07-31T07:26:41.678Z,buy,1.88e-06,5216.0,0.00980608
RCN/BTC,1564558009329,2019-07-31T07:26:49.329Z,sell,1.87e-06,7394.0,0.01382678
RCN/BTC,1564558287251,2019-07-31T07:31:27.251Z,buy,1.88e-06,183.0,0.00034404
RCN/BTC,1564558794033,2019-07-31T07:39:54.033Z,sell,1.88e-06,80.0,0.0001504
RCN/BTC,1564558845875,2019-07-31T07:40:45.875Z,buy,1.89e-06,709.0,0.00134001
RCN/BTC,1564558860146,2019-07-31T07:41:00.146Z,sell,1.88e-06,1807.0,0.00339716
RCN/BTC,1564558860146,2019-07-31T07:41:00.146Z,sell,1.88e-06,1807.0,0.00339716
RCN/BTC,1564559453005,2019-07-31T07:50:53.005Z,sell,1.88e-06,7922.0,0.01489336
RCN/BTC,1564559453005,2019-07-31T07:50:53.005Z,sell,1.87e-06,27078.0,0.05063586
RCN/BTC,1564559511339,2019-07-31T07:51:51.339Z,sell,1.87e-06,1500.0,0.002805
RCN/BTC,1564560137310,2019-07-31T08:02:17.310Z,sell,1.87e-06,690.0,0.0012903
RCN/BTC,1564560253188,2019-07-31T08:04:13.188Z,sell,1.87e-06,9419.0,0.01761353
RCN/BTC,1564560253929,2019-07-31T08:04:13.929Z,sell,1.87e-06,10321.0,0.01930027
RCN/BTC,1564560253992,2019-07-31T08:04:13.992Z,sell,1.87e-06,2042.0,0.00381854
RCN/BTC,1564560255699,2019-07-31T08:04:15.699Z,buy,1.88e-06,761.0,0.00143068
RCN/BTC,1564560255699,2019-07-31T08:04:15.699Z,buy,1.89e-06,9560.0,0.0180684
RCN/BTC,1564560263995,2019-07-31T08:04:23.995Z,sell,1.87e-06,8118.0,0.01518066
RCN/BTC,1564560402028,2019-07-31T08:06:42.028Z,sell,1.87e-06,19725.0,0.03688575
RCN/BTC,1564560634285,2019-07-31T08:10:34.285Z,buy,1.89e-06,1678.0,0.00317142
RCN/BTC,1564561061485,2019-07-31T08:17:41.485Z,buy,1.89e-06,1428.0,0.00269892
RCN/BTC,1564561149149,2019-07-31T08:19:09.149Z,buy,1.89e-06,90.0,0.0001701
RCN/BTC,1564561336769,2019-07-31T08:22:16.769Z,buy,1.89e-06,1428.0,0.00269892
RCN/BTC,1564561337175,2019-07-31T08:22:17.175Z,buy,1.89e-06,1428.0,0.00269892
RCN/BTC,1564561368575,2019-07-31T08:22:48.575Z,buy,1.89e-06,1428.0,0.00269892
RCN/BTC,1564561477967,2019-07-31T08:24:37.967Z,buy,1.89e-06,1428.0,0.00269892
RCN/BTC,1564561478360,2019-07-31T08:24:38.360Z,buy,1.89e-06,1428.0,0.00269892
RCN/BTC,1564561479258,2019-07-31T08:24:39.258Z,buy,1.89e-06,1428.0,0.00269892
RCN/BTC,1564562427398,2019-07-31T08:40:27.398Z,sell,1.87e-06,7076.0,0.01323212
RCN/BTC,1564562427478,2019-07-31T08:40:27.478Z,sell,1.87e-06,24105.0,0.04507635
RCN/BTC,1564562428952,2019-07-31T08:40:28.952Z,sell,1.87e-06,21276.0,0.03978612
RCN/BTC,1564562437596,2019-07-31T08:40:37.596Z,sell,1.87e-06,39531.0,0.07392297
RCN/BTC,1564562457401,2019-07-31T08:40:57.401Z,buy,1.88e-06,3072.0,0.00577536
RCN/BTC,1564562457401,2019-07-31T08:40:57.401Z,buy,1.88e-06,3072.0,0.00577536
RCN/BTC,1564562487536,2019-07-31T08:41:27.536Z,buy,1.88e-06,390.0,0.0007332
RCN/BTC,1564562523902,2019-07-31T08:42:03.902Z,sell,1.87e-06,8109.0,0.01516383
RCN/BTC,1564562659570,2019-07-31T08:44:19.570Z,buy,1.88e-06,1329.0,0.00249852
RCN/BTC,1564562805932,2019-07-31T08:46:45.932Z,sell,1.87e-06,972.0,0.00181764
RCN/BTC,1564562976334,2019-07-31T08:49:36.334Z,sell,1.87e-06,9990.0,0.0186813
RCN/BTC,1564563123364,2019-07-31T08:52:03.364Z,buy,1.88e-06,2932.0,0.00551216
RCN/BTC,1564563276182,2019-07-31T08:54:36.182Z,sell,1.87e-06,9990.0,0.0186813
RCN/BTC,1564563774907,2019-07-31T09:02:54.907Z,sell,1.87e-06,25000.0,0.04675
RCN/BTC,1564563779327,2019-07-31T09:02:59.327Z,sell,1.87e-06,234.0,0.00043758
RCN/BTC,1564563992351,2019-07-31T09:06:32.351Z,sell,1.86e-06,11301.0,0.02101986
RCN/BTC,1564563992351,2019-07-31T09:06:32.351Z,sell,1.86e-06,15117.0,0.02811762
RCN/BTC,1564563992351,2019-07-31T09:06:32.351Z,sell,1.86e-06,13506.0,0.02512116
RCN/BTC,1564563992351,2019-07-31T09:06:32.351Z,sell,1.86e-06,12152.0,0.02260272
RCN/BTC,1564563998497,2019-07-31T09:06:38.497Z,sell,1.86e-06,3478.0,0.00646908
RCN/BTC,1564564099977,2019-07-31T09:08:19.977Z,sell,1.86e-06,25290.0,0.0470394
RCN/BTC,1564564105622,2019-07-31T09:08:25.622Z,sell,1.85e-06,807.0,0.00149295
RCN/BTC,1564564105622,2019-07-31T09:08:25.622Z,sell,1.85e-06,4995.0,0.00924075
RCN/BTC,1564564105685,2019-07-31T09:08:25.685Z,buy,1.86e-06,347.0,0.00064542
RCN/BTC,1564564140099,2019-07-31T09:09:00.099Z,sell,1.85e-06,94144.0,0.1741664
RCN/BTC,1564564143747,2019-07-31T09:09:03.747Z,sell,1.85e-06,8197.0,0.01516445
RCN/BTC,1564564147495,2019-07-31T09:09:07.495Z,sell,1.85e-06,2520.0,0.004662
RCN/BTC,1564564286784,2019-07-31T09:11:26.784Z,buy,1.86e-06,77.0,0.00014322
RCN/BTC,1564564307188,2019-07-31T09:11:47.188Z,buy,1.87e-06,3599.0,0.00673013
RCN/BTC,1564564568538,2019-07-31T09:16:08.538Z,sell,1.86e-06,347.0,0.00064542
RCN/BTC,1564564598852,2019-07-31T09:16:38.852Z,buy,1.87e-06,1336.0,0.00249832
RCN/BTC,1564564696810,2019-07-31T09:18:16.810Z,buy,1.87e-06,81.0,0.00015147
RCN/BTC,1564564940805,2019-07-31T09:22:20.805Z,buy,1.87e-06,2258.0,0.00422246
RCN/BTC,1564565526810,2019-07-31T09:32:06.810Z,sell,1.86e-06,1923.0,0.00357678
RCN/BTC,1564565625240,2019-07-31T09:33:45.240Z,sell,1.86e-06,1923.0,0.00357678
RCN/BTC,1564566040017,2019-07-31T09:40:40.017Z,buy,1.87e-06,3375.0,0.00631125
RCN/BTC,1564566040017,2019-07-31T09:40:40.017Z,buy,1.87e-06,3375.0,0.00631125
RCN/BTC,1564566690427,2019-07-31T09:51:30.427Z,buy,1.87e-06,1163.0,0.00217481
RCN/BTC,1564566758152,2019-07-31T09:52:38.152Z,sell,1.86e-06,3158.0,0.00587388
RCN/BTC,1564566805883,2019-07-31T09:53:25.883Z,buy,1.87e-06,80.0,0.0001496
RCN/BTC,1564567334119,2019-07-31T10:02:14.119Z,buy,1.87e-06,703.0,0.00131461
RCN/BTC,1564567922397,2019-07-31T10:12:02.397Z,buy,1.87e-06,1719.0,0.00321453
RCN/BTC,1564568180459,2019-07-31T10:16:20.459Z,buy,1.87e-06,49244.0,0.09208628
RCN/BTC,1564568452269,2019-07-31T10:20:52.269Z,buy,1.87e-06,3676.0,0.00687412
RCN/BTC,1564568459460,2019-07-31T10:20:59.460Z,buy,1.88e-06,2257.0,0.00424316
RCN/BTC,1564568467821,2019-07-31T10:21:07.821Z,buy,1.88e-06,2399.0,0.00451012
RCN/BTC,1564568811232,2019-07-31T10:26:51.232Z,sell,1.87e-06,343.0,0.00064141
RCN/BTC,1564568823243,2019-07-31T10:27:03.243Z,sell,1.87e-06,426.0,0.00079662
RCN/BTC,1564569569263,2019-07-31T10:39:29.263Z,buy,1.87e-06,18.0,3.366e-05
RCN/BTC,1564569569263,2019-07-31T10:39:29.263Z,buy,1.87e-06,18.0,3.366e-05
RCN/BTC,1564570044519,2019-07-31T10:47:24.519Z,buy,1.88e-06,2513.0,0.00472444
RCN/BTC,1564570295449,2019-07-31T10:51:35.449Z,sell,1.87e-06,128.0,0.00023936
RCN/BTC,1564570295650,2019-07-31T10:51:35.650Z,sell,1.87e-06,561.0,0.00104907
RCN/BTC,1564570382346,2019-07-31T10:53:02.346Z,sell,1.87e-06,5344.0,0.00999328
RCN/BTC,1564571265699,2019-07-31T11:07:45.699Z,sell,1.87e-06,534.0,0.00099858
RCN/BTC,1564571895090,2019-07-31T11:18:15.090Z,sell,1.86e-06,743.0,0.0013819799999999
RCN/BTC,1564572103873,2019-07-31T11:21:43.873Z,buy,1.87e-06,3728.0,0.00697136
RCN/BTC,1564572385075,2019-07-31T11:26:25.075Z,buy,1.87e-06,16774.0,0.03136738
RCN/BTC,1564572385191,2019-07-31T11:26:25.191Z,sell,1.87e-06,4810.0,0.0089947
RCN/BTC,1564572385297,2019-07-31T11:26:25.297Z,sell,1.87e-06,3292.0,0.00615604
RCN/BTC,1564572638032,2019-07-31T11:30:38.032Z,sell,1.86e-06,2395.0,0.0044547
RCN/BTC,1564572899776,2019-07-31T11:34:59.776Z,buy,1.88e-06,797.0,0.00149836
RCN/BTC,1564572899776,2019-07-31T11:34:59.776Z,buy,1.88e-06,797.0,0.00149836
RCN/BTC,1564573250435,2019-07-31T11:40:50.435Z,sell,1.86e-06,2392.0,0.00444912
RCN/BTC,1564573301842,2019-07-31T11:41:41.842Z,sell,1.86e-06,2273.0,0.0042277799999999
RCN/BTC,1564573569375,2019-07-31T11:46:09.375Z,sell,1.86e-06,1296.0,0.00241056
RCN/BTC,1564573847558,2019-07-31T11:50:47.558Z,buy,1.87e-06,4225.0,0.00790075
RCN/BTC,1564574002198,2019-07-31T11:53:22.198Z,buy,1.87e-06,64.0,0.00011968
RCN/BTC,1564574517260,2019-07-31T12:01:57.260Z,sell,1.86e-06,2190.0,0.0040734
RCN/BTC,1564574527707,2019-07-31T12:02:07.707Z,buy,1.87e-06,886.0,0.00165682
RCN/BTC,1564574527737,2019-07-31T12:02:07.737Z,sell,1.87e-06,4569.0,0.00854403
RCN/BTC,1564574527767,2019-07-31T12:02:07.767Z,sell,1.87e-06,12842.0,0.02401454
RCN/BTC,1564574527781,2019-07-31T12:02:07.781Z,sell,1.87e-06,6703.0,0.01253461
RCN/BTC,1564574565632,2019-07-31T12:02:45.632Z,sell,1.87e-06,1099.0,0.00205513
RCN/BTC,1564574588403,2019-07-31T12:03:08.403Z,sell,1.87e-06,765.0,0.00143055
RCN/BTC,1564574611809,2019-07-31T12:03:31.809Z,buy,1.88e-06,73200.0,0.137616
RCN/BTC,1564574754118,2019-07-31T12:05:54.118Z,buy,1.88e-06,1126.0,0.00211688
RCN/BTC,1564574809729,2019-07-31T12:06:49.729Z,buy,1.88e-06,5335.0,0.0100298
RCN/BTC,1564575135201,2019-07-31T12:12:15.201Z,sell,1.87e-06,77.0,0.00014399
RCN/BTC,1564575174912,2019-07-31T12:12:54.912Z,sell,1.86e-06,2339.0,0.00435054
RCN/BTC,1564575228416,2019-07-31T12:13:48.416Z,buy,1.87e-06,1028.0,0.00192236
RCN/BTC,1564575727404,2019-07-31T12:22:07.404Z,buy,1.87e-06,1289.0,0.00241043
RCN/BTC,1564575755195,2019-07-31T12:22:35.195Z,sell,1.86e-06,2166.0,0.00402876
RCN/BTC,1564575770363,2019-07-31T12:22:50.363Z,buy,1.87e-06,963.0,0.00180081
RCN/BTC,1564575770445,2019-07-31T12:22:50.445Z,buy,1.87e-06,963.0,0.00180081
RCN/BTC,1564575771091,2019-07-31T12:22:51.091Z,buy,1.87e-06,83.0,0.00015521
RCN/BTC,1564575776291,2019-07-31T12:22:56.291Z,buy,1.87e-06,144.0,0.00026928
RCN/BTC,1564575777020,2019-07-31T12:22:57.020Z,buy,1.87e-06,144.0,0.00026928
RCN/BTC,1564575777123,2019-07-31T12:22:57.123Z,buy,1.87e-06,142.0,0.00026554
RCN/BTC,1564575787682,2019-07-31T12:23:07.682Z,buy,1.87e-06,2000.0,0.00374
RCN/BTC,1564575788970,2019-07-31T12:23:08.970Z,sell,1.86e-06,8082.0,0.01503252
RCN/BTC,1564575814839,2019-07-31T12:23:34.839Z,buy,1.87e-06,249.0,0.00046563
RCN/BTC,1564575814957,2019-07-31T12:23:34.957Z,buy,1.87e-06,118.0,0.00022066
RCN/BTC,1564575815498,2019-07-31T12:23:35.498Z,buy,1.87e-06,217.0,0.00040579
RCN/BTC,1564575859415,2019-07-31T12:24:19.415Z,buy,1.87e-06,300.0,0.000561
RCN/BTC,1564575860569,2019-07-31T12:24:20.569Z,buy,1.87e-06,10017.0,0.01873179
RCN/BTC,1564575865161,2019-07-31T12:24:25.161Z,buy,1.87e-06,600.0,0.001122
RCN/BTC,1564575866168,2019-07-31T12:24:26.168Z,buy,1.87e-06,4331.0,0.00809897
RCN/BTC,1564575868797,2019-07-31T12:24:28.797Z,buy,1.87e-06,8000.0,0.01496
RCN/BTC,1564575868818,2019-07-31T12:24:28.818Z,buy,1.87e-06,2028.0,0.00379236
RCN/BTC,1564575869500,2019-07-31T12:24:29.500Z,buy,1.87e-06,27635.0,0.05167745
RCN/BTC,1564575869527,2019-07-31T12:24:29.527Z,buy,1.87e-06,4877.0,0.00911999
RCN/BTC,1564575898983,2019-07-31T12:24:58.983Z,buy,1.88e-06,2316.0,0.00435408
RCN/BTC,1564575899563,2019-07-31T12:24:59.563Z,buy,1.88e-06,1596.0,0.00300048
RCN/BTC,1564575900091,2019-07-31T12:25:00.091Z,buy,1.88e-06,14651.0,0.02754388
RCN/BTC,1564575902677,2019-07-31T12:25:02.677Z,buy,1.88e-06,4927.0,0.00926276
RCN/BTC,1564575903380,2019-07-31T12:25:03.380Z,sell,1.87e-06,1775.0,0.00331925
RCN/BTC,1564575945866,2019-07-31T12:25:45.866Z,buy,1.87e-06,12839.0,0.02400893
RCN/BTC,1564576082562,2019-07-31T12:28:02.562Z,sell,1.86e-06,27635.0,0.0514011
RCN/BTC,1564576088086,2019-07-31T12:28:08.086Z,sell,1.86e-06,1091.0,0.00202926
RCN/BTC,1564576260427,2019-07-31T12:31:00.427Z,buy,1.87e-06,1192.0,0.00222904
RCN/BTC,1564576457900,2019-07-31T12:34:17.900Z,sell,1.86e-06,946.0,0.00175956
RCN/BTC,1564576457900,2019-07-31T12:34:17.900Z,sell,1.86e-06,946.0,0.00175956
RCN/BTC,1564576665371,2019-07-31T12:37:45.371Z,sell,1.86e-06,1777.0,0.0033052199999999
RCN/BTC,1564576665395,2019-07-31T12:37:45.395Z,sell,1.86e-06,17716.0,0.03295176
RCN/BTC,1564576665818,2019-07-31T12:37:45.818Z,sell,1.86e-06,1041.0,0.00193626
RCN/BTC,1564576692709,2019-07-31T12:38:12.709Z,sell,1.86e-06,1486.0,0.0027639599999999
RCN/BTC,1564576696628,2019-07-31T12:38:16.628Z,sell,1.86e-06,1306.0,0.00242916
RCN/BTC,1564576696642,2019-07-31T12:38:16.642Z,sell,1.86e-06,515.0,0.0009579
RCN/BTC,1564576697207,2019-07-31T12:38:17.207Z,sell,1.86e-06,1043.0,0.00193998
RCN/BTC,1564576697274,2019-07-31T12:38:17.274Z,sell,1.86e-06,1834.0,0.00341124
RCN/BTC,1564576697633,2019-07-31T12:38:17.633Z,sell,1.86e-06,500.0,0.0009299999999999
RCN/BTC,1564576711639,2019-07-31T12:38:31.639Z,sell,1.86e-06,77.0,0.00014322
RCN/BTC,1564576768989,2019-07-31T12:39:28.989Z,sell,1.86e-06,84.0,0.00015624
RCN/BTC,1564576860244,2019-07-31T12:41:00.244Z,sell,1.86e-06,27067.0,0.05034462
RCN/BTC,1564576894050,2019-07-31T12:41:34.050Z,sell,1.85e-06,3188.0,0.0058978
RCN/BTC,1564576939638,2019-07-31T12:42:19.638Z,sell,1.85e-06,2905.0,0.00537425
RCN/BTC,1564576973791,2019-07-31T12:42:53.791Z,sell,1.85e-06,1395.0,0.00258075
RCN/BTC,1564577103709,2019-07-31T12:45:03.709Z,sell,1.85e-06,6813.0,0.01260405
RCN/BTC,1564577202338,2019-07-31T12:46:42.338Z,buy,1.86e-06,2161.0,0.00401946
RCN/BTC,1564577559921,2019-07-31T12:52:39.921Z,sell,1.85e-06,5275.0,0.00975875
RCN/BTC,1564577560336,2019-07-31T12:52:40.336Z,buy,1.85e-06,2042.0,0.0037777
RCN/BTC,1564577561539,2019-07-31T12:52:41.539Z,sell,1.84e-06,1028.0,0.00189152
RCN/BTC,1564577570332,2019-07-31T12:52:50.332Z,buy,1.85e-06,2042.0,0.0037777
RCN/BTC,1564577571513,2019-07-31T12:52:51.513Z,buy,1.85e-06,1952.0,0.0036112
RCN/BTC,1564577573565,2019-07-31T12:52:53.565Z,buy,1.85e-06,905.0,0.00167425
RCN/BTC,1564577576323,2019-07-31T12:52:56.323Z,buy,1.85e-06,27260.0,0.050431
RCN/BTC,1564577577287,2019-07-31T12:52:57.287Z,buy,1.85e-06,3112.0,0.0057572
RCN/BTC,1564577581811,2019-07-31T12:53:01.811Z,sell,1.85e-06,608.0,0.0011248
RCN/BTC,1564577610344,2019-07-31T12:53:30.344Z,buy,1.85e-06,6169.0,0.01141265
RCN/BTC,1564577901497,2019-07-31T12:58:21.497Z,buy,1.86e-06,4322.0,0.00803892
RCN/BTC,1564578087685,2019-07-31T13:01:27.685Z,buy,1.85e-06,532.0,0.0009842
RCN/BTC,1564578087788,2019-07-31T13:01:27.788Z,buy,1.85e-06,568.0,0.0010508
RCN/BTC,1564578123098,2019-07-31T13:02:03.098Z,sell,1.84e-06,2042.0,0.00375728
RCN/BTC,1564578236990,2019-07-31T13:03:56.990Z,buy,1.86e-06,2155.0,0.0040083
RCN/BTC,1564578274513,2019-07-31T13:04:34.513Z,sell,1.84e-06,107.0,0.00019688
RCN/BTC,1564578364441,2019-07-31T13:06:04.441Z,sell,1.84e-06,33425.0,0.061502
RCN/BTC,1564578369430,2019-07-31T13:06:09.430Z,sell,1.84e-06,811.0,0.00149224
RCN/BTC,1564578423073,2019-07-31T13:07:03.073Z,sell,1.84e-06,8242.0,0.01516528
RCN/BTC,1564578586801,2019-07-31T13:09:46.801Z,buy,1.85e-06,77.0,0.00014245
RCN/BTC,1564578602182,2019-07-31T13:10:02.182Z,buy,1.86e-06,50000.0,0.093
RCN/BTC,1564578727787,2019-07-31T13:12:07.787Z,sell,1.85e-06,10272.0,0.0190032
RCN/BTC,1564578727787,2019-07-31T13:12:07.787Z,sell,1.84e-06,9728.0,0.01789952
RCN/BTC,1564578746078,2019-07-31T13:12:26.078Z,buy,1.85e-06,77.0,0.00014245
RCN/BTC,1564578746078,2019-07-31T13:12:26.078Z,buy,1.86e-06,30.0,5.58e-05
RCN/BTC,1564578929829,2019-07-31T13:15:29.829Z,sell,1.84e-06,512.0,0.00094208
RCN/BTC,1564579002248,2019-07-31T13:16:42.248Z,buy,1.86e-06,107.0,0.00019902
RCN/BTC,1564579185811,2019-07-31T13:19:45.811Z,sell,1.84e-06,510.0,0.0009383999999999
RCN/BTC,1564579274797,2019-07-31T13:21:14.797Z,buy,1.86e-06,3922.0,0.00729492
RCN/BTC,1564579291899,2019-07-31T13:21:31.899Z,buy,1.86e-06,2161.0,0.00401946
RCN/BTC,1564579468678,2019-07-31T13:24:28.678Z,buy,1.86e-06,54.0,0.00010044
RCN/BTC,1564579474475,2019-07-31T13:24:34.475Z,sell,1.84e-06,1173.0,0.00215832
RCN/BTC,1564579656266,2019-07-31T13:27:36.266Z,buy,1.86e-06,2149.0,0.00399714
RCN/BTC,1564579691418,2019-07-31T13:28:11.418Z,sell,1.84e-06,214.0,0.00039376
RCN/BTC,1564579819525,2019-07-31T13:30:19.525Z,buy,1.85e-06,324.0,0.0005994
RCN/BTC,1564579819562,2019-07-31T13:30:19.562Z,buy,1.85e-06,973.0,0.00180005
RCN/BTC,1564579820338,2019-07-31T13:30:20.338Z,buy,1.85e-06,884.0,0.0016354
RCN/BTC,1564579820358,2019-07-31T13:30:20.358Z,buy,1.85e-06,884.0,0.0016354
RCN/BTC,1564579822235,2019-07-31T13:30:22.235Z,buy,1.85e-06,305.0,0.00056425
RCN/BTC,1564579944903,2019-07-31T13:32:24.903Z,sell,1.84e-06,5344.0,0.00983296
RCN/BTC,1564579944903,2019-07-31T13:32:24.903Z,sell,1.84e-06,5344.0,0.00983296
RCN/BTC,1564580164940,2019-07-31T13:36:04.940Z,sell,1.84e-06,1223.0,0.00225032
RCN/BTC,1564580449043,2019-07-31T13:40:49.043Z,sell,1.84e-06,1561.0,0.00287224
RCN/BTC,1564580735870,2019-07-31T13:45:35.870Z,buy,1.85e-06,163.0,0.00030155
RCN/BTC,1564581060152,2019-07-31T13:51:00.152Z,sell,1.84e-06,4144.0,0.00762496
RCN/BTC,1564581107603,2019-07-31T13:51:47.603Z,sell,1.84e-06,2717.0,0.00499928
RCN/BTC,1564581136332,2019-07-31T13:52:16.332Z,sell,1.84e-06,1577.0,0.00290168
RCN/BTC,1564581163853,2019-07-31T13:52:43.853Z,sell,1.84e-06,2693.0,0.0049551199999999
RCN/BTC,1564581242297,2019-07-31T13:54:02.297Z,sell,1.84e-06,1630.0,0.0029992
RCN/BTC,1564581405086,2019-07-31T13:56:45.086Z,sell,1.84e-06,969.0,0.0017829599999999
RCN/BTC,1564581439078,2019-07-31T13:57:19.078Z,sell,1.84e-06,3222.0,0.00592848
RCN/BTC,1564581446527,2019-07-31T13:57:26.527Z,sell,1.84e-06,13847.0,0.0254784799999999
RCN/BTC,1564581477012,2019-07-31T13:57:57.012Z,sell,1.84e-06,1435.0,0.0026403999999999
RCN/BTC,1564581517069,2019-07-31T13:58:37.069Z,sell,1.84e-06,4738.0,0.00871792
RCN/BTC,1564581517338,2019-07-31T13:58:37.338Z,sell,1.84e-06,3585.0,0.0065964
RCN/BTC,1564581521129,2019-07-31T13:58:41.129Z,buy,1.84e-06,1938.0,0.0035659199999999
RCN/BTC,1564581522297,2019-07-31T13:58:42.297Z,buy,1.84e-06,2637.0,0.00485208
RCN/BTC,1564581522863,2019-07-31T13:58:42.863Z,sell,1.83e-06,5268.0,0.00964044
RCN/BTC,1564581529715,2019-07-31T13:58:49.715Z,sell,1.83e-06,2254.0,0.00412482
RCN/BTC,1564581529892,2019-07-31T13:58:49.892Z,buy,1.84e-06,1938.0,0.0035659199999999
RCN/BTC,1564581530249,2019-07-31T13:58:50.249Z,buy,1.84e-06,347.0,0.00063848
RCN/BTC,1564581532278,2019-07-31T13:58:52.278Z,buy,1.84e-06,2327.0,0.0042816799999999
RCN/BTC,1564581538432,2019-07-31T13:58:58.432Z,buy,1.84e-06,1938.0,0.0035659199999999
RCN/BTC,1564581540509,2019-07-31T13:59:00.509Z,buy,1.84e-06,1693.0,0.00311512
RCN/BTC,1564581546891,2019-07-31T13:59:06.891Z,buy,1.84e-06,1938.0,0.0035659199999999
RCN/BTC,1564581549259,2019-07-31T13:59:09.259Z,buy,1.84e-06,1101.0,0.00202584
