symbol,timestamp,datetime,side,price,amount,btc_volume
RDN/BTC,1579525840254,2020-01-20T13:10:40.254Z,buy,1.421e-05,200.0,0.002842
RDN/BTC,1579525841155,2020-01-20T13:10:41.155Z,buy,1.421e-05,200.0,0.002842
RDN/BTC,1579525853343,2020-01-20T13:10:53.343Z,buy,1.421e-05,878.0,0.0124763799999999
RDN/BTC,1579526031749,2020-01-20T13:13:51.749Z,buy,1.421e-05,117.0,0.00166257
RDN/BTC,1579526175450,2020-01-20T13:16:15.450Z,buy,1.421e-05,11.0,0.00015631
RDN/BTC,1579526175450,2020-01-20T13:16:15.450Z,buy,1.422e-05,6.0,8.532e-05
RDN/BTC,1579526200944,2020-01-20T13:16:40.944Z,sell,1.418e-05,330.0,0.0046794
RDN/BTC,1579526200944,2020-01-20T13:16:40.944Z,sell,1.412e-05,8.0,0.00011296
RDN/BTC,1579526200944,2020-01-20T13:16:40.944Z,sell,1.41e-05,245.0,0.0034545
RDN/BTC,1579526200944,2020-01-20T13:16:40.944Z,sell,1.409e-05,349.0,0.00491741
RDN/BTC,1579526200944,2020-01-20T13:16:40.944Z,sell,1.408e-05,650.0,0.009152
RDN/BTC,1579526202729,2020-01-20T13:16:42.729Z,sell,1.41e-05,16.0,0.0002256
RDN/BTC,1579526202729,2020-01-20T13:16:42.729Z,sell,1.409e-05,125.0,0.00176125
RDN/BTC,1579526220615,2020-01-20T13:17:00.615Z,sell,1.409e-05,8.0,0.00011272
RDN/BTC,1579526220615,2020-01-20T13:17:00.615Z,sell,1.408e-05,28.0,0.00039424
RDN/BTC,1579526220615,2020-01-20T13:17:00.615Z,sell,1.407e-05,123.0,0.00173061
RDN/BTC,1579526299540,2020-01-20T13:18:19.540Z,sell,1.413e-05,8.0,0.00011304
RDN/BTC,1579526299540,2020-01-20T13:18:19.540Z,sell,1.409e-05,911.0,0.01283599
RDN/BTC,1579526299540,2020-01-20T13:18:19.540Z,sell,1.407e-05,561.0,0.00789327
RDN/BTC,1579526299540,2020-01-20T13:18:19.540Z,sell,1.405e-05,3520.0,0.049456
RDN/BTC,1579526299960,2020-01-20T13:18:19.960Z,buy,1.418e-05,9.0,0.00012762
RDN/BTC,1579526299960,2020-01-20T13:18:19.960Z,buy,1.419e-05,73.0,0.00103587
RDN/BTC,1579526300722,2020-01-20T13:18:20.722Z,buy,1.413e-05,9.0,0.00012717
RDN/BTC,1579526300722,2020-01-20T13:18:20.722Z,buy,1.417e-05,16.0,0.00022672
RDN/BTC,1579526300722,2020-01-20T13:18:20.722Z,buy,1.418e-05,329.0,0.00466522
RDN/BTC,1579526305464,2020-01-20T13:18:25.464Z,sell,1.405e-05,17.0,0.0002388499999999
RDN/BTC,1579526320684,2020-01-20T13:18:40.684Z,buy,1.418e-05,272.0,0.00385696
RDN/BTC,1579526396855,2020-01-20T13:19:56.855Z,buy,1.412e-05,434.0,0.00612808
RDN/BTC,1579526401781,2020-01-20T13:20:01.781Z,buy,1.41e-05,570.0,0.008037
RDN/BTC,1579526416942,2020-01-20T13:20:16.942Z,buy,1.41e-05,118.0,0.0016638
RDN/BTC,1579526435696,2020-01-20T13:20:35.696Z,buy,1.41e-05,204.0,0.0028764
RDN/BTC,1579526454588,2020-01-20T13:20:54.588Z,buy,1.41e-05,85.0,0.0011985
RDN/BTC,1579527026749,2020-01-20T13:30:26.749Z,buy,1.411e-05,26.0,0.00036686
RDN/BTC,1579527067727,2020-01-20T13:31:07.727Z,buy,1.41e-05,111.0,0.0015651
RDN/BTC,1579527232687,2020-01-20T13:33:52.687Z,sell,1.406e-05,649.0,0.00912494
RDN/BTC,1579527895996,2020-01-20T13:44:55.996Z,buy,1.414e-05,64.0,0.00090496
RDN/BTC,1579528791479,2020-01-20T13:59:51.479Z,buy,1.419e-05,220.0,0.0031218
RDN/BTC,1579528791479,2020-01-20T13:59:51.479Z,buy,1.419e-05,220.0,0.0031218
RDN/BTC,1579528805790,2020-01-20T14:00:05.790Z,buy,1.419e-05,677.0,0.00960663
RDN/BTC,1579528896754,2020-01-20T14:01:36.754Z,buy,1.419e-05,8.0,0.00011352
RDN/BTC,1579528896795,2020-01-20T14:01:36.795Z,sell,1.419e-05,68.0,0.00096492
RDN/BTC,1579528896841,2020-01-20T14:01:36.841Z,sell,1.419e-05,212.0,0.00300828
RDN/BTC,1579528904833,2020-01-20T14:01:44.833Z,sell,1.419e-05,216.0,0.0030650399999999
RDN/BTC,1579528912340,2020-01-20T14:01:52.340Z,sell,1.419e-05,72.0,0.00102168
RDN/BTC,1579529002305,2020-01-20T14:03:22.305Z,buy,1.421e-05,14.0,0.00019894
RDN/BTC,1579529002305,2020-01-20T14:03:22.305Z,buy,1.422e-05,126.0,0.00179172
RDN/BTC,1579529255487,2020-01-20T14:07:35.487Z,buy,1.418e-05,150.0,0.002127
RDN/BTC,1579529257934,2020-01-20T14:07:37.934Z,buy,1.418e-05,123.0,0.00174414
RDN/BTC,1579529260033,2020-01-20T14:07:40.033Z,buy,1.418e-05,85.0,0.0012053
RDN/BTC,1579529281673,2020-01-20T14:08:01.673Z,buy,1.418e-05,221.0,0.00313378
RDN/BTC,1579529281692,2020-01-20T14:08:01.692Z,buy,1.418e-05,141.0,0.00199938
RDN/BTC,1579530191864,2020-01-20T14:23:11.864Z,sell,1.416e-05,89.0,0.00126024
RDN/BTC,1579530191864,2020-01-20T14:23:11.864Z,sell,1.415e-05,1187.0,0.01679605
RDN/BTC,1579530191945,2020-01-20T14:23:11.945Z,buy,1.415e-05,140.0,0.001981
RDN/BTC,1579530192051,2020-01-20T14:23:12.051Z,buy,1.415e-05,60.0,0.000849
RDN/BTC,1579530240655,2020-01-20T14:24:00.655Z,buy,1.415e-05,796.0,0.0112634
RDN/BTC,1579530477626,2020-01-20T14:27:57.626Z,sell,1.415e-05,164.0,0.0023206
RDN/BTC,1579531105977,2020-01-20T14:38:25.977Z,sell,1.415e-05,75.0,0.00106125
RDN/BTC,1579531423685,2020-01-20T14:43:43.685Z,sell,1.415e-05,581.0,0.00822115
RDN/BTC,1579531423685,2020-01-20T14:43:43.685Z,sell,1.413e-05,860.0,0.0121518
RDN/BTC,1579531423685,2020-01-20T14:43:43.685Z,sell,1.412e-05,579.0,0.00817548
RDN/BTC,1579531425831,2020-01-20T14:43:45.831Z,sell,1.412e-05,200.0,0.002824
RDN/BTC,1579531431734,2020-01-20T14:43:51.734Z,sell,1.411e-05,200.0,0.002822
RDN/BTC,1579531431975,2020-01-20T14:43:51.975Z,sell,1.411e-05,640.0,0.0090304
RDN/BTC,1579531432580,2020-01-20T14:43:52.580Z,sell,1.411e-05,200.0,0.002822
RDN/BTC,1579531433398,2020-01-20T14:43:53.398Z,sell,1.411e-05,200.0,0.002822
RDN/BTC,1579531434993,2020-01-20T14:43:54.993Z,sell,1.411e-05,448.0,0.00632128
RDN/BTC,1579531503839,2020-01-20T14:45:03.839Z,sell,1.411e-05,201.0,0.00283611
RDN/BTC,1579531503858,2020-01-20T14:45:03.858Z,sell,1.411e-05,223.0,0.00314653
RDN/BTC,1579531505141,2020-01-20T14:45:05.141Z,sell,1.411e-05,200.0,0.002822
RDN/BTC,1579531505489,2020-01-20T14:45:05.489Z,sell,1.411e-05,224.0,0.00316064
RDN/BTC,1579531691163,2020-01-20T14:48:11.163Z,buy,1.421e-05,2.0,2.842e-05
RDN/BTC,1579531740966,2020-01-20T14:49:00.966Z,buy,1.421e-05,200.0,0.002842
RDN/BTC,1579531819942,2020-01-20T14:50:19.942Z,buy,1.421e-05,83.0,0.00117943
RDN/BTC,1579531819942,2020-01-20T14:50:19.942Z,buy,1.422e-05,9.0,0.00012798
RDN/BTC,1579531819942,2020-01-20T14:50:19.942Z,buy,1.424e-05,32.0,0.00045568
RDN/BTC,1579531819942,2020-01-20T14:50:19.942Z,buy,1.425e-05,76.0,0.001083
RDN/BTC,1579531820921,2020-01-20T14:50:20.921Z,buy,1.423e-05,200.0,0.002846
RDN/BTC,1579531820921,2020-01-20T14:50:20.921Z,buy,1.423e-05,200.0,0.002846
RDN/BTC,1579532813930,2020-01-20T15:06:53.930Z,sell,1.416e-05,70.0,0.0009912
RDN/BTC,1579532813930,2020-01-20T15:06:53.930Z,sell,1.413e-05,9.0,0.00012717
RDN/BTC,1579532813930,2020-01-20T15:06:53.930Z,sell,1.412e-05,4117.0,0.05813204
RDN/BTC,1579532813930,2020-01-20T15:06:53.930Z,sell,1.411e-05,7959.0,0.11230149
RDN/BTC,1579532818094,2020-01-20T15:06:58.094Z,buy,1.422e-05,9.0,0.00012798
RDN/BTC,1579532818094,2020-01-20T15:06:58.094Z,buy,1.423e-05,376.0,0.0053504799999999
RDN/BTC,1579532822598,2020-01-20T15:07:02.598Z,buy,1.423e-05,236.0,0.00335828
RDN/BTC,1579532884008,2020-01-20T15:08:04.008Z,sell,1.417e-05,220.0,0.0031173999999999
RDN/BTC,1579532942774,2020-01-20T15:09:02.774Z,buy,1.423e-05,8.0,0.00011384
RDN/BTC,1579532942774,2020-01-20T15:09:02.774Z,buy,1.425e-05,45.0,0.00064125
RDN/BTC,1579532942774,2020-01-20T15:09:02.774Z,buy,1.426e-05,216.0,0.00308016
RDN/BTC,1579533002950,2020-01-20T15:10:02.950Z,sell,1.418e-05,220.0,0.0031196
RDN/BTC,1579533821245,2020-01-20T15:23:41.245Z,buy,1.425e-05,246.0,0.0035055
RDN/BTC,1579533839485,2020-01-20T15:23:59.485Z,buy,1.426e-05,552.0,0.00787152
RDN/BTC,1579533915110,2020-01-20T15:25:15.110Z,buy,1.428e-05,8.0,0.00011424
RDN/BTC,1579533961669,2020-01-20T15:26:01.669Z,sell,1.427e-05,84.0,0.00119868
RDN/BTC,1579533961892,2020-01-20T15:26:01.892Z,sell,1.427e-05,255.0,0.00363885
RDN/BTC,1579533962111,2020-01-20T15:26:02.111Z,buy,1.429e-05,1002.0,0.01431858
RDN/BTC,1579533963298,2020-01-20T15:26:03.298Z,sell,1.427e-05,871.0,0.01242917
RDN/BTC,1579533965493,2020-01-20T15:26:05.493Z,sell,1.427e-05,599.0,0.00854773
RDN/BTC,1579533966791,2020-01-20T15:26:06.791Z,sell,1.427e-05,415.0,0.00592205
RDN/BTC,1579533969500,2020-01-20T15:26:09.500Z,sell,1.427e-05,284.0,0.00405268
RDN/BTC,1579533970500,2020-01-20T15:26:10.500Z,sell,1.427e-05,197.0,0.00281119
RDN/BTC,1579533971490,2020-01-20T15:26:11.490Z,sell,1.427e-05,137.0,0.00195499
RDN/BTC,1579533973790,2020-01-20T15:26:13.790Z,sell,1.427e-05,94.0,0.00134138
RDN/BTC,1579533993627,2020-01-20T15:26:33.627Z,sell,1.427e-05,94.0,0.00134138
RDN/BTC,1579533993650,2020-01-20T15:26:33.650Z,sell,1.427e-05,122.0,0.00174094
RDN/BTC,1579533994813,2020-01-20T15:26:34.813Z,sell,1.427e-05,84.0,0.00119868
RDN/BTC,1579534546874,2020-01-20T15:35:46.874Z,sell,1.428e-05,645.0,0.0092106
RDN/BTC,1579534553180,2020-01-20T15:35:53.180Z,sell,1.427e-05,428.0,0.00610756
RDN/BTC,1579534563989,2020-01-20T15:36:03.989Z,sell,1.427e-05,273.0,0.00389571
RDN/BTC,1579534939970,2020-01-20T15:42:19.970Z,buy,1.428e-05,261.0,0.00372708
RDN/BTC,1579534939982,2020-01-20T15:42:19.982Z,buy,1.428e-05,174.0,0.00248472
RDN/BTC,1579534939986,2020-01-20T15:42:19.986Z,buy,1.429e-05,2249.0,0.03213821
RDN/BTC,1579534939986,2020-01-20T15:42:19.986Z,buy,1.43e-05,10353.0,0.1480479
RDN/BTC,1579534940039,2020-01-20T15:42:20.039Z,buy,1.43e-05,3588.0,0.0513084
RDN/BTC,1579534940142,2020-01-20T15:42:20.142Z,buy,1.43e-05,1859.0,0.0265837
RDN/BTC,1579534940236,2020-01-20T15:42:20.236Z,buy,1.43e-05,3394.0,0.0485342
RDN/BTC,1579534940255,2020-01-20T15:42:20.255Z,buy,1.43e-05,226.0,0.0032318
RDN/BTC,1579535334332,2020-01-20T15:48:54.332Z,sell,1.43e-05,286.0,0.0040898
RDN/BTC,1579535346235,2020-01-20T15:49:06.235Z,sell,1.43e-05,308.0,0.0044044
RDN/BTC,1579535403034,2020-01-20T15:50:03.034Z,sell,1.43e-05,12.0,0.0001716
RDN/BTC,1579535403034,2020-01-20T15:50:03.034Z,sell,1.43e-05,12.0,0.0001716
RDN/BTC,1579535478781,2020-01-20T15:51:18.781Z,sell,1.43e-05,7.0,0.0001001
RDN/BTC,1579535513027,2020-01-20T15:51:53.027Z,sell,1.43e-05,3668.0,0.0524524
RDN/BTC,1579535812256,2020-01-20T15:56:52.256Z,sell,1.431e-05,699.0,0.01000269
RDN/BTC,1579535932479,2020-01-20T15:58:52.479Z,buy,1.431e-05,264.0,0.00377784
RDN/BTC,1579535946693,2020-01-20T15:59:06.693Z,buy,1.431e-05,164.0,0.00234684
RDN/BTC,1579535951687,2020-01-20T15:59:11.687Z,buy,1.431e-05,110.0,0.0015741
RDN/BTC,1579535963194,2020-01-20T15:59:23.194Z,buy,1.431e-05,70.0,0.0010017
RDN/BTC,1579536046710,2020-01-20T16:00:46.710Z,buy,1.431e-05,142.0,0.00203202
RDN/BTC,1579536047152,2020-01-20T16:00:47.152Z,buy,1.431e-05,128.0,0.00183168
RDN/BTC,1579536047160,2020-01-20T16:00:47.160Z,buy,1.431e-05,213.0,0.00304803
RDN/BTC,1579536048521,2020-01-20T16:00:48.521Z,buy,1.431e-05,147.0,0.00210357
RDN/BTC,1579536048717,2020-01-20T16:00:48.717Z,buy,1.431e-05,142.0,0.00203202
RDN/BTC,1579536048977,2020-01-20T16:00:48.977Z,buy,1.43e-05,12.0,0.0001716
RDN/BTC,1579536048977,2020-01-20T16:00:48.977Z,buy,1.431e-05,130.0,0.0018603
RDN/BTC,1579536055934,2020-01-20T16:00:55.934Z,buy,1.431e-05,284.0,0.00406404
RDN/BTC,1579536061729,2020-01-20T16:01:01.729Z,buy,1.431e-05,190.0,0.0027189
RDN/BTC,1579536065030,2020-01-20T16:01:05.030Z,buy,1.431e-05,129.0,0.00184599
RDN/BTC,1579536066131,2020-01-20T16:01:06.131Z,buy,1.431e-05,90.0,0.0012879
RDN/BTC,1579536080009,2020-01-20T16:01:20.009Z,sell,1.429e-05,411.0,0.00587319
RDN/BTC,1579536080023,2020-01-20T16:01:20.023Z,buy,1.431e-05,300.0,0.004293
RDN/BTC,1579536109948,2020-01-20T16:01:49.948Z,buy,1.431e-05,197.0,0.00281907
RDN/BTC,1579536117248,2020-01-20T16:01:57.248Z,buy,1.431e-05,130.0,0.0018603
RDN/BTC,1579536118553,2020-01-20T16:01:58.553Z,buy,1.431e-05,90.0,0.0012879
RDN/BTC,1579536532669,2020-01-20T16:08:52.669Z,sell,1.43e-05,812.0,0.0116116
RDN/BTC,1579536614530,2020-01-20T16:10:14.530Z,sell,1.428e-05,107.0,0.00152796
RDN/BTC,1579536622089,2020-01-20T16:10:22.089Z,sell,1.428e-05,653.0,0.00932484
RDN/BTC,1579536624286,2020-01-20T16:10:24.286Z,sell,1.428e-05,378.0,0.00539784
RDN/BTC,1579536625274,2020-01-20T16:10:25.274Z,sell,1.428e-05,174.0,0.00248472
RDN/BTC,1579536634356,2020-01-20T16:10:34.356Z,sell,1.428e-05,88.0,0.00125664
RDN/BTC,1579536634356,2020-01-20T16:10:34.356Z,sell,1.427e-05,335.0,0.00478045
RDN/BTC,1579536638034,2020-01-20T16:10:38.034Z,sell,1.427e-05,486.0,0.00693522
RDN/BTC,1579536739535,2020-01-20T16:12:19.535Z,sell,1.427e-05,553.0,0.00789131
RDN/BTC,1579536739940,2020-01-20T16:12:19.940Z,sell,1.427e-05,560.0,0.0079912
RDN/BTC,1579536748289,2020-01-20T16:12:28.289Z,sell,1.427e-05,132.0,0.00188364
RDN/BTC,1579536753378,2020-01-20T16:12:33.378Z,sell,1.427e-05,86.0,0.00122722
RDN/BTC,1579536754188,2020-01-20T16:12:34.188Z,sell,1.427e-05,420.0,0.0059934
RDN/BTC,1579536754199,2020-01-20T16:12:34.199Z,sell,1.427e-05,86.0,0.00122722
RDN/BTC,1579536756840,2020-01-20T16:12:36.840Z,sell,1.427e-05,538.0,0.00767726
RDN/BTC,1579536849017,2020-01-20T16:14:09.017Z,sell,1.427e-05,14.0,0.00019978
RDN/BTC,1579536956106,2020-01-20T16:15:56.106Z,buy,1.428e-05,415.0,0.0059262
RDN/BTC,1579536970103,2020-01-20T16:16:10.103Z,buy,1.428e-05,258.0,0.00368424
RDN/BTC,1579536972702,2020-01-20T16:16:12.702Z,buy,1.428e-05,177.0,0.00252756
RDN/BTC,1579536976002,2020-01-20T16:16:16.002Z,buy,1.428e-05,121.0,0.00172788
RDN/BTC,1579536977301,2020-01-20T16:16:17.301Z,buy,1.428e-05,83.0,0.00118524
RDN/BTC,1579537050639,2020-01-20T16:17:30.639Z,buy,1.428e-05,1465.0,0.0209202
RDN/BTC,1579537720281,2020-01-20T16:28:40.281Z,sell,1.428e-05,421.0,0.00601188
RDN/BTC,1579537906296,2020-01-20T16:31:46.296Z,sell,1.428e-05,56.0,0.00079968
RDN/BTC,1579537906296,2020-01-20T16:31:46.296Z,sell,1.427e-05,283.0,0.00403841
RDN/BTC,1579537906320,2020-01-20T16:31:46.320Z,sell,1.427e-05,423.0,0.00603621
RDN/BTC,1579537922396,2020-01-20T16:32:02.396Z,sell,1.427e-05,410.0,0.0058507
RDN/BTC,1579538421472,2020-01-20T16:40:21.472Z,sell,1.427e-05,255.0,0.00363885
RDN/BTC,1579538424307,2020-01-20T16:40:24.307Z,sell,1.427e-05,295.0,0.00420965
RDN/BTC,1579538438294,2020-01-20T16:40:38.294Z,sell,1.427e-05,158.0,0.00225466
RDN/BTC,1579538438294,2020-01-20T16:40:38.294Z,sell,1.427e-05,158.0,0.00225466
RDN/BTC,1579539902544,2020-01-20T17:05:02.544Z,buy,1.432e-05,9.0,0.00012888
RDN/BTC,1579540104505,2020-01-20T17:08:24.505Z,buy,1.43e-05,678.0,0.0096954
RDN/BTC,1579540349037,2020-01-20T17:12:29.037Z,sell,1.428e-05,150.0,0.002142
RDN/BTC,1579540351440,2020-01-20T17:12:31.440Z,sell,1.428e-05,94.0,0.00134232
RDN/BTC,1579540460869,2020-01-20T17:14:20.869Z,sell,1.428e-05,165.0,0.0023562
RDN/BTC,1579540460869,2020-01-20T17:14:20.869Z,sell,1.427e-05,10231.0,0.14599637
RDN/BTC,1579540659334,2020-01-20T17:17:39.334Z,sell,1.427e-05,143.0,0.00204061
RDN/BTC,1579540660320,2020-01-20T17:17:40.320Z,sell,1.427e-05,401.0,0.00572227
RDN/BTC,1579540671096,2020-01-20T17:17:51.096Z,sell,1.427e-05,127.0,0.00181229
RDN/BTC,1579540735080,2020-01-20T17:18:55.080Z,sell,1.427e-05,130.0,0.0018551
RDN/BTC,1579541139921,2020-01-20T17:25:39.921Z,buy,1.432e-05,9.0,0.00012888
RDN/BTC,1579541835252,2020-01-20T17:37:15.252Z,buy,1.432e-05,937.0,0.01341784
RDN/BTC,1579541835252,2020-01-20T17:37:15.252Z,buy,1.433e-05,1398.0,0.02003334
RDN/BTC,1579541835252,2020-01-20T17:37:15.252Z,buy,1.434e-05,612.0,0.00877608
RDN/BTC,1579541835252,2020-01-20T17:37:15.252Z,buy,1.435e-05,3963.0,0.05686905
RDN/BTC,1579541835252,2020-01-20T17:37:15.252Z,buy,1.436e-05,4842.0,0.06953112
RDN/BTC,1579541835252,2020-01-20T17:37:15.252Z,buy,1.437e-05,1240.0,0.0178188
RDN/BTC,1579541835252,2020-01-20T17:37:15.252Z,buy,1.438e-05,8889.0,0.12782382
RDN/BTC,1579541835268,2020-01-20T17:37:15.268Z,sell,1.438e-05,2536.0,0.0364676799999999
RDN/BTC,1579541835750,2020-01-20T17:37:15.750Z,buy,1.432e-05,1051.0,0.01505032
RDN/BTC,1579541841505,2020-01-20T17:37:21.505Z,buy,1.434e-05,713.0,0.01022442
RDN/BTC,1579541841505,2020-01-20T17:37:21.505Z,buy,1.435e-05,1049.0,0.01505315
RDN/BTC,1579541841693,2020-01-20T17:37:21.693Z,sell,1.438e-05,71.0,0.0010209799999999
RDN/BTC,1579541841800,2020-01-20T17:37:21.800Z,sell,1.438e-05,20.0,0.0002876
RDN/BTC,1579541843869,2020-01-20T17:37:23.869Z,sell,1.438e-05,140.0,0.0020132
RDN/BTC,1579541847960,2020-01-20T17:37:27.960Z,sell,1.438e-05,3491.0,0.05020058
RDN/BTC,1579541848008,2020-01-20T17:37:28.008Z,sell,1.438e-05,4623.0,0.06647874
RDN/BTC,1579541852151,2020-01-20T17:37:32.151Z,buy,1.438e-05,139.0,0.00199882
RDN/BTC,1579541852637,2020-01-20T17:37:32.637Z,buy,1.438e-05,11697.0,0.1682028599999999
RDN/BTC,1579541852652,2020-01-20T17:37:32.652Z,sell,1.438e-05,139.0,0.00199882
RDN/BTC,1579541863253,2020-01-20T17:37:43.253Z,buy,1.439e-05,3458.0,0.04976062
RDN/BTC,1579541868329,2020-01-20T17:37:48.329Z,buy,1.435e-05,2536.0,0.0363915999999999
RDN/BTC,1579541868355,2020-01-20T17:37:48.355Z,sell,1.439e-05,919.0,0.0132244099999999
RDN/BTC,1579541871264,2020-01-20T17:37:51.264Z,sell,1.439e-05,345.0,0.00496455
RDN/BTC,1579541871333,2020-01-20T17:37:51.333Z,sell,1.43e-05,435.0,0.0062205
RDN/BTC,1579541873420,2020-01-20T17:37:53.420Z,buy,1.439e-05,560.0,0.0080584
RDN/BTC,1579541873442,2020-01-20T17:37:53.442Z,sell,1.439e-05,1330.0,0.0191386999999999
RDN/BTC,1579541873462,2020-01-20T17:37:53.462Z,sell,1.439e-05,1565.0,0.0225203499999999
RDN/BTC,1579541876476,2020-01-20T17:37:56.476Z,sell,1.439e-05,2434.0,0.0350252599999999
RDN/BTC,1579541876685,2020-01-20T17:37:56.685Z,sell,1.439e-05,1021.0,0.0146921899999999
RDN/BTC,1579541879853,2020-01-20T17:37:59.853Z,sell,1.439e-05,111.0,0.00159729
RDN/BTC,1579541880821,2020-01-20T17:38:00.821Z,sell,1.439e-05,3869.0,0.05567491
RDN/BTC,1579541889196,2020-01-20T17:38:09.196Z,buy,1.44e-05,5963.0,0.0858671999999999
RDN/BTC,1579541899613,2020-01-20T17:38:19.613Z,buy,1.441e-05,51.0,0.00073491
RDN/BTC,1579541899613,2020-01-20T17:38:19.613Z,buy,1.442e-05,59.0,0.00085078
RDN/BTC,1579541900470,2020-01-20T17:38:20.470Z,buy,1.442e-05,641.0,0.00924322
RDN/BTC,1579541900470,2020-01-20T17:38:20.470Z,buy,1.443e-05,2538.0,0.03662334
RDN/BTC,1579541900470,2020-01-20T17:38:20.470Z,buy,1.445e-05,4325.0,0.06249625
RDN/BTC,1579541900470,2020-01-20T17:38:20.470Z,buy,1.446e-05,5154.0,0.07452684
RDN/BTC,1579541900470,2020-01-20T17:38:20.470Z,buy,1.448e-05,5082.0,0.07358736
RDN/BTC,1579541900493,2020-01-20T17:38:20.493Z,sell,1.448e-05,20.0,0.0002896
RDN/BTC,1579541903127,2020-01-20T17:38:23.127Z,sell,1.44e-05,392.0,0.0056448
RDN/BTC,1579541904902,2020-01-20T17:38:24.902Z,buy,1.442e-05,20.0,0.0002883999999999
RDN/BTC,1579541904911,2020-01-20T17:38:24.911Z,sell,1.448e-05,80.0,0.0011584
RDN/BTC,1579541904912,2020-01-20T17:38:24.912Z,sell,1.448e-05,236.0,0.00341728
RDN/BTC,1579541904912,2020-01-20T17:38:24.912Z,sell,1.448e-05,498.0,0.00721104
RDN/BTC,1579541904920,2020-01-20T17:38:24.920Z,sell,1.448e-05,38.0,0.00055024
RDN/BTC,1579541905284,2020-01-20T17:38:25.284Z,sell,1.448e-05,5564.0,0.08056672
RDN/BTC,1579541907014,2020-01-20T17:38:27.014Z,sell,1.444e-05,111.0,0.00160284
RDN/BTC,1579541907783,2020-01-20T17:38:27.783Z,sell,1.449e-05,949.0,0.01375101
RDN/BTC,1579541910110,2020-01-20T17:38:30.110Z,buy,1.448e-05,122.0,0.00176656
RDN/BTC,1579541910110,2020-01-20T17:38:30.110Z,buy,1.449e-05,27.0,0.00039123
RDN/BTC,1579541912652,2020-01-20T17:38:32.652Z,buy,1.449e-05,109.0,0.00157941
RDN/BTC,1579541913384,2020-01-20T17:38:33.384Z,sell,1.444e-05,111.0,0.00160284
RDN/BTC,1579541913384,2020-01-20T17:38:33.384Z,sell,1.444e-05,3942.0,0.05692248
RDN/BTC,1579541914405,2020-01-20T17:38:34.405Z,sell,1.439e-05,129.0,0.00185631
RDN/BTC,1579541914405,2020-01-20T17:38:34.405Z,sell,1.436e-05,196.0,0.00281456
RDN/BTC,1579541915640,2020-01-20T17:38:35.640Z,buy,1.448e-05,9.0,0.00013032
RDN/BTC,1579541915640,2020-01-20T17:38:35.640Z,buy,1.449e-05,103.0,0.00149247
RDN/BTC,1579541917747,2020-01-20T17:38:37.747Z,buy,1.449e-05,4437.0,0.06429213
RDN/BTC,1579541920159,2020-01-20T17:38:40.159Z,buy,1.449e-05,68.0,0.00098532
RDN/BTC,1579541920281,2020-01-20T17:38:40.281Z,sell,1.449e-05,551.0,0.00798399
RDN/BTC,1579541920295,2020-01-20T17:38:40.295Z,sell,1.449e-05,736.0,0.01066464
RDN/BTC,1579541920313,2020-01-20T17:38:40.313Z,sell,1.449e-05,65.0,0.00094185
RDN/BTC,1579541920473,2020-01-20T17:38:40.473Z,sell,1.449e-05,421.0,0.00610029
RDN/BTC,1579541921359,2020-01-20T17:38:41.359Z,sell,1.449e-05,98.0,0.00142002
RDN/BTC,1579541921606,2020-01-20T17:38:41.606Z,buy,1.45e-05,8801.0,0.1276145
RDN/BTC,1579541922344,2020-01-20T17:38:42.344Z,sell,1.449e-05,184.0,0.00266616
RDN/BTC,1579541923610,2020-01-20T17:38:43.610Z,sell,1.449e-05,98.0,0.00142002
RDN/BTC,1579541923922,2020-01-20T17:38:43.922Z,buy,1.45e-05,723.0,0.0104835
RDN/BTC,1579541925971,2020-01-20T17:38:45.971Z,buy,1.45e-05,721.0,0.0104545
RDN/BTC,1579541926028,2020-01-20T17:38:46.028Z,sell,1.449e-05,98.0,0.00142002
RDN/BTC,1579541927953,2020-01-20T17:38:47.953Z,sell,1.449e-05,98.0,0.00142002
RDN/BTC,1579541929036,2020-01-20T17:38:49.036Z,sell,1.449e-05,98.0,0.00142002
RDN/BTC,1579541930687,2020-01-20T17:38:50.687Z,sell,1.449e-05,98.0,0.00142002
RDN/BTC,1579541930699,2020-01-20T17:38:50.699Z,sell,1.449e-05,761.0,0.01102689
RDN/BTC,1579541936486,2020-01-20T17:38:56.486Z,sell,1.44e-05,8.0,0.0001152
RDN/BTC,1579541938563,2020-01-20T17:38:58.563Z,sell,1.44e-05,8.0,0.0001152
RDN/BTC,1579541938563,2020-01-20T17:38:58.563Z,sell,1.44e-05,8.0,0.0001152
RDN/BTC,1579542218961,2020-01-20T17:43:38.961Z,sell,1.439e-05,196.0,0.00282044
RDN/BTC,1579542226388,2020-01-20T17:43:46.388Z,sell,1.439e-05,163.0,0.00234557
RDN/BTC,1579542227385,2020-01-20T17:43:47.385Z,sell,1.439e-05,327.0,0.0047055299999999
RDN/BTC,1579542239187,2020-01-20T17:43:59.187Z,sell,1.439e-05,179.0,0.00257581
RDN/BTC,1579542422004,2020-01-20T17:47:02.004Z,sell,1.439e-05,20.0,0.0002878
RDN/BTC,1579542711487,2020-01-20T17:51:51.487Z,sell,1.439e-05,1444.0,0.0207791599999999
RDN/BTC,1579542856468,2020-01-20T17:54:16.468Z,sell,1.438e-05,116.0,0.00166808
RDN/BTC,1579542856468,2020-01-20T17:54:16.468Z,sell,1.432e-05,4440.0,0.0635808
RDN/BTC,1579543525355,2020-01-20T18:05:25.355Z,buy,1.447e-05,2.0,2.894e-05
RDN/BTC,1579543627007,2020-01-20T18:07:07.007Z,buy,1.447e-05,15.0,0.00021705
RDN/BTC,1579543627007,2020-01-20T18:07:07.007Z,buy,1.448e-05,5.0,7.24e-05
RDN/BTC,1579544554818,2020-01-20T18:22:34.818Z,sell,1.438e-05,61.0,0.00087718
RDN/BTC,1579544651141,2020-01-20T18:24:11.141Z,sell,1.438e-05,75.0,0.0010785
RDN/BTC,1579544670751,2020-01-20T18:24:30.751Z,buy,1.447e-05,207.0,0.00299529
RDN/BTC,1579545100112,2020-01-20T18:31:40.112Z,buy,1.44e-05,2.0,2.88e-05
RDN/BTC,1579545128063,2020-01-20T18:32:08.063Z,buy,1.44e-05,7.0,0.0001008
RDN/BTC,1579545271381,2020-01-20T18:34:31.381Z,sell,1.435e-05,400.0,0.00574
RDN/BTC,1579545271381,2020-01-20T18:34:31.381Z,sell,1.434e-05,47.0,0.00067398
RDN/BTC,1579545271381,2020-01-20T18:34:31.381Z,sell,1.435e-05,400.0,0.00574
RDN/BTC,1579545271381,2020-01-20T18:34:31.381Z,sell,1.434e-05,47.0,0.00067398
RDN/BTC,1579545589294,2020-01-20T18:39:49.294Z,sell,1.435e-05,1153.0,0.01654555
RDN/BTC,1579545682389,2020-01-20T18:41:22.389Z,sell,1.435e-05,10.0,0.0001435
RDN/BTC,1579545696627,2020-01-20T18:41:36.627Z,sell,1.438e-05,352.0,0.00506176
RDN/BTC,1579545696627,2020-01-20T18:41:36.627Z,sell,1.437e-05,24.0,0.00034488
RDN/BTC,1579545717511,2020-01-20T18:41:57.511Z,buy,1.444e-05,50.0,0.000722
RDN/BTC,1579546555450,2020-01-20T18:55:55.450Z,sell,1.438e-05,899.0,0.0129276199999999
RDN/BTC,1579547248106,2020-01-20T19:07:28.106Z,sell,1.436e-05,1608.0,0.02309088
RDN/BTC,1579547279604,2020-01-20T19:07:59.604Z,buy,1.438e-05,227.0,0.0032642599999999
RDN/BTC,1579547491715,2020-01-20T19:11:31.715Z,sell,1.436e-05,3083.0,0.04427188
RDN/BTC,1579547506014,2020-01-20T19:11:46.014Z,sell,1.435e-05,1754.0,0.0251699
RDN/BTC,1579547513951,2020-01-20T19:11:53.951Z,sell,1.434e-05,1641.0,0.02353194
RDN/BTC,1579547539678,2020-01-20T19:12:19.678Z,sell,1.431e-05,486.0,0.00695466
RDN/BTC,1579547547481,2020-01-20T19:12:27.481Z,sell,1.43e-05,1254.0,0.0179322
RDN/BTC,1579547548847,2020-01-20T19:12:28.847Z,buy,1.43e-05,200.0,0.00286
RDN/BTC,1579547549679,2020-01-20T19:12:29.679Z,buy,1.43e-05,200.0,0.00286
RDN/BTC,1579547549904,2020-01-20T19:12:29.904Z,buy,1.43e-05,205.0,0.0029315
RDN/BTC,1579547588494,2020-01-20T19:13:08.494Z,sell,1.43e-05,7.0,0.0001001
RDN/BTC,1579547588494,2020-01-20T19:13:08.494Z,sell,1.429e-05,17.0,0.00024293
RDN/BTC,1579547588494,2020-01-20T19:13:08.494Z,sell,1.427e-05,2833.0,0.04042691
RDN/BTC,1579547828687,2020-01-20T19:17:08.687Z,buy,1.437e-05,417.0,0.00599229
RDN/BTC,1579548136889,2020-01-20T19:22:16.889Z,sell,1.427e-05,1567.0,0.02236109
RDN/BTC,1579548136889,2020-01-20T19:22:16.889Z,sell,1.427e-05,1567.0,0.02236109
RDN/BTC,1579549768127,2020-01-20T19:49:28.127Z,sell,1.428e-05,90.0,0.0012852
RDN/BTC,1579549941377,2020-01-20T19:52:21.377Z,sell,1.428e-05,90.0,0.0012852
RDN/BTC,1579550161138,2020-01-20T19:56:01.138Z,sell,1.428e-05,151.0,0.00215628
RDN/BTC,1579550297408,2020-01-20T19:58:17.408Z,sell,1.428e-05,83.0,0.00118524
RDN/BTC,1579550297408,2020-01-20T19:58:17.408Z,sell,1.427e-05,328.0,0.00468056
RDN/BTC,1579550298108,2020-01-20T19:58:18.108Z,sell,1.427e-05,412.0,0.00587924
RDN/BTC,1579550298770,2020-01-20T19:58:18.770Z,sell,1.427e-05,411.0,0.00586497
RDN/BTC,1579550303928,2020-01-20T19:58:23.928Z,sell,1.427e-05,604.0,0.00861908
RDN/BTC,1579550931224,2020-01-20T20:08:51.224Z,buy,1.431e-05,218.0,0.00311958
RDN/BTC,1579550931224,2020-01-20T20:08:51.224Z,buy,1.431e-05,218.0,0.00311958
RDN/BTC,1579551838606,2020-01-20T20:23:58.606Z,sell,1.431e-05,329.0,0.00470799
RDN/BTC,1579552208660,2020-01-20T20:30:08.660Z,buy,1.436e-05,1133.0,0.01626988
RDN/BTC,1579552208660,2020-01-20T20:30:08.660Z,buy,1.437e-05,324.0,0.00465588
RDN/BTC,1579552208660,2020-01-20T20:30:08.660Z,buy,1.438e-05,2587.0,0.03720106
RDN/BTC,1579552208660,2020-01-20T20:30:08.660Z,buy,1.439e-05,9.0,0.00012951
RDN/BTC,1579552208660,2020-01-20T20:30:08.660Z,buy,1.442e-05,1235.0,0.0178087
RDN/BTC,1579552208660,2020-01-20T20:30:08.660Z,buy,1.448e-05,4.0,5.792e-05
RDN/BTC,1579552208660,2020-01-20T20:30:08.660Z,buy,1.449e-05,4792.0,0.06943608
RDN/BTC,1579552208680,2020-01-20T20:30:08.680Z,sell,1.449e-05,633.0,0.00917217
RDN/BTC,1579552208697,2020-01-20T20:30:08.697Z,sell,1.449e-05,268.0,0.00388332
RDN/BTC,1579552208697,2020-01-20T20:30:08.697Z,sell,1.449e-05,216.0,0.00312984
RDN/BTC,1579552208707,2020-01-20T20:30:08.707Z,sell,1.449e-05,153.0,0.00221697
RDN/BTC,1579552208716,2020-01-20T20:30:08.716Z,sell,1.449e-05,70.0,0.0010143
RDN/BTC,1579552208728,2020-01-20T20:30:08.728Z,sell,1.449e-05,153.0,0.00221697
RDN/BTC,1579552208755,2020-01-20T20:30:08.755Z,sell,1.449e-05,70.0,0.0010143
RDN/BTC,1579552208797,2020-01-20T20:30:08.797Z,sell,1.449e-05,28.0,0.00040572
RDN/BTC,1579552208802,2020-01-20T20:30:08.802Z,sell,1.449e-05,69.0,0.00099981
RDN/BTC,1579552209120,2020-01-20T20:30:09.120Z,sell,1.449e-05,7.0,0.00010143
RDN/BTC,1579552209136,2020-01-20T20:30:09.136Z,sell,1.449e-05,55.0,0.00079695
RDN/BTC,1579552209201,2020-01-20T20:30:09.201Z,buy,1.45e-05,9.0,0.0001305
RDN/BTC,1579552209201,2020-01-20T20:30:09.201Z,buy,1.452e-05,27.0,0.00039204
RDN/BTC,1579552209201,2020-01-20T20:30:09.201Z,buy,1.454e-05,163.0,0.00237002
RDN/BTC,1579552209282,2020-01-20T20:30:09.282Z,sell,1.449e-05,324.0,0.00469476
RDN/BTC,1579552209373,2020-01-20T20:30:09.373Z,sell,1.449e-05,200.0,0.002898
RDN/BTC,1579552210229,2020-01-20T20:30:10.229Z,sell,1.449e-05,156.0,0.00226044
RDN/BTC,1579552210235,2020-01-20T20:30:10.235Z,sell,1.449e-05,156.0,0.00226044
RDN/BTC,1579552211775,2020-01-20T20:30:11.775Z,sell,1.449e-05,167.0,0.00241983
RDN/BTC,1579552214726,2020-01-20T20:30:14.726Z,sell,1.449e-05,167.0,0.00241983
RDN/BTC,1579552215080,2020-01-20T20:30:15.080Z,sell,1.449e-05,139.0,0.00201411
RDN/BTC,1579552215325,2020-01-20T20:30:15.325Z,sell,1.449e-05,200.0,0.002898
RDN/BTC,1579552215963,2020-01-20T20:30:15.963Z,sell,1.449e-05,177.0,0.00256473
RDN/BTC,1579552216052,2020-01-20T20:30:16.052Z,sell,1.449e-05,855.0,0.01238895
RDN/BTC,1579552216777,2020-01-20T20:30:16.777Z,sell,1.449e-05,200.0,0.002898
RDN/BTC,1579552221014,2020-01-20T20:30:21.014Z,buy,1.454e-05,137.0,0.00199198
RDN/BTC,1579552231346,2020-01-20T20:30:31.346Z,sell,1.449e-05,30.0,0.0004347
RDN/BTC,1579552233184,2020-01-20T20:30:33.184Z,sell,1.442e-05,377.0,0.00543634
RDN/BTC,1579552245219,2020-01-20T20:30:45.219Z,sell,1.442e-05,282.0,0.00406644
RDN/BTC,1579552248094,2020-01-20T20:30:48.094Z,sell,1.44e-05,113.0,0.0016271999999999
RDN/BTC,1579553176136,2020-01-20T20:46:16.136Z,buy,1.44e-05,7.0,0.0001008
RDN/BTC,1579553176136,2020-01-20T20:46:16.136Z,buy,1.44e-05,7.0,0.0001008
RDN/BTC,1579554900062,2020-01-20T21:15:00.062Z,buy,1.447e-05,7.0,0.00010129
RDN/BTC,1579554900167,2020-01-20T21:15:00.167Z,sell,1.447e-05,90.0,0.0013023
RDN/BTC,1579554921301,2020-01-20T21:15:21.301Z,sell,1.447e-05,8.0,0.00011576
RDN/BTC,1579555028035,2020-01-20T21:17:08.035Z,sell,1.447e-05,7.0,0.00010129
RDN/BTC,1579555032148,2020-01-20T21:17:12.148Z,buy,1.449e-05,7.0,0.00010143
RDN/BTC,1579555683497,2020-01-20T21:28:03.497Z,buy,1.44e-05,181.0,0.0026064
RDN/BTC,1579556012685,2020-01-20T21:33:32.685Z,buy,1.449e-05,7.0,0.00010143
RDN/BTC,1579556079142,2020-01-20T21:34:39.142Z,sell,1.439e-05,9.0,0.00012951
RDN/BTC,1579556079142,2020-01-20T21:34:39.142Z,sell,1.438e-05,289.0,0.00415582
RDN/BTC,1579556354767,2020-01-20T21:39:14.767Z,sell,1.443e-05,116.0,0.00167388
RDN/BTC,1579556361942,2020-01-20T21:39:21.942Z,buy,1.448e-05,9.0,0.00013032
RDN/BTC,1579556361942,2020-01-20T21:39:21.942Z,buy,1.449e-05,23.0,0.00033327
RDN/BTC,1579556361942,2020-01-20T21:39:21.942Z,buy,1.448e-05,9.0,0.00013032
RDN/BTC,1579556361942,2020-01-20T21:39:21.942Z,buy,1.449e-05,23.0,0.00033327
RDN/BTC,1579557547419,2020-01-20T21:59:07.419Z,buy,1.448e-05,2.0,2.896e-05
RDN/BTC,1579557608114,2020-01-20T22:00:08.114Z,buy,1.447e-05,7.0,0.00010129
RDN/BTC,1579557661402,2020-01-20T22:01:01.402Z,sell,1.441e-05,97.0,0.00139777
RDN/BTC,1579557663440,2020-01-20T22:01:03.440Z,sell,1.441e-05,103.0,0.00148423
RDN/BTC,1579557780512,2020-01-20T22:03:00.512Z,sell,1.44e-05,169.0,0.0024335999999999
RDN/BTC,1579557781719,2020-01-20T22:03:01.719Z,sell,1.441e-05,7.0,0.00010087
RDN/BTC,1579557781719,2020-01-20T22:03:01.719Z,sell,1.44e-05,170.0,0.002448
RDN/BTC,1579557783220,2020-01-20T22:03:03.220Z,sell,1.44e-05,186.0,0.0026784
RDN/BTC,1579557784265,2020-01-20T22:03:04.265Z,sell,1.44e-05,129.0,0.0018575999999999
RDN/BTC,1579557786866,2020-01-20T22:03:06.866Z,sell,1.44e-05,14.0,0.0002016
RDN/BTC,1579557792735,2020-01-20T22:03:12.735Z,sell,1.44e-05,84.0,0.0012096
RDN/BTC,1579557843279,2020-01-20T22:04:03.279Z,sell,1.44e-05,8.0,0.0001152
RDN/BTC,1579557843279,2020-01-20T22:04:03.279Z,sell,1.439e-05,9.0,0.00012951
RDN/BTC,1579557843279,2020-01-20T22:04:03.279Z,sell,1.438e-05,7.0,0.00010066
RDN/BTC,1579557843279,2020-01-20T22:04:03.279Z,sell,1.437e-05,155.0,0.00222735
RDN/BTC,1579557843473,2020-01-20T22:04:03.473Z,sell,1.438e-05,107.0,0.0015386599999999
RDN/BTC,1579557844391,2020-01-20T22:04:04.391Z,sell,1.437e-05,203.0,0.00291711
RDN/BTC,1579557846391,2020-01-20T22:04:06.391Z,sell,1.437e-05,202.0,0.00290274
RDN/BTC,1579557847372,2020-01-20T22:04:07.372Z,sell,1.436e-05,118.0,0.00169448
RDN/BTC,1579557851489,2020-01-20T22:04:11.489Z,sell,1.436e-05,132.0,0.00189552
RDN/BTC,1579557852511,2020-01-20T22:04:12.511Z,sell,1.436e-05,132.0,0.00189552
RDN/BTC,1579557857309,2020-01-20T22:04:17.309Z,sell,1.436e-05,141.0,0.00202476
RDN/BTC,1579557860215,2020-01-20T22:04:20.215Z,sell,1.436e-05,117.0,0.00168012
RDN/BTC,1579557862437,2020-01-20T22:04:22.437Z,sell,1.436e-05,131.0,0.00188116
RDN/BTC,1579557880440,2020-01-20T22:04:40.440Z,sell,1.436e-05,224.0,0.0032166399999999
RDN/BTC,1579557883000,2020-01-20T22:04:43.000Z,sell,1.436e-05,244.0,0.00350384
RDN/BTC,1579558317244,2020-01-20T22:11:57.244Z,sell,1.435e-05,7.0,0.00010045
RDN/BTC,1579558317260,2020-01-20T22:11:57.260Z,buy,1.435e-05,69.0,0.00099015
RDN/BTC,1579558388259,2020-01-20T22:13:08.259Z,buy,1.434e-05,7.0,0.00010038
RDN/BTC,1579558537373,2020-01-20T22:15:37.373Z,buy,1.434e-05,2015.0,0.0288951
RDN/BTC,1579558537373,2020-01-20T22:15:37.373Z,buy,1.435e-05,1778.0,0.0255143
RDN/BTC,1579558537373,2020-01-20T22:15:37.373Z,buy,1.436e-05,1296.0,0.0186105599999999
RDN/BTC,1579558635301,2020-01-20T22:17:15.301Z,buy,1.435e-05,12.0,0.0001722
RDN/BTC,1579558706126,2020-01-20T22:18:26.126Z,buy,1.434e-05,881.0,0.01263354
RDN/BTC,1579558707324,2020-01-20T22:18:27.324Z,buy,1.434e-05,611.0,0.00876174
RDN/BTC,1579558708628,2020-01-20T22:18:28.628Z,buy,1.434e-05,423.0,0.0060658199999999
RDN/BTC,1579558710734,2020-01-20T22:18:30.734Z,buy,1.434e-05,291.0,0.00417294
RDN/BTC,1579558712325,2020-01-20T22:18:32.325Z,buy,1.434e-05,201.0,0.00288234
RDN/BTC,1579558713937,2020-01-20T22:18:33.937Z,buy,1.434e-05,139.0,0.00199326
RDN/BTC,1579558719737,2020-01-20T22:18:39.737Z,buy,1.434e-05,92.0,0.00131928
RDN/BTC,1579558804365,2020-01-20T22:20:04.365Z,sell,1.434e-05,134.0,0.0019215599999999
RDN/BTC,1579558806323,2020-01-20T22:20:06.323Z,sell,1.434e-05,129.0,0.00184986
RDN/BTC,1579558808247,2020-01-20T22:20:08.247Z,sell,1.435e-05,207.0,0.00297045
RDN/BTC,1579558809266,2020-01-20T22:20:09.266Z,sell,1.435e-05,215.0,0.00308525
RDN/BTC,1579558810920,2020-01-20T22:20:10.920Z,sell,1.434e-05,100.0,0.001434
RDN/BTC,1579558811928,2020-01-20T22:20:11.928Z,sell,1.434e-05,90.0,0.0012906
RDN/BTC,1579558815710,2020-01-20T22:20:15.710Z,sell,1.434e-05,280.0,0.0040152
RDN/BTC,1579558815710,2020-01-20T22:20:15.710Z,sell,1.433e-05,3968.0,0.05686144
RDN/BTC,1579558815710,2020-01-20T22:20:15.710Z,sell,1.432e-05,341.0,0.00488312
RDN/BTC,1579558886599,2020-01-20T22:21:26.599Z,buy,1.437e-05,20.0,0.0002874
RDN/BTC,1579558893635,2020-01-20T22:21:33.635Z,sell,1.431e-05,11.0,0.00015741
RDN/BTC,1579558893748,2020-01-20T22:21:33.748Z,buy,1.431e-05,86.0,0.00123066
RDN/BTC,1579558938321,2020-01-20T22:22:18.321Z,sell,1.43e-05,271.0,0.0038753
RDN/BTC,1579559915456,2020-01-20T22:38:35.456Z,buy,1.437e-05,55.0,0.00079035
RDN/BTC,1579559921515,2020-01-20T22:38:41.515Z,buy,1.437e-05,266.0,0.00382242
RDN/BTC,1579559921515,2020-01-20T22:38:41.515Z,buy,1.437e-05,266.0,0.00382242
RDN/BTC,1579560477640,2020-01-20T22:47:57.640Z,buy,1.439e-05,9.0,0.00012951
RDN/BTC,1579560477640,2020-01-20T22:47:57.640Z,buy,1.441e-05,401.0,0.0057784099999999
RDN/BTC,1579560477650,2020-01-20T22:47:57.650Z,sell,1.441e-05,88.0,0.00126808
RDN/BTC,1579560477655,2020-01-20T22:47:57.655Z,sell,1.441e-05,154.0,0.00221914
RDN/BTC,1579560508876,2020-01-20T22:48:28.876Z,sell,1.433e-05,242.0,0.00346786
RDN/BTC,1579560508876,2020-01-20T22:48:28.876Z,sell,1.432e-05,121.0,0.00173272
RDN/BTC,1579560510000,2020-01-20T22:48:30.000Z,sell,1.432e-05,159.0,0.00227688
RDN/BTC,1579560537550,2020-01-20T22:48:57.550Z,sell,1.431e-05,76.0,0.00108756
RDN/BTC,1579560611088,2020-01-20T22:50:11.088Z,buy,1.438e-05,11.0,0.00015818
RDN/BTC,1579560799811,2020-01-20T22:53:19.811Z,sell,1.431e-05,49.0,0.00070119
RDN/BTC,1579561264462,2020-01-20T23:01:04.462Z,buy,1.436e-05,49.0,0.00070364
RDN/BTC,1579561635055,2020-01-20T23:07:15.055Z,sell,1.432e-05,78.0,0.00111696
RDN/BTC,1579561635055,2020-01-20T23:07:15.055Z,sell,1.431e-05,270.0,0.0038637
RDN/BTC,1579563343913,2020-01-20T23:35:43.913Z,sell,1.431e-05,7.0,0.00010017
RDN/BTC,1579563343913,2020-01-20T23:35:43.913Z,sell,1.43e-05,9.0,0.0001287
RDN/BTC,1579563343913,2020-01-20T23:35:43.913Z,sell,1.429e-05,9.0,0.00012861
RDN/BTC,1579563343913,2020-01-20T23:35:43.913Z,sell,1.428e-05,17.0,0.00024276
RDN/BTC,1579563343913,2020-01-20T23:35:43.913Z,sell,1.431e-05,7.0,0.00010017
RDN/BTC,1579563343913,2020-01-20T23:35:43.913Z,sell,1.43e-05,9.0,0.0001287
RDN/BTC,1579563343913,2020-01-20T23:35:43.913Z,sell,1.429e-05,9.0,0.00012861
RDN/BTC,1579563343913,2020-01-20T23:35:43.913Z,sell,1.428e-05,17.0,0.00024276
RDN/BTC,1579565750197,2020-01-21T00:15:50.197Z,sell,1.428e-05,34.0,0.00048552
RDN/BTC,1579566667542,2020-01-21T00:31:07.542Z,buy,1.436e-05,270.0,0.0038772
RDN/BTC,1579566667542,2020-01-21T00:31:07.542Z,buy,1.437e-05,17.0,0.00024429
RDN/BTC,1579566667542,2020-01-21T00:31:07.542Z,buy,1.439e-05,890.0,0.0128071
RDN/BTC,1579566667542,2020-01-21T00:31:07.542Z,buy,1.441e-05,69.0,0.0009942899999999
RDN/BTC,1579566667542,2020-01-21T00:31:07.542Z,buy,1.436e-05,270.0,0.0038772
RDN/BTC,1579566667542,2020-01-21T00:31:07.542Z,buy,1.437e-05,17.0,0.00024429
RDN/BTC,1579566667542,2020-01-21T00:31:07.542Z,buy,1.439e-05,890.0,0.0128071
RDN/BTC,1579566667542,2020-01-21T00:31:07.542Z,buy,1.441e-05,69.0,0.0009942899999999
RDN/BTC,1579569253102,2020-01-21T01:14:13.102Z,sell,1.431e-05,1241.0,0.01775871
RDN/BTC,1579569379799,2020-01-21T01:16:19.799Z,sell,1.43e-05,9.0,0.0001287
RDN/BTC,1579569379799,2020-01-21T01:16:19.799Z,sell,1.429e-05,531.0,0.00758799
RDN/BTC,1579569379799,2020-01-21T01:16:19.799Z,sell,1.43e-05,9.0,0.0001287
RDN/BTC,1579569379799,2020-01-21T01:16:19.799Z,sell,1.429e-05,531.0,0.00758799
RDN/BTC,1579570444020,2020-01-21T01:34:04.020Z,buy,1.434e-05,358.0,0.00513372
RDN/BTC,1579570855735,2020-01-21T01:40:55.735Z,buy,1.434e-05,8.0,0.00011472
RDN/BTC,1579570855735,2020-01-21T01:40:55.735Z,buy,1.439e-05,7.0,0.0001007299999999
RDN/BTC,1579571475930,2020-01-21T01:51:15.930Z,sell,1.433e-05,508.0,0.00727964
RDN/BTC,1579571476199,2020-01-21T01:51:16.199Z,sell,1.433e-05,185.0,0.00265105
RDN/BTC,1579571520607,2020-01-21T01:52:00.607Z,sell,1.433e-05,520.0,0.0074516
RDN/BTC,1579571560648,2020-01-21T01:52:40.648Z,sell,1.432e-05,189.0,0.00270648
RDN/BTC,1579572193039,2020-01-21T02:03:13.039Z,sell,1.433e-05,77.0,0.00110341
RDN/BTC,1579572193039,2020-01-21T02:03:13.039Z,sell,1.432e-05,134.0,0.00191888
RDN/BTC,1579572931806,2020-01-21T02:15:31.806Z,sell,1.432e-05,1000.0,0.01432
RDN/BTC,1579572931806,2020-01-21T02:15:31.806Z,sell,1.432e-05,1000.0,0.01432
RDN/BTC,1579573127271,2020-01-21T02:18:47.271Z,sell,1.432e-05,487.0,0.00697384
RDN/BTC,1579573549475,2020-01-21T02:25:49.475Z,sell,1.432e-05,210.0,0.0030072
RDN/BTC,1579574958398,2020-01-21T02:49:18.398Z,buy,1.439e-05,2.0,2.878e-05
RDN/BTC,1579574958398,2020-01-21T02:49:18.398Z,buy,1.441e-05,52.0,0.0007493199999999
RDN/BTC,1579574979501,2020-01-21T02:49:39.501Z,sell,1.441e-05,6.0,8.646e-05
RDN/BTC,1579575209347,2020-01-21T02:53:29.347Z,buy,1.44e-05,7.0,0.0001008
RDN/BTC,1579575368103,2020-01-21T02:56:08.103Z,sell,1.44e-05,7.0,0.0001008
RDN/BTC,1579575465242,2020-01-21T02:57:45.242Z,sell,1.44e-05,105.0,0.0015119999999999
RDN/BTC,1579575469246,2020-01-21T02:57:49.246Z,sell,1.44e-05,105.0,0.0015119999999999
RDN/BTC,1579575473902,2020-01-21T02:57:53.902Z,sell,1.44e-05,105.0,0.0015119999999999
RDN/BTC,1579575473923,2020-01-21T02:57:53.923Z,sell,1.44e-05,215.0,0.003096
RDN/BTC,1579575475229,2020-01-21T02:57:55.229Z,sell,1.44e-05,105.0,0.0015119999999999
RDN/BTC,1579575475251,2020-01-21T02:57:55.251Z,sell,1.44e-05,223.0,0.0032112
RDN/BTC,1579575477356,2020-01-21T02:57:57.356Z,sell,1.44e-05,153.0,0.0022031999999999
RDN/BTC,1579575478238,2020-01-21T02:57:58.238Z,sell,1.44e-05,105.0,0.0015119999999999
RDN/BTC,1579575481323,2020-01-21T02:58:01.323Z,sell,1.44e-05,30.0,0.000432
RDN/BTC,1579575481333,2020-01-21T02:58:01.333Z,sell,1.44e-05,196.0,0.0028224
RDN/BTC,1579575484259,2020-01-21T02:58:04.259Z,sell,1.44e-05,134.0,0.0019295999999999
RDN/BTC,1579575485239,2020-01-21T02:58:05.239Z,sell,1.44e-05,88.0,0.0012672
RDN/BTC,1579575485260,2020-01-21T02:58:05.260Z,sell,1.44e-05,155.0,0.002232
RDN/BTC,1579575487383,2020-01-21T02:58:07.383Z,sell,1.44e-05,68.0,0.0009792
RDN/BTC,1579575487406,2020-01-21T02:58:07.406Z,sell,1.44e-05,154.0,0.0022175999999999
RDN/BTC,1579575489225,2020-01-21T02:58:09.225Z,sell,1.44e-05,82.0,0.0011807999999999
RDN/BTC,1579575489246,2020-01-21T02:58:09.246Z,sell,1.44e-05,164.0,0.0023615999999999
RDN/BTC,1579575490473,2020-01-21T02:58:10.473Z,sell,1.44e-05,113.0,0.0016271999999999
RDN/BTC,1579575491564,2020-01-21T02:58:11.564Z,sell,1.44e-05,79.0,0.0011376
RDN/BTC,1579575538915,2020-01-21T02:58:58.915Z,buy,1.442e-05,21.0,0.00030282
RDN/BTC,1579575538915,2020-01-21T02:58:58.915Z,buy,1.442e-05,21.0,0.00030282
RDN/BTC,1579576559895,2020-01-21T03:15:59.895Z,buy,1.442e-05,100.0,0.001442
RDN/BTC,1579576751284,2020-01-21T03:19:11.284Z,sell,1.44e-05,180.0,0.0025919999999999
RDN/BTC,1579576752982,2020-01-21T03:19:12.982Z,sell,1.44e-05,165.0,0.002376
RDN/BTC,1579576756389,2020-01-21T03:19:16.389Z,sell,1.44e-05,113.0,0.0016271999999999
RDN/BTC,1579576773934,2020-01-21T03:19:33.934Z,sell,1.44e-05,2808.0,0.0404352
RDN/BTC,1579576773948,2020-01-21T03:19:33.948Z,buy,1.44e-05,104.0,0.0014976
RDN/BTC,1579576779252,2020-01-21T03:19:39.252Z,buy,1.44e-05,104.0,0.0014976
RDN/BTC,1579577802807,2020-01-21T03:36:42.807Z,buy,1.439e-05,183.0,0.00263337
RDN/BTC,1579578849494,2020-01-21T03:54:09.494Z,buy,1.439e-05,69.0,0.00099291
RDN/BTC,1579578849494,2020-01-21T03:54:09.494Z,buy,1.439e-05,69.0,0.00099291
RDN/BTC,1579579142267,2020-01-21T03:59:02.267Z,sell,1.436e-05,72.0,0.00103392
RDN/BTC,1579579142399,2020-01-21T03:59:02.399Z,sell,1.435e-05,7.0,0.00010045
RDN/BTC,1579579142410,2020-01-21T03:59:02.410Z,buy,1.434e-05,69.0,0.00098946
RDN/BTC,1579579142419,2020-01-21T03:59:02.419Z,buy,1.434e-05,15.0,0.0002151
RDN/BTC,1579579225073,2020-01-21T04:00:25.073Z,sell,1.435e-05,7.0,0.00010045
RDN/BTC,1579579236038,2020-01-21T04:00:36.038Z,buy,1.434e-05,22.0,0.00031548
RDN/BTC,1579579851757,2020-01-21T04:10:51.757Z,buy,1.434e-05,345.0,0.0049473
RDN/BTC,1579579851776,2020-01-21T04:10:51.776Z,buy,1.434e-05,241.0,0.00345594
RDN/BTC,1579579857358,2020-01-21T04:10:57.358Z,buy,1.434e-05,161.0,0.00230874
RDN/BTC,1579579859863,2020-01-21T04:10:59.863Z,buy,1.434e-05,111.0,0.00159174
RDN/BTC,1579579861220,2020-01-21T04:11:01.220Z,buy,1.434e-05,95.0,0.0013623
RDN/BTC,1579581888451,2020-01-21T04:44:48.451Z,buy,1.44e-05,15.0,0.000216
RDN/BTC,1579581888451,2020-01-21T04:44:48.451Z,buy,1.44e-05,15.0,0.000216
RDN/BTC,1579583074474,2020-01-21T05:04:34.474Z,sell,1.432e-05,8792.0,0.12590144
RDN/BTC,1579585440122,2020-01-21T05:44:00.122Z,sell,1.432e-05,771.0,0.01104072
RDN/BTC,1579585440122,2020-01-21T05:44:00.122Z,sell,1.432e-05,771.0,0.01104072
RDN/BTC,1579586359584,2020-01-21T05:59:19.584Z,sell,1.432e-05,542.0,0.00776144
RDN/BTC,1579586439932,2020-01-21T06:00:39.932Z,sell,1.432e-05,504.0,0.00721728
RDN/BTC,1579586440290,2020-01-21T06:00:40.290Z,sell,1.432e-05,181.0,0.00259192
RDN/BTC,1579586488694,2020-01-21T06:01:28.694Z,sell,1.432e-05,307.0,0.00439624
RDN/BTC,1579586489018,2020-01-21T06:01:29.018Z,sell,1.43e-05,180.0,0.002574
RDN/BTC,1579586534635,2020-01-21T06:02:14.635Z,sell,1.43e-05,423.0,0.0060489
RDN/BTC,1579586534844,2020-01-21T06:02:14.844Z,sell,1.43e-05,152.0,0.0021736
RDN/BTC,1579586571133,2020-01-21T06:02:51.133Z,sell,1.43e-05,540.0,0.007722
RDN/BTC,1579586608212,2020-01-21T06:03:28.212Z,buy,1.439e-05,9.0,0.00012951
RDN/BTC,1579586608212,2020-01-21T06:03:28.212Z,buy,1.44e-05,130.0,0.001872
RDN/BTC,1579586831961,2020-01-21T06:07:11.961Z,sell,1.431e-05,13.0,0.00018603
RDN/BTC,1579587797489,2020-01-21T06:23:17.489Z,sell,1.43e-05,29.0,0.0004147
RDN/BTC,1579587797489,2020-01-21T06:23:17.489Z,sell,1.428e-05,1241.0,0.01772148
RDN/BTC,1579588738418,2020-01-21T06:38:58.418Z,sell,1.429e-05,88.0,0.00125752
RDN/BTC,1579588738418,2020-01-21T06:38:58.418Z,sell,1.429e-05,88.0,0.00125752
RDN/BTC,1579591857147,2020-01-21T07:30:57.147Z,buy,1.436e-05,13.0,0.00018668
RDN/BTC,1579591857156,2020-01-21T07:30:57.156Z,sell,1.436e-05,121.0,0.00173756
RDN/BTC,1579591858301,2020-01-21T07:30:58.301Z,sell,1.429e-05,7.0,0.00010003
RDN/BTC,1579591952266,2020-01-21T07:32:32.266Z,sell,1.428e-05,801.0,0.01143828
RDN/BTC,1579592170926,2020-01-21T07:36:10.926Z,sell,1.428e-05,750.0,0.01071
RDN/BTC,1579592170926,2020-01-21T07:36:10.926Z,sell,1.428e-05,750.0,0.01071
RDN/BTC,1579593151673,2020-01-21T07:52:31.673Z,sell,1.428e-05,10.0,0.0001428
RDN/BTC,1579593151673,2020-01-21T07:52:31.673Z,sell,1.428e-05,10.0,0.0001428
RDN/BTC,1579596137801,2020-01-21T08:42:17.801Z,sell,1.428e-05,100.0,0.001428
RDN/BTC,1579596154537,2020-01-21T08:42:34.537Z,buy,1.432e-05,1197.0,0.01714104
RDN/BTC,1579596154537,2020-01-21T08:42:34.537Z,buy,1.434e-05,7.0,0.00010038
RDN/BTC,1579596154679,2020-01-21T08:42:34.679Z,sell,1.433e-05,325.0,0.00465725
RDN/BTC,1579596154679,2020-01-21T08:42:34.679Z,sell,1.433e-05,325.0,0.00465725
RDN/BTC,1579598215413,2020-01-21T09:16:55.413Z,sell,1.432e-05,185.0,0.0026492
RDN/BTC,1579598217043,2020-01-21T09:16:57.043Z,sell,1.432e-05,122.0,0.00174704
RDN/BTC,1579598217372,2020-01-21T09:16:57.372Z,sell,1.432e-05,359.0,0.00514088
RDN/BTC,1579598310419,2020-01-21T09:18:30.419Z,sell,1.432e-05,173.0,0.00247736
RDN/BTC,1579598312315,2020-01-21T09:18:32.315Z,sell,1.432e-05,114.0,0.00163248
RDN/BTC,1579598314057,2020-01-21T09:18:34.057Z,sell,1.432e-05,76.0,0.00108832
RDN/BTC,1579598314057,2020-01-21T09:18:34.057Z,sell,1.432e-05,76.0,0.00108832
RDN/BTC,1579600134235,2020-01-21T09:48:54.235Z,sell,1.432e-05,551.0,0.00789032
RDN/BTC,1579600973072,2020-01-21T10:02:53.072Z,sell,1.432e-05,59.0,0.00084488
RDN/BTC,1579601067552,2020-01-21T10:04:27.552Z,sell,1.432e-05,652.0,0.00933664
RDN/BTC,1579601417109,2020-01-21T10:10:17.109Z,buy,1.434e-05,37.0,0.00053058
RDN/BTC,1579601531187,2020-01-21T10:12:11.187Z,buy,1.439e-05,259.0,0.00372701
RDN/BTC,1579601531187,2020-01-21T10:12:11.187Z,buy,1.443e-05,2647.0,0.03819621
RDN/BTC,1579601531499,2020-01-21T10:12:11.499Z,sell,1.433e-05,127.0,0.00181991
RDN/BTC,1579601531861,2020-01-21T10:12:11.861Z,buy,1.438e-05,127.0,0.00182626
RDN/BTC,1579601533218,2020-01-21T10:12:13.218Z,sell,1.434e-05,127.0,0.00182118
RDN/BTC,1579601533218,2020-01-21T10:12:13.218Z,sell,1.433e-05,27.0,0.00038691
RDN/BTC,1579601533580,2020-01-21T10:12:13.580Z,buy,1.438e-05,27.0,0.0003882599999999
RDN/BTC,1579601534305,2020-01-21T10:12:14.305Z,sell,1.438e-05,97.0,0.00139486
RDN/BTC,1579601535743,2020-01-21T10:12:15.743Z,buy,1.445e-05,354.0,0.0051153
RDN/BTC,1579601535787,2020-01-21T10:12:15.787Z,sell,1.445e-05,62.0,0.0008959
RDN/BTC,1579601535866,2020-01-21T10:12:15.866Z,sell,1.438e-05,230.0,0.0033074
RDN/BTC,1579601539464,2020-01-21T10:12:19.464Z,sell,1.438e-05,195.0,0.0028041
RDN/BTC,1579601540568,2020-01-21T10:12:20.568Z,buy,1.446e-05,10.0,0.0001446
RDN/BTC,1579601540602,2020-01-21T10:12:20.602Z,sell,1.438e-05,70.0,0.0010066
RDN/BTC,1579601540602,2020-01-21T10:12:20.602Z,sell,1.435e-05,56.0,0.0008036
RDN/BTC,1579601541612,2020-01-21T10:12:21.612Z,sell,1.438e-05,11.0,0.00015818
RDN/BTC,1579601541612,2020-01-21T10:12:21.612Z,sell,1.436e-05,182.0,0.00261352
RDN/BTC,1579601541975,2020-01-21T10:12:21.975Z,buy,1.441e-05,14.0,0.00020174
RDN/BTC,1579601542001,2020-01-21T10:12:22.001Z,buy,1.441e-05,10.0,0.0001440999999999
RDN/BTC,1579601542318,2020-01-21T10:12:22.318Z,buy,1.441e-05,83.0,0.0011960299999999
RDN/BTC,1579601544478,2020-01-21T10:12:24.478Z,sell,1.439e-05,69.0,0.00099291
RDN/BTC,1579601544478,2020-01-21T10:12:24.478Z,sell,1.435e-05,103.0,0.00147805
RDN/BTC,1579601720190,2020-01-21T10:15:20.190Z,sell,1.435e-05,93.0,0.0013345499999999
RDN/BTC,1579601877503,2020-01-21T10:17:57.503Z,sell,1.435e-05,33.0,0.00047355
RDN/BTC,1579601877503,2020-01-21T10:17:57.503Z,sell,1.433e-05,445.0,0.00637685
RDN/BTC,1579601877503,2020-01-21T10:17:57.503Z,sell,1.435e-05,33.0,0.00047355
RDN/BTC,1579601877503,2020-01-21T10:17:57.503Z,sell,1.433e-05,445.0,0.00637685
RDN/BTC,1579602301078,2020-01-21T10:25:01.078Z,sell,1.434e-05,21.0,0.00030114
RDN/BTC,1579602711439,2020-01-21T10:31:51.439Z,sell,1.433e-05,210.0,0.0030093
RDN/BTC,1579602711439,2020-01-21T10:31:51.439Z,sell,1.432e-05,66.0,0.00094512
RDN/BTC,1579603245949,2020-01-21T10:40:45.949Z,buy,1.44e-05,95.0,0.0013679999999999
RDN/BTC,1579604404929,2020-01-21T11:00:04.929Z,buy,1.44e-05,7.0,0.0001008
RDN/BTC,1579604409336,2020-01-21T11:00:09.336Z,sell,1.44e-05,75.0,0.00108
RDN/BTC,1579604425124,2020-01-21T11:00:25.124Z,buy,1.441e-05,33.0,0.00047553
RDN/BTC,1579604427638,2020-01-21T11:00:27.638Z,buy,1.441e-05,29.0,0.0004178899999999
RDN/BTC,1579604494817,2020-01-21T11:01:34.817Z,sell,1.44e-05,22.0,0.0003168
RDN/BTC,1579604505851,2020-01-21T11:01:45.851Z,sell,1.44e-05,1304.0,0.0187776
RDN/BTC,1579604505851,2020-01-21T11:01:45.851Z,sell,1.44e-05,1304.0,0.0187776
RDN/BTC,1579605557801,2020-01-21T11:19:17.801Z,buy,1.44e-05,35.0,0.000504
RDN/BTC,1579606940089,2020-01-21T11:42:20.089Z,buy,1.44e-05,138.0,0.0019871999999999
RDN/BTC,1579608081007,2020-01-21T12:01:21.007Z,buy,1.44e-05,1281.0,0.0184463999999999
RDN/BTC,1579608081007,2020-01-21T12:01:21.007Z,buy,1.44e-05,1281.0,0.0184463999999999
RDN/BTC,1579608185483,2020-01-21T12:03:05.483Z,buy,1.44e-05,729.0,0.0104976
RDN/BTC,1579608185522,2020-01-21T12:03:05.522Z,sell,1.44e-05,510.0,0.007344
RDN/BTC,1579609196301,2020-01-21T12:19:56.301Z,sell,1.44e-05,201.0,0.0028943999999999
RDN/BTC,1579609534935,2020-01-21T12:25:34.935Z,sell,1.434e-05,64.0,0.00091776
RDN/BTC,1579609826068,2020-01-21T12:30:26.068Z,buy,1.44e-05,148.0,0.0021311999999999
RDN/BTC,1579609826137,2020-01-21T12:30:26.137Z,sell,1.44e-05,1542.0,0.0222048
RDN/BTC,1579609826148,2020-01-21T12:30:26.148Z,sell,1.44e-05,717.0,0.0103248
RDN/BTC,1579609909318,2020-01-21T12:31:49.318Z,sell,1.433e-05,160.0,0.0022928
RDN/BTC,1579609909318,2020-01-21T12:31:49.318Z,sell,1.432e-05,900.0,0.012888
RDN/BTC,1579609909318,2020-01-21T12:31:49.318Z,sell,1.43e-05,395.0,0.0056485
RDN/BTC,1579609909318,2020-01-21T12:31:49.318Z,sell,1.429e-05,2974.0,0.04249846
RDN/BTC,1579609909331,2020-01-21T12:31:49.331Z,buy,1.429e-05,104.0,0.00148616
RDN/BTC,1579609909336,2020-01-21T12:31:49.336Z,buy,1.429e-05,69.0,0.00098601
RDN/BTC,1579609909338,2020-01-21T12:31:49.338Z,buy,1.429e-05,536.0,0.00765944
RDN/BTC,1579609909344,2020-01-21T12:31:49.344Z,buy,1.429e-05,160.0,0.0022864
RDN/BTC,1579609909344,2020-01-21T12:31:49.344Z,buy,1.429e-05,1163.0,0.01661927
RDN/BTC,1579609910356,2020-01-21T12:31:50.356Z,sell,1.43e-05,160.0,0.002288
RDN/BTC,1579609918941,2020-01-21T12:31:58.941Z,buy,1.438e-05,38.0,0.00054644
RDN/BTC,1579609918993,2020-01-21T12:31:58.993Z,buy,1.438e-05,114.0,0.0016393199999999
RDN/BTC,1579611044887,2020-01-21T12:50:44.887Z,sell,1.431e-05,437.0,0.00625347
RDN/BTC,1579611044887,2020-01-21T12:50:44.887Z,sell,1.43e-05,454.0,0.0064922
RDN/BTC,1579611044887,2020-01-21T12:50:44.887Z,sell,1.429e-05,9.0,0.00012861
RDN/BTC,1579611044887,2020-01-21T12:50:44.887Z,sell,1.428e-05,1579.0,0.02254812
RDN/BTC,1579611044887,2020-01-21T12:50:44.887Z,sell,1.427e-05,424.0,0.00605048
RDN/BTC,1579611103195,2020-01-21T12:51:43.195Z,buy,1.437e-05,104.0,0.0014944799999999
RDN/BTC,1579611170035,2020-01-21T12:52:50.035Z,sell,1.428e-05,29.0,0.00041412
RDN/BTC,1579611272981,2020-01-21T12:54:32.981Z,buy,1.437e-05,60.0,0.0008622
RDN/BTC,1579611432770,2020-01-21T12:57:12.770Z,buy,1.438e-05,2.0,2.876e-05
RDN/BTC,1579611432770,2020-01-21T12:57:12.770Z,buy,1.438e-05,2.0,2.876e-05
RDN/BTC,1579611855640,2020-01-21T13:04:15.640Z,buy,1.438e-05,6.0,8.628e-05
RDN/BTC,1579612551436,2020-01-21T13:15:51.436Z,sell,1.43e-05,217.0,0.0031031
RDN/BTC,1579612551464,2020-01-21T13:15:51.464Z,buy,1.439e-05,2.0,2.878e-05
RDN/BTC,1579613173704,2020-01-21T13:26:13.704Z,buy,1.437e-05,69.0,0.00099153
RDN/BTC,1579613173760,2020-01-21T13:26:13.760Z,buy,1.437e-05,69.0,0.00099153
RDN/BTC,1579613572598,2020-01-21T13:32:52.598Z,buy,1.437e-05,69.0,0.00099153
RDN/BTC,1579613603221,2020-01-21T13:33:23.221Z,buy,1.437e-05,232.0,0.00333384
RDN/BTC,1579614729033,2020-01-21T13:52:09.033Z,buy,1.439e-05,2.0,2.878e-05
RDN/BTC,1579614912896,2020-01-21T13:55:12.896Z,buy,1.435e-05,142.0,0.0020377
RDN/BTC,1579614912963,2020-01-21T13:55:12.963Z,buy,1.435e-05,1104.0,0.0158424
RDN/BTC,1579614914033,2020-01-21T13:55:14.033Z,buy,1.435e-05,653.0,0.00937055
RDN/BTC,1579614915289,2020-01-21T13:55:15.289Z,buy,1.435e-05,353.0,0.00506555
RDN/BTC,1579614919918,2020-01-21T13:55:19.918Z,buy,1.435e-05,191.0,0.00274085
RDN/BTC,1579614922559,2020-01-21T13:55:22.559Z,buy,1.435e-05,104.0,0.0014924
RDN/BTC,1579614930825,2020-01-21T13:55:30.825Z,buy,1.435e-05,100.0,0.001435
RDN/BTC,1579614960115,2020-01-21T13:56:00.115Z,buy,1.435e-05,23.0,0.0003300499999999
RDN/BTC,1579614986349,2020-01-21T13:56:26.349Z,buy,1.435e-05,110.0,0.0015785
RDN/BTC,1579614986349,2020-01-21T13:56:26.349Z,buy,1.435e-05,110.0,0.0015785
RDN/BTC,1579615256247,2020-01-21T14:00:56.247Z,buy,1.435e-05,40.0,0.000574
RDN/BTC,1579615256248,2020-01-21T14:00:56.248Z,buy,1.435e-05,73.0,0.00104755
RDN/BTC,1579615256250,2020-01-21T14:00:56.250Z,buy,1.435e-05,40.0,0.000574
RDN/BTC,1579615256253,2020-01-21T14:00:56.253Z,buy,1.435e-05,104.0,0.0014924
RDN/BTC,1579615292805,2020-01-21T14:01:32.805Z,sell,1.429e-05,26.0,0.00037154
RDN/BTC,1579615292805,2020-01-21T14:01:32.805Z,sell,1.427e-05,316.0,0.00450932
RDN/BTC,1579615292805,2020-01-21T14:01:32.805Z,sell,1.426e-05,8.0,0.00011408
RDN/BTC,1579615292805,2020-01-21T14:01:32.805Z,sell,1.424e-05,32.0,0.00045568
RDN/BTC,1579615292805,2020-01-21T14:01:32.805Z,sell,1.422e-05,1241.0,0.01764702
RDN/BTC,1579615292805,2020-01-21T14:01:32.805Z,sell,1.42e-05,904.0,0.0128367999999999
RDN/BTC,1579615302327,2020-01-21T14:01:42.327Z,sell,1.424e-05,127.0,0.00180848
RDN/BTC,1579615302802,2020-01-21T14:01:42.802Z,buy,1.43e-05,9.0,0.0001287
RDN/BTC,1579615302802,2020-01-21T14:01:42.802Z,buy,1.435e-05,29.0,0.00041615
RDN/BTC,1579615302807,2020-01-21T14:01:42.807Z,buy,1.435e-05,115.0,0.00165025
RDN/BTC,1579615640441,2020-01-21T14:07:20.441Z,buy,1.435e-05,5643.0,0.08097705
RDN/BTC,1579615665121,2020-01-21T14:07:45.121Z,buy,1.439e-05,5.0,7.195e-05
RDN/BTC,1579615665121,2020-01-21T14:07:45.121Z,buy,1.44e-05,106.0,0.0015264
RDN/BTC,1579616112989,2020-01-21T14:15:12.989Z,buy,1.437e-05,100.0,0.001437
RDN/BTC,1579616148821,2020-01-21T14:15:48.821Z,buy,1.437e-05,2.0,2.874e-05
RDN/BTC,1579616931644,2020-01-21T14:28:51.644Z,sell,1.43e-05,9.0,0.0001287
RDN/BTC,1579616931669,2020-01-21T14:28:51.669Z,buy,1.43e-05,69.0,0.0009867
RDN/BTC,1579616931726,2020-01-21T14:28:51.726Z,buy,1.43e-05,69.0,0.0009867
RDN/BTC,1579616931749,2020-01-21T14:28:51.749Z,buy,1.43e-05,60.0,0.000858
RDN/BTC,1579618426244,2020-01-21T14:53:46.244Z,sell,1.43e-05,3169.0,0.0453167
RDN/BTC,1579618426244,2020-01-21T14:53:46.244Z,sell,1.43e-05,3169.0,0.0453167
RDN/BTC,1579618807152,2020-01-21T15:00:07.152Z,sell,1.426e-05,1408.0,0.02007808
RDN/BTC,1579618865858,2020-01-21T15:01:05.858Z,buy,1.437e-05,65.0,0.00093405
RDN/BTC,1579619349460,2020-01-21T15:09:09.460Z,buy,1.437e-05,7.0,0.00010059
RDN/BTC,1579619349460,2020-01-21T15:09:09.460Z,buy,1.439e-05,9.0,0.00012951
RDN/BTC,1579619349460,2020-01-21T15:09:09.460Z,buy,1.44e-05,666.0,0.0095903999999999
RDN/BTC,1579619349460,2020-01-21T15:09:09.460Z,buy,1.441e-05,45.0,0.00064845
RDN/BTC,1579619349460,2020-01-21T15:09:09.460Z,buy,1.442e-05,3883.0,0.05599286
RDN/BTC,1579619349460,2020-01-21T15:09:09.460Z,buy,1.442e-05,985.0,0.0142037
RDN/BTC,1579619349460,2020-01-21T15:09:09.460Z,buy,1.443e-05,1245.0,0.01796535
RDN/BTC,1579619349477,2020-01-21T15:09:09.477Z,buy,1.444e-05,345.0,0.0049818
RDN/BTC,1579619349487,2020-01-21T15:09:09.487Z,buy,1.444e-05,163.0,0.00235372
RDN/BTC,1579619349487,2020-01-21T15:09:09.487Z,buy,1.445e-05,428.0,0.0061846
RDN/BTC,1579619349498,2020-01-21T15:09:09.498Z,buy,1.445e-05,145.0,0.00209525
RDN/BTC,1579619350482,2020-01-21T15:09:10.482Z,buy,1.445e-05,199.0,0.00287555
RDN/BTC,1579619362985,2020-01-21T15:09:22.985Z,buy,1.444e-05,57.0,0.00082308
RDN/BTC,1579619362993,2020-01-21T15:09:22.993Z,buy,1.444e-05,40.0,0.0005776
RDN/BTC,1579619362994,2020-01-21T15:09:22.994Z,buy,1.444e-05,40.0,0.0005776
RDN/BTC,1579619692536,2020-01-21T15:14:52.536Z,buy,1.442e-05,63.0,0.0009084599999999
RDN/BTC,1579619692589,2020-01-21T15:14:52.589Z,buy,1.442e-05,25.0,0.0003605
RDN/BTC,1579620175412,2020-01-21T15:22:55.412Z,buy,1.444e-05,17.0,0.00024548
RDN/BTC,1579620175412,2020-01-21T15:22:55.412Z,buy,1.447e-05,8.0,0.00011576
RDN/BTC,1579620175412,2020-01-21T15:22:55.412Z,buy,1.448e-05,115.0,0.0016652
RDN/BTC,1579620351128,2020-01-21T15:25:51.128Z,sell,1.439e-05,187.0,0.00269093
RDN/BTC,1579620358417,2020-01-21T15:25:58.417Z,sell,1.439e-05,740.0,0.0106486
RDN/BTC,1579620389765,2020-01-21T15:26:29.765Z,buy,1.446e-05,2.0,2.892e-05
RDN/BTC,1579620579097,2020-01-21T15:29:39.097Z,sell,1.437e-05,1321.0,0.01898277
RDN/BTC,1579620579104,2020-01-21T15:29:39.104Z,buy,1.437e-05,1073.0,0.01541901
RDN/BTC,1579620579145,2020-01-21T15:29:39.145Z,sell,1.437e-05,803.0,0.01153911
RDN/BTC,1579620579145,2020-01-21T15:29:39.145Z,sell,1.431e-05,270.0,0.0038637
RDN/BTC,1579621047337,2020-01-21T15:37:27.337Z,buy,1.44e-05,9.0,0.0001296
RDN/BTC,1579621047337,2020-01-21T15:37:27.337Z,buy,1.441e-05,352.0,0.00507232
RDN/BTC,1579621047337,2020-01-21T15:37:27.337Z,buy,1.443e-05,1410.0,0.0203463
RDN/BTC,1579621371043,2020-01-21T15:42:51.043Z,buy,1.443e-05,759.0,0.01095237
RDN/BTC,1579621373069,2020-01-21T15:42:53.069Z,buy,1.442e-05,296.0,0.00426832
RDN/BTC,1579621563678,2020-01-21T15:46:03.678Z,buy,1.442e-05,21.0,0.00030282
RDN/BTC,1579621563678,2020-01-21T15:46:03.678Z,buy,1.442e-05,21.0,0.00030282
RDN/BTC,1579622391160,2020-01-21T15:59:51.160Z,sell,1.435e-05,7.0,0.00010045
RDN/BTC,1579622391160,2020-01-21T15:59:51.160Z,sell,1.432e-05,27.0,0.00038664
RDN/BTC,1579623160086,2020-01-21T16:12:40.086Z,sell,1.432e-05,7.0,0.00010024
RDN/BTC,1579623160086,2020-01-21T16:12:40.086Z,sell,1.43e-05,9.0,0.0001287
RDN/BTC,1579623160086,2020-01-21T16:12:40.086Z,sell,1.428e-05,629.0,0.00898212
RDN/BTC,1579624278079,2020-01-21T16:31:18.079Z,sell,1.429e-05,270.0,0.0038583
RDN/BTC,1579624278079,2020-01-21T16:31:18.079Z,sell,1.428e-05,6250.0,0.08925
RDN/BTC,1579624278089,2020-01-21T16:31:18.089Z,buy,1.428e-05,10.0,0.0001428
RDN/BTC,1579624278127,2020-01-21T16:31:18.127Z,buy,1.428e-05,160.0,0.0022848
RDN/BTC,1579624278172,2020-01-21T16:31:18.172Z,buy,1.428e-05,489.0,0.00698292
RDN/BTC,1579624278887,2020-01-21T16:31:18.887Z,buy,1.436e-05,504.0,0.0072374399999999
RDN/BTC,1579624550559,2020-01-21T16:35:50.559Z,sell,1.428e-05,368.0,0.00525504
RDN/BTC,1579624972239,2020-01-21T16:42:52.239Z,sell,1.428e-05,663.0,0.00946764
RDN/BTC,1579625151636,2020-01-21T16:45:51.636Z,buy,1.435e-05,1029.0,0.01476615
RDN/BTC,1579625151636,2020-01-21T16:45:51.636Z,buy,1.435e-05,1029.0,0.01476615
RDN/BTC,1579625783183,2020-01-21T16:56:23.183Z,buy,1.435e-05,200.0,0.00287
RDN/BTC,1579625783961,2020-01-21T16:56:23.961Z,buy,1.435e-05,200.0,0.00287
RDN/BTC,1579625785372,2020-01-21T16:56:25.372Z,buy,1.435e-05,200.0,0.00287
RDN/BTC,1579625785487,2020-01-21T16:56:25.487Z,buy,1.435e-05,736.0,0.0105615999999999
RDN/BTC,1579625785487,2020-01-21T16:56:25.487Z,buy,1.437e-05,27.0,0.00038799
RDN/BTC,1579625785530,2020-01-21T16:56:25.530Z,sell,1.437e-05,54.0,0.00077598
RDN/BTC,1579625785644,2020-01-21T16:56:25.644Z,sell,1.428e-05,26.0,0.00037128
RDN/BTC,1579625802259,2020-01-21T16:56:42.259Z,buy,1.438e-05,323.0,0.00464474
RDN/BTC,1579625822488,2020-01-21T16:57:02.488Z,buy,1.439e-05,1550.0,0.0223044999999999
RDN/BTC,1579625867362,2020-01-21T16:57:47.362Z,buy,1.439e-05,514.0,0.00739646
RDN/BTC,1579625939799,2020-01-21T16:58:59.799Z,buy,1.44e-05,5708.0,0.0821952
RDN/BTC,1579625939799,2020-01-21T16:58:59.799Z,buy,1.441e-05,1336.0,0.01925176
RDN/BTC,1579626146314,2020-01-21T17:02:26.314Z,sell,1.431e-05,460.0,0.0065826
RDN/BTC,1579627383426,2020-01-21T17:23:03.426Z,sell,1.431e-05,122.0,0.00174582
RDN/BTC,1579627383426,2020-01-21T17:23:03.426Z,sell,1.43e-05,1190.0,0.017017
RDN/BTC,1579627388985,2020-01-21T17:23:08.985Z,sell,1.431e-05,69.0,0.00098739
RDN/BTC,1579627388985,2020-01-21T17:23:08.985Z,sell,1.43e-05,2254.0,0.0322322
RDN/BTC,1579627389008,2020-01-21T17:23:09.008Z,buy,1.439e-05,2.0,2.878e-05
RDN/BTC,1579627501614,2020-01-21T17:25:01.614Z,sell,1.431e-05,427.0,0.00611037
RDN/BTC,1579627501614,2020-01-21T17:25:01.614Z,sell,1.43e-05,809.0,0.0115687
RDN/BTC,1579627501614,2020-01-21T17:25:01.614Z,sell,1.429e-05,348.0,0.00497292
RDN/BTC,1579627501614,2020-01-21T17:25:01.614Z,sell,1.427e-05,1649.0,0.02353123
RDN/BTC,1579627502047,2020-01-21T17:25:02.047Z,buy,1.434e-05,348.0,0.00499032
RDN/BTC,1579627507069,2020-01-21T17:25:07.069Z,sell,1.428e-05,348.0,0.00496944
RDN/BTC,1579627507069,2020-01-21T17:25:07.069Z,sell,1.427e-05,1975.0,0.02818325
RDN/BTC,1579627524913,2020-01-21T17:25:24.913Z,sell,1.427e-05,910.0,0.0129857
RDN/BTC,1579627528203,2020-01-21T17:25:28.203Z,sell,1.427e-05,633.0,0.00903291
RDN/BTC,1579627531312,2020-01-21T17:25:31.312Z,sell,1.427e-05,525.0,0.00749175
RDN/BTC,1579627534387,2020-01-21T17:25:34.387Z,sell,1.427e-05,578.0,0.00824806
RDN/BTC,1579627534387,2020-01-21T17:25:34.387Z,sell,1.426e-05,85.0,0.0012121
RDN/BTC,1579627538111,2020-01-21T17:25:38.111Z,sell,1.425e-05,82.0,0.0011685
RDN/BTC,1579627538111,2020-01-21T17:25:38.111Z,sell,1.424e-05,453.0,0.00645072
RDN/BTC,1579627542082,2020-01-21T17:25:42.082Z,sell,1.424e-05,663.0,0.0094411199999999
RDN/BTC,1579627548242,2020-01-21T17:25:48.242Z,sell,1.424e-05,4262.0,0.0606908799999999
RDN/BTC,1579627565045,2020-01-21T17:26:05.045Z,buy,1.427e-05,15867.0,0.22642209
RDN/BTC,1579627779192,2020-01-21T17:29:39.192Z,buy,1.429e-05,29.0,0.00041441
RDN/BTC,1579627779192,2020-01-21T17:29:39.192Z,buy,1.433e-05,329.0,0.00471457
RDN/BTC,1579627840183,2020-01-21T17:30:40.183Z,buy,1.433e-05,19.0,0.00027227
RDN/BTC,1579627843887,2020-01-21T17:30:43.887Z,sell,1.433e-05,5255.0,0.07530415
RDN/BTC,1579627848454,2020-01-21T17:30:48.454Z,sell,1.433e-05,424.0,0.00607592
RDN/BTC,1579627850964,2020-01-21T17:30:50.964Z,sell,1.433e-05,636.0,0.00911388
RDN/BTC,1579627855218,2020-01-21T17:30:55.218Z,sell,1.433e-05,887.0,0.01271071
RDN/BTC,1579627863117,2020-01-21T17:31:03.117Z,sell,1.433e-05,22.0,0.00031526
RDN/BTC,1579627866138,2020-01-21T17:31:06.138Z,sell,1.433e-05,21.0,0.00030093
RDN/BTC,1579627866138,2020-01-21T17:31:06.138Z,sell,1.433e-05,189.0,0.00270837
RDN/BTC,1579627866142,2020-01-21T17:31:06.142Z,sell,1.433e-05,88.0,0.00126104
RDN/BTC,1579627866154,2020-01-21T17:31:06.154Z,sell,1.433e-05,264.0,0.00378312
RDN/BTC,1579627875331,2020-01-21T17:31:15.331Z,buy,1.434e-05,22.0,0.00031548
RDN/BTC,1579627875331,2020-01-21T17:31:15.331Z,buy,1.435e-05,3197.0,0.04587695
RDN/BTC,1579627879647,2020-01-21T17:31:19.647Z,sell,1.433e-05,1163.0,0.01666579
RDN/BTC,1579627883511,2020-01-21T17:31:23.511Z,sell,1.433e-05,55.0,0.00078815
RDN/BTC,1579627885463,2020-01-21T17:31:25.463Z,sell,1.433e-05,33.0,0.00047289
RDN/BTC,1579627887925,2020-01-21T17:31:27.925Z,sell,1.433e-05,26.0,0.00037258
RDN/BTC,1579627896859,2020-01-21T17:31:36.859Z,sell,1.433e-05,8.0,0.00011464
RDN/BTC,1579627898751,2020-01-21T17:31:38.751Z,sell,1.433e-05,8.0,0.00011464
RDN/BTC,1579627901726,2020-01-21T17:31:41.726Z,sell,1.433e-05,68.0,0.00097444
RDN/BTC,1579627905720,2020-01-21T17:31:45.720Z,sell,1.433e-05,1422.0,0.02037726
RDN/BTC,1579627961867,2020-01-21T17:32:41.867Z,sell,1.433e-05,66.0,0.00094578
RDN/BTC,1579627961867,2020-01-21T17:32:41.867Z,sell,1.433e-05,66.0,0.00094578
RDN/BTC,1579628945685,2020-01-21T17:49:05.685Z,sell,1.434e-05,7.0,0.00010038
RDN/BTC,1579629172393,2020-01-21T17:52:52.393Z,sell,1.434e-05,100.0,0.001434
RDN/BTC,1579630391103,2020-01-21T18:13:11.103Z,sell,1.434e-05,664.0,0.00952176
RDN/BTC,1579631141136,2020-01-21T18:25:41.136Z,sell,1.435e-05,200.0,0.00287
RDN/BTC,1579631141136,2020-01-21T18:25:41.136Z,sell,1.433e-05,698.0,0.01000234
RDN/BTC,1579631146376,2020-01-21T18:25:46.376Z,sell,1.433e-05,8.0,0.00011464
RDN/BTC,1579631148557,2020-01-21T18:25:48.557Z,sell,1.433e-05,8.0,0.00011464
RDN/BTC,1579631150160,2020-01-21T18:25:50.160Z,sell,1.434e-05,8.0,0.00011472
RDN/BTC,1579631150682,2020-01-21T18:25:50.682Z,sell,1.434e-05,8.0,0.00011472
RDN/BTC,1579631168289,2020-01-21T18:26:08.289Z,buy,1.439e-05,285.0,0.00410115
RDN/BTC,1579631168289,2020-01-21T18:26:08.289Z,buy,1.441e-05,32.0,0.00046112
RDN/BTC,1579631168289,2020-01-21T18:26:08.289Z,buy,1.446e-05,2119.0,0.03064074
RDN/BTC,1579631168289,2020-01-21T18:26:08.289Z,buy,1.448e-05,1560.0,0.0225888
RDN/BTC,1579631168289,2020-01-21T18:26:08.289Z,buy,1.449e-05,19457.0,0.28193193
RDN/BTC,1579631168289,2020-01-21T18:26:08.289Z,buy,1.45e-05,4200.0,0.0609
RDN/BTC,1579631168289,2020-01-21T18:26:08.289Z,buy,1.451e-05,5491.0,0.07967441
RDN/BTC,1579631168289,2020-01-21T18:26:08.289Z,buy,1.452e-05,4300.0,0.062436
RDN/BTC,1579631184029,2020-01-21T18:26:24.029Z,sell,1.44e-05,8.0,0.0001152
RDN/BTC,1579631185259,2020-01-21T18:26:25.259Z,sell,1.44e-05,8.0,0.0001152
RDN/BTC,1579631186402,2020-01-21T18:26:26.402Z,sell,1.44e-05,8.0,0.0001152
RDN/BTC,1579631187562,2020-01-21T18:26:27.562Z,sell,1.44e-05,8.0,0.0001152
RDN/BTC,1579631220091,2020-01-21T18:27:00.091Z,sell,1.442e-05,7.0,0.0001009399999999
RDN/BTC,1579631220091,2020-01-21T18:27:00.091Z,sell,1.441e-05,260.0,0.0037465999999999
RDN/BTC,1579631232964,2020-01-21T18:27:12.964Z,sell,1.439e-05,70.0,0.0010073
RDN/BTC,1579631263249,2020-01-21T18:27:43.249Z,buy,1.441e-05,2.0,2.882e-05
RDN/BTC,1579631263257,2020-01-21T18:27:43.257Z,buy,1.441e-05,9906.0,0.14274546
RDN/BTC,1579631263257,2020-01-21T18:27:43.257Z,buy,1.441e-05,9906.0,0.14274546
RDN/BTC,1579631659034,2020-01-21T18:34:19.034Z,sell,1.439e-05,419.0,0.00602941
RDN/BTC,1579631927884,2020-01-21T18:38:47.884Z,buy,1.44e-05,8.0,0.0001152
RDN/BTC,1579632918474,2020-01-21T18:55:18.474Z,buy,1.44e-05,323.0,0.0046511999999999
RDN/BTC,1579632918474,2020-01-21T18:55:18.474Z,buy,1.441e-05,17023.0,0.24530143
RDN/BTC,1579632918474,2020-01-21T18:55:18.474Z,buy,1.445e-05,1253.0,0.01810585
RDN/BTC,1579632929695,2020-01-21T18:55:29.695Z,sell,1.434e-05,34.0,0.00048756
RDN/BTC,1579633115929,2020-01-21T18:58:35.929Z,sell,1.433e-05,279.0,0.00399807
RDN/BTC,1579633138710,2020-01-21T18:58:58.710Z,sell,1.431e-05,44.0,0.00062964
RDN/BTC,1579633153294,2020-01-21T18:59:13.294Z,sell,1.43e-05,9.0,0.0001287
RDN/BTC,1579633164730,2020-01-21T18:59:24.730Z,sell,1.429e-05,632.0,0.00903128
RDN/BTC,1579633325307,2020-01-21T19:02:05.307Z,buy,1.438e-05,30.0,0.0004313999999999
RDN/BTC,1579633438350,2020-01-21T19:03:58.350Z,buy,1.438e-05,2.0,2.876e-05
RDN/BTC,1579633438350,2020-01-21T19:03:58.350Z,buy,1.439e-05,50.0,0.0007195
RDN/BTC,1579633438350,2020-01-21T19:03:58.350Z,buy,1.445e-05,3.0,4.335e-05
RDN/BTC,1579633529735,2020-01-21T19:05:29.735Z,buy,1.445e-05,7.0,0.00010115
RDN/BTC,1579633529735,2020-01-21T19:05:29.735Z,buy,1.447e-05,100.0,0.001447
RDN/BTC,1579633805057,2020-01-21T19:10:05.057Z,sell,1.435e-05,224.0,0.0032144
RDN/BTC,1579633805057,2020-01-21T19:10:05.057Z,sell,1.434e-05,348.0,0.00499032
RDN/BTC,1579633810845,2020-01-21T19:10:10.845Z,sell,1.434e-05,2324.0,0.03332616
RDN/BTC,1579633814883,2020-01-21T19:10:14.883Z,sell,1.434e-05,8.0,0.00011472
RDN/BTC,1579633816057,2020-01-21T19:10:16.057Z,sell,1.434e-05,8.0,0.00011472
RDN/BTC,1579633818201,2020-01-21T19:10:18.201Z,sell,1.434e-05,12.0,0.00017208
RDN/BTC,1579633819388,2020-01-21T19:10:19.388Z,sell,1.434e-05,12.0,0.00017208
RDN/BTC,1579633820909,2020-01-21T19:10:20.909Z,sell,1.434e-05,12.0,0.00017208
RDN/BTC,1579634627445,2020-01-21T19:23:47.445Z,buy,1.439e-05,348.0,0.00500772
RDN/BTC,1579634627445,2020-01-21T19:23:47.445Z,buy,1.445e-05,652.0,0.0094214
RDN/BTC,1579634632306,2020-01-21T19:23:52.306Z,buy,1.445e-05,322.0,0.0046529
RDN/BTC,1579634638602,2020-01-21T19:23:58.602Z,sell,1.445e-05,38.0,0.0005491
RDN/BTC,1579634638672,2020-01-21T19:23:58.672Z,sell,1.445e-05,115.0,0.00166175
RDN/BTC,1579634644706,2020-01-21T19:24:04.706Z,buy,1.448e-05,9.0,0.00013032
RDN/BTC,1579634644706,2020-01-21T19:24:04.706Z,buy,1.45e-05,9.0,0.0001305
RDN/BTC,1579634644706,2020-01-21T19:24:04.706Z,buy,1.453e-05,278.0,0.00403934
RDN/BTC,1579634644706,2020-01-21T19:24:04.706Z,buy,1.454e-05,543.0,0.00789522
RDN/BTC,1579634644706,2020-01-21T19:24:04.706Z,buy,1.456e-05,20.0,0.0002912
RDN/BTC,1579634644706,2020-01-21T19:24:04.706Z,buy,1.457e-05,680.0,0.0099075999999999
RDN/BTC,1579634644706,2020-01-21T19:24:04.706Z,buy,1.458e-05,1461.0,0.0213013799999999
RDN/BTC,1579634644706,2020-01-21T19:24:04.706Z,buy,1.458e-05,26.0,0.0003790799999999
RDN/BTC,1579634655107,2020-01-21T19:24:15.107Z,buy,1.455e-05,413.0,0.0060091499999999
RDN/BTC,1579634655107,2020-01-21T19:24:15.107Z,buy,1.458e-05,186.0,0.00271188
RDN/BTC,1579634655107,2020-01-21T19:24:15.107Z,buy,1.459e-05,280.0,0.0040852
RDN/BTC,1579634655107,2020-01-21T19:24:15.107Z,buy,1.46e-05,577.0,0.0084242
RDN/BTC,1579634655107,2020-01-21T19:24:15.107Z,buy,1.461e-05,1268.0,0.01852548
RDN/BTC,1579634655117,2020-01-21T19:24:15.117Z,sell,1.461e-05,276.0,0.00403236
RDN/BTC,1579634658124,2020-01-21T19:24:18.124Z,sell,1.449e-05,190.0,0.0027531
RDN/BTC,1579634660451,2020-01-21T19:24:20.451Z,sell,1.448e-05,9.0,0.00013032
RDN/BTC,1579634660451,2020-01-21T19:24:20.451Z,sell,1.445e-05,25.0,0.00036125
RDN/BTC,1579634660451,2020-01-21T19:24:20.451Z,sell,1.442e-05,607.0,0.0087529399999999
RDN/BTC,1579634660451,2020-01-21T19:24:20.451Z,sell,1.439e-05,2150.0,0.0309384999999999
RDN/BTC,1579634661415,2020-01-21T19:24:21.415Z,sell,1.442e-05,10.0,0.0001441999999999
RDN/BTC,1579634661418,2020-01-21T19:24:21.418Z,sell,1.442e-05,10.0,0.0001441999999999
RDN/BTC,1579634669859,2020-01-21T19:24:29.859Z,buy,1.448e-05,9.0,0.00013032
RDN/BTC,1579634669859,2020-01-21T19:24:29.859Z,buy,1.454e-05,190.0,0.0027626
RDN/BTC,1579634669859,2020-01-21T19:24:29.859Z,buy,1.455e-05,2747.0,0.03996885
RDN/BTC,1579634669859,2020-01-21T19:24:29.859Z,buy,1.456e-05,29.0,0.00042224
RDN/BTC,1579634670019,2020-01-21T19:24:30.019Z,sell,1.456e-05,25.0,0.000364
RDN/BTC,1579634670947,2020-01-21T19:24:30.947Z,sell,1.449e-05,173.0,0.00250677
RDN/BTC,1579634671042,2020-01-21T19:24:31.042Z,sell,1.449e-05,457.0,0.00662193
RDN/BTC,1579634674267,2020-01-21T19:24:34.267Z,buy,1.456e-05,92.0,0.0013395199999999
RDN/BTC,1579634675514,2020-01-21T19:24:35.514Z,buy,1.456e-05,92.0,0.0013395199999999
RDN/BTC,1579634676124,2020-01-21T19:24:36.124Z,sell,1.448e-05,38.0,0.00055024
RDN/BTC,1579634676137,2020-01-21T19:24:36.137Z,sell,1.448e-05,114.0,0.00165072
RDN/BTC,1579634684667,2020-01-21T19:24:44.667Z,buy,1.456e-05,104.0,0.00151424
RDN/BTC,1579634684667,2020-01-21T19:24:44.667Z,buy,1.463e-05,163.0,0.00238469
RDN/BTC,1579634684667,2020-01-21T19:24:44.667Z,buy,1.464e-05,733.0,0.01073112
RDN/BTC,1579634690406,2020-01-21T19:24:50.406Z,buy,1.463e-05,775.0,0.01133825
RDN/BTC,1579634690406,2020-01-21T19:24:50.406Z,buy,1.464e-05,1517.0,0.02220888
RDN/BTC,1579634690406,2020-01-21T19:24:50.406Z,buy,1.465e-05,29.0,0.00042485
RDN/BTC,1579634690414,2020-01-21T19:24:50.414Z,sell,1.465e-05,179.0,0.00262235
RDN/BTC,1579634691972,2020-01-21T19:24:51.972Z,buy,1.463e-05,800.0,0.011704
RDN/BTC,1579634691972,2020-01-21T19:24:51.972Z,buy,1.466e-05,398.0,0.00583468
RDN/BTC,1579634691972,2020-01-21T19:24:51.972Z,buy,1.468e-05,162.0,0.00237816
RDN/BTC,1579634692236,2020-01-21T19:24:52.236Z,sell,1.457e-05,243.0,0.0035405099999999
RDN/BTC,1579634694474,2020-01-21T19:24:54.474Z,buy,1.467e-05,243.0,0.00356481
RDN/BTC,1579634694474,2020-01-21T19:24:54.474Z,buy,1.468e-05,441.0,0.00647388
RDN/BTC,1579634695085,2020-01-21T19:24:55.085Z,sell,1.456e-05,9.0,0.00013104
RDN/BTC,1579634695085,2020-01-21T19:24:55.085Z,sell,1.451e-05,102.0,0.00148002
RDN/BTC,1579634697204,2020-01-21T19:24:57.204Z,buy,1.456e-05,102.0,0.00148512
RDN/BTC,1579634697204,2020-01-21T19:24:57.204Z,buy,1.465e-05,9.0,0.00013185
RDN/BTC,1579634697204,2020-01-21T19:24:57.204Z,buy,1.467e-05,11.0,0.00016137
RDN/BTC,1579634697204,2020-01-21T19:24:57.204Z,buy,1.468e-05,219.0,0.00321492
RDN/BTC,1579634697970,2020-01-21T19:24:57.970Z,buy,1.468e-05,598.0,0.00877864
RDN/BTC,1579634698082,2020-01-21T19:24:58.082Z,buy,1.468e-05,1225.0,0.017983
RDN/BTC,1579634698089,2020-01-21T19:24:58.089Z,sell,1.468e-05,775.0,0.011377
RDN/BTC,1579634699002,2020-01-21T19:24:59.002Z,buy,1.461e-05,40.0,0.0005844
RDN/BTC,1579634699002,2020-01-21T19:24:59.002Z,buy,1.466e-05,68.0,0.00099688
RDN/BTC,1579634699439,2020-01-21T19:24:59.439Z,sell,1.457e-05,418.0,0.00609026
RDN/BTC,1579634699710,2020-01-21T19:24:59.710Z,buy,1.465e-05,117.0,0.00171405
RDN/BTC,1579634699710,2020-01-21T19:24:59.710Z,buy,1.466e-05,50.0,0.000733
RDN/BTC,1579634700060,2020-01-21T19:25:00.060Z,sell,1.457e-05,110.0,0.0016026999999999
RDN/BTC,1579634700306,2020-01-21T19:25:00.306Z,sell,1.457e-05,305.0,0.00444385
RDN/BTC,1579634701935,2020-01-21T19:25:01.935Z,buy,1.465e-05,84.0,0.0012306
RDN/BTC,1579634703130,2020-01-21T19:25:03.130Z,buy,1.465e-05,26.0,0.0003809
RDN/BTC,1579634703130,2020-01-21T19:25:03.130Z,buy,1.466e-05,58.0,0.00085028
RDN/BTC,1579634714863,2020-01-21T19:25:14.863Z,buy,1.466e-05,204.0,0.00299064
RDN/BTC,1579634714863,2020-01-21T19:25:14.863Z,buy,1.467e-05,305.0,0.00447435
RDN/BTC,1579634714874,2020-01-21T19:25:14.874Z,sell,1.467e-05,95.0,0.00139365
RDN/BTC,1579634714892,2020-01-21T19:25:14.892Z,sell,1.467e-05,1396.0,0.02047932
RDN/BTC,1579634715036,2020-01-21T19:25:15.036Z,sell,1.457e-05,371.0,0.00540547
RDN/BTC,1579634718812,2020-01-21T19:25:18.812Z,buy,1.462e-05,109.0,0.00159358
RDN/BTC,1579634722642,2020-01-21T19:25:22.642Z,buy,1.462e-05,239.0,0.00349418
RDN/BTC,1579634722691,2020-01-21T19:25:22.691Z,sell,1.467e-05,1538.0,0.02256246
RDN/BTC,1579634722911,2020-01-21T19:25:22.911Z,sell,1.457e-05,177.0,0.00257889
RDN/BTC,1579634723074,2020-01-21T19:25:23.074Z,sell,1.457e-05,104.0,0.00151528
RDN/BTC,1579634723234,2020-01-21T19:25:23.234Z,sell,1.456e-05,9.0,0.00013104
RDN/BTC,1579634723234,2020-01-21T19:25:23.234Z,sell,1.448e-05,9.0,0.00013032
RDN/BTC,1579634723234,2020-01-21T19:25:23.234Z,sell,1.447e-05,182.0,0.00263354
RDN/BTC,1579634723287,2020-01-21T19:25:23.287Z,sell,1.447e-05,134.0,0.00193898
RDN/BTC,1579634723287,2020-01-21T19:25:23.287Z,sell,1.445e-05,5.0,7.225000000000001e-05
RDN/BTC,1579634723287,2020-01-21T19:25:23.287Z,sell,1.447e-05,134.0,0.00193898
RDN/BTC,1579634723287,2020-01-21T19:25:23.287Z,sell,1.445e-05,5.0,7.225000000000001e-05
RDN/BTC,1579634907254,2020-01-21T19:28:27.254Z,sell,1.445e-05,739.0,0.01067855
RDN/BTC,1579634920560,2020-01-21T19:28:40.560Z,buy,1.445e-05,274.0,0.0039593
RDN/BTC,1579634921575,2020-01-21T19:28:41.575Z,sell,1.444e-05,177.0,0.00255588
RDN/BTC,1579634923231,2020-01-21T19:28:43.231Z,buy,1.445e-05,488.0,0.0070516
RDN/BTC,1579635071491,2020-01-21T19:31:11.491Z,sell,1.444e-05,335.0,0.0048374
RDN/BTC,1579635071491,2020-01-21T19:31:11.491Z,sell,1.443e-05,390.0,0.0056277
RDN/BTC,1579635096645,2020-01-21T19:31:36.645Z,sell,1.442e-05,75.0,0.0010815
RDN/BTC,1579635096645,2020-01-21T19:31:36.645Z,sell,1.441e-05,760.0,0.0109515999999999
RDN/BTC,1579635096645,2020-01-21T19:31:36.645Z,sell,1.44e-05,253.0,0.0036431999999999
RDN/BTC,1579635147818,2020-01-21T19:32:27.818Z,sell,1.44e-05,301.0,0.0043343999999999
RDN/BTC,1579635147818,2020-01-21T19:32:27.818Z,sell,1.439e-05,9.0,0.00012951
RDN/BTC,1579635147818,2020-01-21T19:32:27.818Z,sell,1.434e-05,234.0,0.00335556
RDN/BTC,1579635181631,2020-01-21T19:33:01.631Z,sell,1.437e-05,544.0,0.00781728
RDN/BTC,1579635181920,2020-01-21T19:33:01.920Z,sell,1.436e-05,597.0,0.00857292
RDN/BTC,1579635376838,2020-01-21T19:36:16.838Z,sell,1.434e-05,106.0,0.00152004
RDN/BTC,1579635519957,2020-01-21T19:38:39.957Z,buy,1.442e-05,12.0,0.0001730399999999
RDN/BTC,1579635524231,2020-01-21T19:38:44.231Z,buy,1.438e-05,12.0,0.00017256
RDN/BTC,1579635524279,2020-01-21T19:38:44.279Z,buy,1.438e-05,12.0,0.00017256
RDN/BTC,1579635529416,2020-01-21T19:38:49.416Z,buy,1.435e-05,238.0,0.0034153
RDN/BTC,1579635544449,2020-01-21T19:39:04.449Z,buy,1.434e-05,46.0,0.00065964
RDN/BTC,1579635547888,2020-01-21T19:39:07.888Z,buy,1.434e-05,2.0,2.868e-05
RDN/BTC,1579635548358,2020-01-21T19:39:08.358Z,sell,1.432e-05,11.0,0.00015752
RDN/BTC,1579635548358,2020-01-21T19:39:08.358Z,sell,1.431e-05,9.0,0.00012879
RDN/BTC,1579635664138,2020-01-21T19:41:04.138Z,buy,1.445e-05,38.0,0.0005491
RDN/BTC,1579635664138,2020-01-21T19:41:04.138Z,buy,1.448e-05,9.0,0.00013032
RDN/BTC,1579635664138,2020-01-21T19:41:04.138Z,buy,1.454e-05,11.0,0.00015994
RDN/BTC,1579635664138,2020-01-21T19:41:04.138Z,buy,1.456e-05,325.0,0.004732
RDN/BTC,1579635664138,2020-01-21T19:41:04.138Z,buy,1.457e-05,32.0,0.00046624
RDN/BTC,1579635664138,2020-01-21T19:41:04.138Z,buy,1.461e-05,232.0,0.00338952
RDN/BTC,1579635664138,2020-01-21T19:41:04.138Z,buy,1.462e-05,24.0,0.00035088
RDN/BTC,1579635695555,2020-01-21T19:41:35.555Z,sell,1.448e-05,26.0,0.00037648
RDN/BTC,1579635782152,2020-01-21T19:43:02.152Z,sell,1.443e-05,17.0,0.00024531
RDN/BTC,1579635964040,2020-01-21T19:46:04.040Z,sell,1.441e-05,22.0,0.00031702
RDN/BTC,1579636056917,2020-01-21T19:47:36.917Z,sell,1.441e-05,10.0,0.0001440999999999
RDN/BTC,1579636056917,2020-01-21T19:47:36.917Z,sell,1.439e-05,9.0,0.00012951
RDN/BTC,1579636056917,2020-01-21T19:47:36.917Z,sell,1.437e-05,112.0,0.00160944
RDN/BTC,1579636056917,2020-01-21T19:47:36.917Z,sell,1.436e-05,161.0,0.00231196
RDN/BTC,1579636056917,2020-01-21T19:47:36.917Z,sell,1.435e-05,1612.0,0.0231322
RDN/BTC,1579636056917,2020-01-21T19:47:36.917Z,sell,1.434e-05,516.0,0.00739944
RDN/BTC,1579636056917,2020-01-21T19:47:36.917Z,sell,1.433e-05,1222.0,0.01751126
RDN/BTC,1579636056917,2020-01-21T19:47:36.917Z,sell,1.432e-05,255.0,0.0036516
RDN/BTC,1579636056917,2020-01-21T19:47:36.917Z,sell,1.43e-05,9.0,0.0001287
RDN/BTC,1579636056917,2020-01-21T19:47:36.917Z,sell,1.429e-05,9.0,0.00012861
RDN/BTC,1579636056917,2020-01-21T19:47:36.917Z,sell,1.426e-05,13.0,0.00018538
RDN/BTC,1579636056917,2020-01-21T19:47:36.917Z,sell,1.425e-05,1250.0,0.0178125
RDN/BTC,1579636056917,2020-01-21T19:47:36.917Z,sell,1.424e-05,1430.0,0.0203631999999999
RDN/BTC,1579636056917,2020-01-21T19:47:36.917Z,sell,1.423e-05,117.0,0.00166491
RDN/BTC,1579636056917,2020-01-21T19:47:36.917Z,sell,1.422e-05,1288.0,0.01831536
RDN/BTC,1579636056917,2020-01-21T19:47:36.917Z,sell,1.421e-05,2089.0,0.02968469
RDN/BTC,1579636056917,2020-01-21T19:47:36.917Z,sell,1.42e-05,1147.0,0.0162874
RDN/BTC,1579636056917,2020-01-21T19:47:36.917Z,sell,1.418e-05,11.0,0.00015598
RDN/BTC,1579636056917,2020-01-21T19:47:36.917Z,sell,1.415e-05,4533.0,0.06414195
RDN/BTC,1579636056917,2020-01-21T19:47:36.917Z,sell,1.414e-05,1461.0,0.02065854
RDN/BTC,1579636056917,2020-01-21T19:47:36.917Z,sell,1.413e-05,1448.0,0.02046024
RDN/BTC,1579636056917,2020-01-21T19:47:36.917Z,sell,1.411e-05,694.0,0.00979234
RDN/BTC,1579636056917,2020-01-21T19:47:36.917Z,sell,1.41e-05,140.0,0.001974
RDN/BTC,1579636056917,2020-01-21T19:47:36.917Z,sell,1.409e-05,221.0,0.00311389
RDN/BTC,1579636057710,2020-01-21T19:47:37.710Z,sell,1.424e-05,111.0,0.00158064
RDN/BTC,1579636057761,2020-01-21T19:47:37.761Z,buy,1.427e-05,73.0,0.00104171
RDN/BTC,1579636057761,2020-01-21T19:47:37.761Z,buy,1.429e-05,186.0,0.00265794
RDN/BTC,1579636057819,2020-01-21T19:47:37.819Z,buy,1.429e-05,109.0,0.00155761
RDN/BTC,1579636058068,2020-01-21T19:47:38.068Z,buy,1.429e-05,29.0,0.00041441
RDN/BTC,1579636058171,2020-01-21T19:47:38.171Z,sell,1.43e-05,268.0,0.0038324
RDN/BTC,1579636058552,2020-01-21T19:47:38.552Z,buy,1.433e-05,9.0,0.00012897
RDN/BTC,1579636058552,2020-01-21T19:47:38.552Z,buy,1.434e-05,30.0,0.0004302
RDN/BTC,1579636058668,2020-01-21T19:47:38.668Z,buy,1.434e-05,200.0,0.002868
RDN/BTC,1579636059557,2020-01-21T19:47:39.557Z,buy,1.43e-05,9.0,0.0001287
RDN/BTC,1579636059557,2020-01-21T19:47:39.557Z,buy,1.434e-05,191.0,0.00273894
RDN/BTC,1579636060153,2020-01-21T19:47:40.153Z,buy,1.422e-05,9.0,0.00012798
RDN/BTC,1579636060316,2020-01-21T19:47:40.316Z,buy,1.434e-05,200.0,0.002868
RDN/BTC,1579636062591,2020-01-21T19:47:42.591Z,sell,1.42e-05,112.0,0.0015904
RDN/BTC,1579636063919,2020-01-21T19:47:43.919Z,buy,1.426e-05,17.0,0.00024242
RDN/BTC,1579636063919,2020-01-21T19:47:43.919Z,buy,1.429e-05,9.0,0.00012861
RDN/BTC,1579636063919,2020-01-21T19:47:43.919Z,buy,1.43e-05,9.0,0.0001287
RDN/BTC,1579636063919,2020-01-21T19:47:43.919Z,buy,1.434e-05,165.0,0.0023661
RDN/BTC,1579636064040,2020-01-21T19:47:44.040Z,buy,1.433e-05,21.0,0.00030093
RDN/BTC,1579636064040,2020-01-21T19:47:44.040Z,buy,1.434e-05,277.0,0.00397218
RDN/BTC,1579636064213,2020-01-21T19:47:44.213Z,buy,1.434e-05,298.0,0.00427332
RDN/BTC,1579636064924,2020-01-21T19:47:44.924Z,buy,1.434e-05,29.0,0.00041586
RDN/BTC,1579636064924,2020-01-21T19:47:44.924Z,buy,1.435e-05,171.0,0.00245385
RDN/BTC,1579636065703,2020-01-21T19:47:45.703Z,buy,1.435e-05,200.0,0.00287
RDN/BTC,1579636076735,2020-01-21T19:47:56.735Z,buy,1.435e-05,2.0,2.87e-05
RDN/BTC,1579636092549,2020-01-21T19:48:12.549Z,buy,1.433e-05,111.0,0.00159063
RDN/BTC,1579636092549,2020-01-21T19:48:12.549Z,buy,1.434e-05,1168.0,0.01674912
RDN/BTC,1579636092898,2020-01-21T19:48:12.898Z,buy,1.434e-05,2.0,2.868e-05
RDN/BTC,1579636095901,2020-01-21T19:48:15.901Z,buy,1.434e-05,109.0,0.00156306
RDN/BTC,1579636095901,2020-01-21T19:48:15.901Z,buy,1.435e-05,100.0,0.001435
RDN/BTC,1579636095901,2020-01-21T19:48:15.901Z,buy,1.436e-05,46.0,0.00066056
RDN/BTC,1579636110556,2020-01-21T19:48:30.556Z,buy,1.436e-05,84.0,0.00120624
RDN/BTC,1579636111425,2020-01-21T19:48:31.425Z,buy,1.436e-05,94.0,0.00134984
RDN/BTC,1579636111822,2020-01-21T19:48:31.822Z,buy,1.436e-05,200.0,0.002872
RDN/BTC,1579636116925,2020-01-21T19:48:36.925Z,buy,1.436e-05,75.0,0.001077
RDN/BTC,1579636133454,2020-01-21T19:48:53.454Z,buy,1.435e-05,410.0,0.0058835
RDN/BTC,1579636150484,2020-01-21T19:49:10.484Z,buy,1.435e-05,349.0,0.00500815
RDN/BTC,1579636167117,2020-01-21T19:49:27.117Z,buy,1.434e-05,117.0,0.00167778
RDN/BTC,1579636167117,2020-01-21T19:49:27.117Z,buy,1.435e-05,188.0,0.0026977999999999
RDN/BTC,1579636167117,2020-01-21T19:49:27.117Z,buy,1.436e-05,80.0,0.0011488
RDN/BTC,1579636192629,2020-01-21T19:49:52.629Z,buy,1.435e-05,192.0,0.0027552
RDN/BTC,1579636192629,2020-01-21T19:49:52.629Z,buy,1.436e-05,724.0,0.01039664
RDN/BTC,1579636213268,2020-01-21T19:50:13.268Z,buy,1.435e-05,571.0,0.0081938499999999
RDN/BTC,1579636383591,2020-01-21T19:53:03.591Z,buy,1.439e-05,358.0,0.00515162
RDN/BTC,1579636558835,2020-01-21T19:55:58.835Z,sell,1.43e-05,9.0,0.0001287
RDN/BTC,1579636563481,2020-01-21T19:56:03.481Z,buy,1.424e-05,103.0,0.00146672
RDN/BTC,1579636564138,2020-01-21T19:56:04.138Z,sell,1.425e-05,16.0,0.000228
RDN/BTC,1579636564138,2020-01-21T19:56:04.138Z,sell,1.424e-05,89.0,0.00126736
RDN/BTC,1579636588763,2020-01-21T19:56:28.763Z,sell,1.426e-05,37.0,0.00052762
RDN/BTC,1579636588763,2020-01-21T19:56:28.763Z,sell,1.425e-05,59.0,0.00084075
RDN/BTC,1579636633167,2020-01-21T19:57:13.167Z,sell,1.425e-05,96.0,0.001368
RDN/BTC,1579636658774,2020-01-21T19:57:38.774Z,buy,1.434e-05,330.0,0.0047322
RDN/BTC,1579636728784,2020-01-21T19:58:48.784Z,buy,1.436e-05,2.0,2.872e-05
RDN/BTC,1579636845400,2020-01-21T20:00:45.400Z,buy,1.436e-05,104.0,0.00149344
RDN/BTC,1579636998155,2020-01-21T20:03:18.155Z,buy,1.436e-05,952.0,0.0136707199999999
RDN/BTC,1579636998155,2020-01-21T20:03:18.155Z,buy,1.439e-05,9.0,0.00012951
RDN/BTC,1579636998155,2020-01-21T20:03:18.155Z,buy,1.441e-05,1254.0,0.01807014
RDN/BTC,1579636998155,2020-01-21T20:03:18.155Z,buy,1.446e-05,265.0,0.0038319
RDN/BTC,1579637001526,2020-01-21T20:03:21.526Z,buy,1.446e-05,691.0,0.00999186
RDN/BTC,1579637008826,2020-01-21T20:03:28.826Z,buy,1.446e-05,138.0,0.00199548
RDN/BTC,1579637010257,2020-01-21T20:03:30.257Z,buy,1.446e-05,7.0,0.00010122
RDN/BTC,1579637434242,2020-01-21T20:10:34.242Z,buy,1.444e-05,9.0,0.00012996
RDN/BTC,1579637446397,2020-01-21T20:10:46.397Z,sell,1.444e-05,2.0,2.888e-05
RDN/BTC,1579637446397,2020-01-21T20:10:46.397Z,sell,1.436e-05,343.0,0.00492548
RDN/BTC,1579637699883,2020-01-21T20:14:59.883Z,sell,1.441e-05,283.0,0.00407803
RDN/BTC,1579637767003,2020-01-21T20:16:07.003Z,sell,1.435e-05,265.0,0.00380275
RDN/BTC,1579637767009,2020-01-21T20:16:07.009Z,sell,1.435e-05,88.0,0.0012628
RDN/BTC,1579637767694,2020-01-21T20:16:07.694Z,sell,1.435e-05,270.0,0.0038745
RDN/BTC,1579637767716,2020-01-21T20:16:07.716Z,sell,1.435e-05,175.0,0.00251125
RDN/BTC,1579637793899,2020-01-21T20:16:33.899Z,sell,1.436e-05,92.0,0.00132112
RDN/BTC,1579637793899,2020-01-21T20:16:33.899Z,sell,1.436e-05,92.0,0.00132112
RDN/BTC,1579638634433,2020-01-21T20:30:34.433Z,sell,1.436e-05,186.0,0.00267096
RDN/BTC,1579639183004,2020-01-21T20:39:43.004Z,buy,1.444e-05,2.0,2.888e-05
RDN/BTC,1579639430172,2020-01-21T20:43:50.172Z,sell,1.434e-05,624.0,0.00894816
RDN/BTC,1579639463279,2020-01-21T20:44:23.279Z,buy,1.44e-05,2.0,2.88e-05
RDN/BTC,1579639555004,2020-01-21T20:45:55.004Z,buy,1.44e-05,2.0,2.88e-05
RDN/BTC,1579639598360,2020-01-21T20:46:38.360Z,sell,1.433e-05,1547.0,0.02216851
RDN/BTC,1579639612327,2020-01-21T20:46:52.327Z,sell,1.433e-05,151.0,0.00216383
RDN/BTC,1579639807371,2020-01-21T20:50:07.371Z,sell,1.433e-05,180.0,0.0025794
RDN/BTC,1579639821017,2020-01-21T20:50:21.017Z,sell,1.432e-05,139.0,0.00199048
RDN/BTC,1579639822050,2020-01-21T20:50:22.050Z,sell,1.431e-05,83.0,0.00118773
RDN/BTC,1579640334508,2020-01-21T20:58:54.508Z,sell,1.434e-05,152.0,0.00217968
RDN/BTC,1579640334508,2020-01-21T20:58:54.508Z,sell,1.433e-05,533.0,0.00763789
RDN/BTC,1579640334717,2020-01-21T20:58:54.717Z,buy,1.438e-05,8.0,0.00011504
RDN/BTC,1579640403897,2020-01-21T21:00:03.897Z,buy,1.437e-05,8.0,0.00011496
RDN/BTC,1579640403961,2020-01-21T21:00:03.961Z,sell,1.437e-05,83.0,0.00119271
RDN/BTC,1579640405128,2020-01-21T21:00:05.128Z,sell,1.437e-05,170.0,0.0024429
RDN/BTC,1579640406184,2020-01-21T21:00:06.184Z,sell,1.437e-05,159.0,0.00228483
RDN/BTC,1579640412348,2020-01-21T21:00:12.348Z,sell,1.437e-05,502.0,0.00721374
RDN/BTC,1579640413594,2020-01-21T21:00:13.594Z,sell,1.437e-05,200.0,0.002874
RDN/BTC,1579640414377,2020-01-21T21:00:14.377Z,sell,1.437e-05,200.0,0.002874
RDN/BTC,1579640414439,2020-01-21T21:00:14.439Z,sell,1.437e-05,188.0,0.00270156
RDN/BTC,1579640414477,2020-01-21T21:00:14.477Z,sell,1.437e-05,639.0,0.00918243
RDN/BTC,1579640426403,2020-01-21T21:00:26.403Z,sell,1.433e-05,185.0,0.00265105
RDN/BTC,1579640511247,2020-01-21T21:01:51.247Z,sell,1.433e-05,174.0,0.00249342
RDN/BTC,1579640525917,2020-01-21T21:02:05.917Z,sell,1.432e-05,436.0,0.00624352
RDN/BTC,1579640528027,2020-01-21T21:02:08.027Z,sell,1.432e-05,436.0,0.00624352
RDN/BTC,1579640528730,2020-01-21T21:02:08.730Z,sell,1.432e-05,256.0,0.00366592
RDN/BTC,1579640529115,2020-01-21T21:02:09.115Z,sell,1.432e-05,436.0,0.00624352
RDN/BTC,1579640531297,2020-01-21T21:02:11.297Z,sell,1.432e-05,436.0,0.00624352
RDN/BTC,1579640557577,2020-01-21T21:02:37.577Z,sell,1.431e-05,295.0,0.00422145
RDN/BTC,1579640562374,2020-01-21T21:02:42.374Z,sell,1.431e-05,141.0,0.00201771
RDN/BTC,1579640562374,2020-01-21T21:02:42.374Z,sell,1.43e-05,135.0,0.0019305
RDN/BTC,1579640700014,2020-01-21T21:05:00.014Z,buy,1.438e-05,1.0,1.438e-05
RDN/BTC,1579640700014,2020-01-21T21:05:00.014Z,buy,1.439e-05,1.0,1.439e-05
RDN/BTC,1579640744265,2020-01-21T21:05:44.265Z,buy,1.439e-05,2.0,2.878e-05
RDN/BTC,1579640901009,2020-01-21T21:08:21.009Z,sell,1.43e-05,14.0,0.0002002
RDN/BTC,1579641030345,2020-01-21T21:10:30.345Z,sell,1.43e-05,60.0,0.000858
RDN/BTC,1579641074892,2020-01-21T21:11:14.892Z,sell,1.43e-05,2158.0,0.0308594
RDN/BTC,1579641113304,2020-01-21T21:11:53.304Z,buy,1.439e-05,2.0,2.878e-05
RDN/BTC,1579641113304,2020-01-21T21:11:53.304Z,buy,1.439e-05,2.0,2.878e-05
RDN/BTC,1579643278914,2020-01-21T21:47:58.914Z,sell,1.43e-05,50.0,0.000715
RDN/BTC,1579643385830,2020-01-21T21:49:45.830Z,sell,1.43e-05,599.0,0.0085657
RDN/BTC,1579643548900,2020-01-21T21:52:28.900Z,buy,1.427e-05,162.0,0.00231174
RDN/BTC,1579643550554,2020-01-21T21:52:30.554Z,buy,1.427e-05,100.0,0.001427
RDN/BTC,1579643671485,2020-01-21T21:54:31.485Z,buy,1.426e-05,808.0,0.01152208
RDN/BTC,1579643671485,2020-01-21T21:54:31.485Z,buy,1.427e-05,1159.0,0.01653893
RDN/BTC,1579643671485,2020-01-21T21:54:31.485Z,buy,1.428e-05,278.0,0.00396984
RDN/BTC,1579643690949,2020-01-21T21:54:50.949Z,buy,1.439e-05,4.0,5.756e-05
RDN/BTC,1579643690949,2020-01-21T21:54:50.949Z,buy,1.445e-05,196.0,0.0028322
RDN/BTC,1579643721685,2020-01-21T21:55:21.685Z,buy,1.446e-05,149.0,0.00215454
RDN/BTC,1579643721722,2020-01-21T21:55:21.722Z,sell,1.446e-05,72.0,0.00104112
RDN/BTC,1579644327741,2020-01-21T22:05:27.741Z,sell,1.434e-05,220.0,0.0031548
RDN/BTC,1579644327741,2020-01-21T22:05:27.741Z,sell,1.434e-05,220.0,0.0031548
RDN/BTC,1579645148418,2020-01-21T22:19:08.418Z,sell,1.436e-05,581.0,0.00834316
RDN/BTC,1579645208105,2020-01-21T22:20:08.105Z,sell,1.436e-05,7.0,0.0001005199999999
RDN/BTC,1579646967213,2020-01-21T22:49:27.213Z,sell,1.437e-05,278.0,0.00399486
RDN/BTC,1579646967227,2020-01-21T22:49:27.227Z,buy,1.436e-05,130.0,0.0018668
RDN/BTC,1579646967228,2020-01-21T22:49:27.228Z,buy,1.436e-05,169.0,0.00242684
RDN/BTC,1579647284316,2020-01-21T22:54:44.316Z,buy,1.435e-05,80.0,0.001148
RDN/BTC,1579647284316,2020-01-21T22:54:44.316Z,buy,1.436e-05,18808.0,0.2700828799999999
RDN/BTC,1579647718158,2020-01-21T23:01:58.158Z,sell,1.431e-05,380.0,0.0054378
RDN/BTC,1579647718158,2020-01-21T23:01:58.158Z,sell,1.431e-05,380.0,0.0054378
RDN/BTC,1579649645059,2020-01-21T23:34:05.059Z,sell,1.431e-05,7.0,0.00010017
RDN/BTC,1579651080549,2020-01-21T23:58:00.549Z,sell,1.43e-05,9.0,0.0001287
RDN/BTC,1579651080549,2020-01-21T23:58:00.549Z,sell,1.428e-05,130.0,0.0018564
RDN/BTC,1579651080549,2020-01-21T23:58:00.549Z,sell,1.43e-05,9.0,0.0001287
RDN/BTC,1579651080549,2020-01-21T23:58:00.549Z,sell,1.428e-05,130.0,0.0018564
RDN/BTC,1579651575804,2020-01-22T00:06:15.804Z,buy,1.438e-05,130.0,0.0018694
RDN/BTC,1579651575804,2020-01-22T00:06:15.804Z,buy,1.439e-05,22.0,0.00031658
RDN/BTC,1579651575954,2020-01-22T00:06:15.954Z,sell,1.441e-05,74.0,0.00106634
RDN/BTC,1579651606330,2020-01-22T00:06:46.330Z,buy,1.443e-05,8.0,0.00011544
RDN/BTC,1579651606381,2020-01-22T00:06:46.381Z,sell,1.443e-05,16.0,0.00023088
RDN/BTC,1579651630070,2020-01-22T00:07:10.070Z,sell,1.443e-05,56.0,0.00080808
RDN/BTC,1579653642482,2020-01-22T00:40:42.482Z,buy,1.443e-05,7.0,0.00010101
RDN/BTC,1579653642482,2020-01-22T00:40:42.482Z,buy,1.444e-05,473.0,0.00683012
RDN/BTC,1579653758765,2020-01-22T00:42:38.765Z,buy,1.444e-05,7.0,0.00010108
RDN/BTC,1579653758765,2020-01-22T00:42:38.765Z,buy,1.444e-05,7.0,0.00010108
RDN/BTC,1579656191426,2020-01-22T01:23:11.426Z,buy,1.444e-05,7.0,0.00010108
RDN/BTC,1579656191426,2020-01-22T01:23:11.426Z,buy,1.448e-05,253.0,0.00366344
RDN/BTC,1579656191426,2020-01-22T01:23:11.426Z,buy,1.45e-05,9.0,0.0001305
RDN/BTC,1579656191426,2020-01-22T01:23:11.426Z,buy,1.454e-05,11.0,0.00015994
RDN/BTC,1579656191426,2020-01-22T01:23:11.426Z,buy,1.456e-05,20.0,0.0002912
RDN/BTC,1579656191426,2020-01-22T01:23:11.426Z,buy,1.457e-05,32.0,0.00046624
RDN/BTC,1579656191426,2020-01-22T01:23:11.426Z,buy,1.458e-05,4456.0,0.06496848
RDN/BTC,1579656191426,2020-01-22T01:23:11.426Z,buy,1.459e-05,531.0,0.0077472899999999
RDN/BTC,1579656193746,2020-01-22T01:23:13.746Z,buy,1.459e-05,694.0,0.01012546
RDN/BTC,1579656193755,2020-01-22T01:23:13.755Z,sell,1.459e-05,377.0,0.00550043
RDN/BTC,1579656193786,2020-01-22T01:23:13.786Z,buy,1.457e-05,126.0,0.00183582
RDN/BTC,1579656193797,2020-01-22T01:23:13.797Z,buy,1.457e-05,69.0,0.00100533
RDN/BTC,1579656274593,2020-01-22T01:24:34.593Z,buy,1.457e-05,15.0,0.00021855
RDN/BTC,1579656446055,2020-01-22T01:27:26.055Z,buy,1.457e-05,648.0,0.00944136
RDN/BTC,1579656446055,2020-01-22T01:27:26.055Z,buy,1.46e-05,209.0,0.0030514
RDN/BTC,1579656446055,2020-01-22T01:27:26.055Z,buy,1.461e-05,4205.0,0.06143505
RDN/BTC,1579656446280,2020-01-22T01:27:26.280Z,sell,1.461e-05,149.0,0.00217689
RDN/BTC,1579656447210,2020-01-22T01:27:27.210Z,sell,1.461e-05,112.0,0.00163632
RDN/BTC,1579656449385,2020-01-22T01:27:29.385Z,sell,1.463e-05,200.0,0.002926
RDN/BTC,1579656450174,2020-01-22T01:27:30.174Z,sell,1.463e-05,200.0,0.002926
RDN/BTC,1579656450957,2020-01-22T01:27:30.957Z,sell,1.463e-05,200.0,0.002926
RDN/BTC,1579656451422,2020-01-22T01:27:31.422Z,sell,1.463e-05,33.0,0.00048279
RDN/BTC,1579656451737,2020-01-22T01:27:31.737Z,sell,1.463e-05,200.0,0.002926
RDN/BTC,1579656452475,2020-01-22T01:27:32.475Z,sell,1.464e-05,109.0,0.00159576
RDN/BTC,1579656452556,2020-01-22T01:27:32.556Z,sell,1.464e-05,200.0,0.002928
RDN/BTC,1579656455371,2020-01-22T01:27:35.371Z,buy,1.463e-05,29.0,0.00042427
RDN/BTC,1579656457850,2020-01-22T01:27:37.850Z,sell,1.464e-05,200.0,0.002928
RDN/BTC,1579656458628,2020-01-22T01:27:38.628Z,sell,1.464e-05,200.0,0.002928
RDN/BTC,1579656459386,2020-01-22T01:27:39.386Z,sell,1.464e-05,200.0,0.002928
RDN/BTC,1579656460314,2020-01-22T01:27:40.314Z,buy,1.465e-05,9.0,0.00013185
RDN/BTC,1579656460314,2020-01-22T01:27:40.314Z,buy,1.47e-05,34.0,0.0004998
RDN/BTC,1579656460314,2020-01-22T01:27:40.314Z,buy,1.473e-05,9.0,0.0001325699999999
RDN/BTC,1579656460314,2020-01-22T01:27:40.314Z,buy,1.474e-05,95.0,0.0014003
RDN/BTC,1579656460314,2020-01-22T01:27:40.314Z,buy,1.474e-05,32.0,0.00047168
RDN/BTC,1579656460745,2020-01-22T01:27:40.745Z,sell,1.465e-05,332.0,0.0048638
RDN/BTC,1579656460795,2020-01-22T01:27:40.795Z,sell,1.465e-05,255.0,0.00373575
RDN/BTC,1579656461576,2020-01-22T01:27:41.576Z,sell,1.465e-05,137.0,0.00200705
RDN/BTC,1579656463609,2020-01-22T01:27:43.609Z,buy,1.473e-05,272.0,0.00400656
RDN/BTC,1579656464361,2020-01-22T01:27:44.361Z,sell,1.467e-05,34.0,0.00049878
RDN/BTC,1579656466354,2020-01-22T01:27:46.354Z,buy,1.467e-05,192.0,0.00281664
RDN/BTC,1579656474074,2020-01-22T01:27:54.074Z,buy,1.473e-05,135.0,0.00198855
RDN/BTC,1579656503456,2020-01-22T01:28:23.456Z,sell,1.465e-05,9.0,0.00013185
RDN/BTC,1579656503456,2020-01-22T01:28:23.456Z,sell,1.463e-05,391.0,0.00572033
RDN/BTC,1579656504986,2020-01-22T01:28:24.986Z,sell,1.464e-05,175.0,0.002562
RDN/BTC,1579656504986,2020-01-22T01:28:24.986Z,sell,1.463e-05,104.0,0.00152152
RDN/BTC,1579656507059,2020-01-22T01:28:27.059Z,sell,1.464e-05,171.0,0.00250344
RDN/BTC,1579656507059,2020-01-22T01:28:27.059Z,sell,1.463e-05,109.0,0.00159467
RDN/BTC,1579656508629,2020-01-22T01:28:28.629Z,sell,1.463e-05,252.0,0.00368676
RDN/BTC,1579656518309,2020-01-22T01:28:38.309Z,sell,1.463e-05,104.0,0.00152152
RDN/BTC,1579656855494,2020-01-22T01:34:15.494Z,sell,1.463e-05,27.0,0.00039501
RDN/BTC,1579656966313,2020-01-22T01:36:06.313Z,sell,1.463e-05,969.0,0.01417647
RDN/BTC,1579656999943,2020-01-22T01:36:39.943Z,sell,1.463e-05,471.0,0.00689073
RDN/BTC,1579657001341,2020-01-22T01:36:41.341Z,sell,1.464e-05,200.0,0.002928
RDN/BTC,1579657002165,2020-01-22T01:36:42.165Z,sell,1.464e-05,194.0,0.00284016
RDN/BTC,1579657002165,2020-01-22T01:36:42.165Z,sell,1.463e-05,6.0,8.778e-05
RDN/BTC,1579657002215,2020-01-22T01:36:42.215Z,sell,1.463e-05,106.0,0.00155078
RDN/BTC,1579657003129,2020-01-22T01:36:43.129Z,sell,1.463e-05,200.0,0.002926
RDN/BTC,1579657003129,2020-01-22T01:36:43.129Z,sell,1.463e-05,200.0,0.002926
RDN/BTC,1579657453697,2020-01-22T01:44:13.697Z,sell,1.463e-05,192.0,0.00280896
RDN/BTC,1579657945416,2020-01-22T01:52:25.416Z,sell,1.463e-05,90.0,0.0013167
RDN/BTC,1579658821418,2020-01-22T02:07:01.418Z,sell,1.462e-05,406.0,0.00593572
RDN/BTC,1579658823053,2020-01-22T02:07:03.053Z,sell,1.462e-05,90.0,0.0013158
RDN/BTC,1579658990239,2020-01-22T02:09:50.239Z,sell,1.462e-05,1391.0,0.02033642
RDN/BTC,1579658990239,2020-01-22T02:09:50.239Z,sell,1.461e-05,11695.0,0.17086395
RDN/BTC,1579658991151,2020-01-22T02:09:51.151Z,sell,1.457e-05,14.0,0.0002039799999999
RDN/BTC,1579658997766,2020-01-22T02:09:57.766Z,sell,1.457e-05,11.0,0.0001602699999999
RDN/BTC,1579659002484,2020-01-22T02:10:02.484Z,sell,1.457e-05,7.0,0.0001019899999999
RDN/BTC,1579659188196,2020-01-22T02:13:08.196Z,buy,1.457e-05,7.0,0.0001019899999999
RDN/BTC,1579659311389,2020-01-22T02:15:11.389Z,buy,1.457e-05,325.0,0.00473525
RDN/BTC,1579659312289,2020-01-22T02:15:12.289Z,buy,1.457e-05,199.0,0.0028994299999999
RDN/BTC,1579659484127,2020-01-22T02:18:04.127Z,sell,1.456e-05,19.0,0.00027664
RDN/BTC,1579659558730,2020-01-22T02:19:18.730Z,sell,1.45e-05,9.0,0.0001305
RDN/BTC,1579659560476,2020-01-22T02:19:20.476Z,buy,1.456e-05,7.0,0.00010192
RDN/BTC,1579659589951,2020-01-22T02:19:49.951Z,sell,1.448e-05,283.0,0.00409784
RDN/BTC,1579659606781,2020-01-22T02:20:06.781Z,sell,1.447e-05,9.0,0.00013023
RDN/BTC,1579659614257,2020-01-22T02:20:14.257Z,sell,1.446e-05,372.0,0.00537912
RDN/BTC,1579659617215,2020-01-22T02:20:17.215Z,buy,1.449e-05,702.0,0.01017198
RDN/BTC,1579659733691,2020-01-22T02:22:13.691Z,sell,1.449e-05,7.0,0.00010143
RDN/BTC,1579659733691,2020-01-22T02:22:13.691Z,sell,1.443e-05,23.0,0.00033189
RDN/BTC,1579659821769,2020-01-22T02:23:41.769Z,buy,1.45e-05,2.0,2.9e-05
RDN/BTC,1579659901534,2020-01-22T02:25:01.534Z,buy,1.454e-05,110.0,0.0015994
RDN/BTC,1579660059578,2020-01-22T02:27:39.578Z,sell,1.444e-05,8.0,0.00011552
RDN/BTC,1579660059578,2020-01-22T02:27:39.578Z,sell,1.441e-05,3216.0,0.04634256
RDN/BTC,1579660059578,2020-01-22T02:27:39.578Z,sell,1.44e-05,2520.0,0.036288
RDN/BTC,1579660059777,2020-01-22T02:27:39.777Z,sell,1.44e-05,200.0,0.0028799999999999
RDN/BTC,1579660060727,2020-01-22T02:27:40.727Z,sell,1.44e-05,200.0,0.0028799999999999
RDN/BTC,1579660061739,2020-01-22T02:27:41.739Z,sell,1.44e-05,17.0,0.0002448
RDN/BTC,1579660061800,2020-01-22T02:27:41.800Z,sell,1.44e-05,200.0,0.0028799999999999
RDN/BTC,1579660086230,2020-01-22T02:28:06.230Z,buy,1.454e-05,10.0,0.0001454
RDN/BTC,1579660263014,2020-01-22T02:31:03.014Z,sell,1.44e-05,22.0,0.0003168
RDN/BTC,1579660454826,2020-01-22T02:34:14.826Z,buy,1.452e-05,8.0,0.00011616
RDN/BTC,1579660454826,2020-01-22T02:34:14.826Z,buy,1.452e-05,8.0,0.00011616
RDN/BTC,1579660693100,2020-01-22T02:38:13.100Z,buy,1.45e-05,2.0,2.9e-05
RDN/BTC,1579660764863,2020-01-22T02:39:24.863Z,buy,1.45e-05,11.0,0.0001595
RDN/BTC,1579660764886,2020-01-22T02:39:24.886Z,sell,1.45e-05,90.0,0.001305
RDN/BTC,1579660764891,2020-01-22T02:39:24.891Z,sell,1.45e-05,196.0,0.002842
RDN/BTC,1579660764891,2020-01-22T02:39:24.891Z,sell,1.45e-05,119.0,0.0017255
RDN/BTC,1579662009365,2020-01-22T03:00:09.365Z,sell,1.44e-05,178.0,0.0025632
RDN/BTC,1579662068286,2020-01-22T03:01:08.286Z,buy,1.44e-05,7.0,0.0001008
RDN/BTC,1579662149451,2020-01-22T03:02:29.451Z,sell,1.439e-05,9.0,0.00012951
RDN/BTC,1579662149469,2020-01-22T03:02:29.469Z,buy,1.439e-05,53.0,0.00076267
RDN/BTC,1579662149723,2020-01-22T03:02:29.723Z,buy,1.439e-05,7.0,0.0001007299999999
RDN/BTC,1579662252127,2020-01-22T03:04:12.127Z,buy,1.438e-05,304.0,0.00437152
RDN/BTC,1579662261839,2020-01-22T03:04:21.839Z,buy,1.438e-05,278.0,0.00399764
RDN/BTC,1579662270357,2020-01-22T03:04:30.357Z,buy,1.438e-05,36.0,0.00051768
RDN/BTC,1579662270490,2020-01-22T03:04:30.490Z,buy,1.438e-05,64.0,0.00092032
RDN/BTC,1579662290995,2020-01-22T03:04:50.995Z,buy,1.438e-05,192.0,0.00276096
RDN/BTC,1579662291363,2020-01-22T03:04:51.363Z,buy,1.438e-05,681.0,0.00979278
RDN/BTC,1579662962390,2020-01-22T03:16:02.390Z,sell,1.438e-05,22.0,0.00031636
RDN/BTC,1579662964002,2020-01-22T03:16:04.002Z,sell,1.438e-05,318.0,0.00457284
RDN/BTC,1579663557150,2020-01-22T03:25:57.150Z,sell,1.439e-05,994.0,0.01430366
RDN/BTC,1579663557150,2020-01-22T03:25:57.150Z,sell,1.439e-05,994.0,0.01430366
RDN/BTC,1579664063789,2020-01-22T03:34:23.789Z,buy,1.443e-05,7.0,0.00010101
RDN/BTC,1579664136466,2020-01-22T03:35:36.466Z,sell,1.438e-05,302.0,0.00434276
RDN/BTC,1579665157724,2020-01-22T03:52:37.724Z,buy,1.445e-05,1014.0,0.0146523
RDN/BTC,1579665157851,2020-01-22T03:52:37.851Z,sell,1.445e-05,30.0,0.0004335
RDN/BTC,1579665158046,2020-01-22T03:52:38.046Z,sell,1.445e-05,611.0,0.00882895
RDN/BTC,1579665245903,2020-01-22T03:54:05.903Z,sell,1.445e-05,92.0,0.0013294
RDN/BTC,1579665428202,2020-01-22T03:57:08.202Z,sell,1.445e-05,7.0,0.00010115
RDN/BTC,1579667050232,2020-01-22T04:24:10.232Z,buy,1.448e-05,9.0,0.00013032
RDN/BTC,1579667050232,2020-01-22T04:24:10.232Z,buy,1.448e-05,9.0,0.00013032
RDN/BTC,1579667259165,2020-01-22T04:27:39.165Z,sell,1.445e-05,725.0,0.01047625
RDN/BTC,1579668406046,2020-01-22T04:46:46.046Z,sell,1.446e-05,94.0,0.00135924
RDN/BTC,1579670467289,2020-01-22T05:21:07.289Z,sell,1.446e-05,400.0,0.005784
RDN/BTC,1579670475243,2020-01-22T05:21:15.243Z,sell,1.446e-05,509.0,0.00736014
RDN/BTC,1579670477646,2020-01-22T05:21:17.646Z,sell,1.445e-05,400.0,0.00578
RDN/BTC,1579670477646,2020-01-22T05:21:17.646Z,sell,1.445e-05,400.0,0.00578
RDN/BTC,1579671379013,2020-01-22T05:36:19.013Z,buy,1.454e-05,211.0,0.00306794
RDN/BTC,1579671936074,2020-01-22T05:45:36.074Z,buy,1.454e-05,25.0,0.0003635
RDN/BTC,1579673848398,2020-01-22T06:17:28.398Z,sell,1.445e-05,1621.0,0.02342345
RDN/BTC,1579673848398,2020-01-22T06:17:28.398Z,sell,1.445e-05,1621.0,0.02342345
RDN/BTC,1579674133560,2020-01-22T06:22:13.560Z,sell,1.445e-05,249.0,0.00359805
RDN/BTC,1579674330438,2020-01-22T06:25:30.438Z,sell,1.445e-05,250.0,0.0036125
RDN/BTC,1579674746964,2020-01-22T06:32:26.964Z,buy,1.454e-05,139.0,0.00202106
RDN/BTC,1579675874165,2020-01-22T06:51:14.165Z,buy,1.454e-05,110.0,0.0015994
RDN/BTC,1579675874165,2020-01-22T06:51:14.165Z,buy,1.454e-05,110.0,0.0015994
RDN/BTC,1579677757983,2020-01-22T07:22:37.983Z,sell,1.451e-05,200.0,0.002902
RDN/BTC,1579677757999,2020-01-22T07:22:37.999Z,sell,1.451e-05,74.0,0.00107374
RDN/BTC,1579677758641,2020-01-22T07:22:38.641Z,sell,1.451e-05,326.0,0.00473026
RDN/BTC,1579677759504,2020-01-22T07:22:39.504Z,sell,1.451e-05,342.0,0.00496242
RDN/BTC,1579677760705,2020-01-22T07:22:40.705Z,sell,1.451e-05,147.0,0.00213297
RDN/BTC,1579677760705,2020-01-22T07:22:40.705Z,sell,1.451e-05,147.0,0.00213297
RDN/BTC,1579680450248,2020-01-22T08:07:30.248Z,buy,1.452e-05,7.0,0.00010164
RDN/BTC,1579680676227,2020-01-22T08:11:16.227Z,buy,1.452e-05,35.0,0.0005082
