symbol,timestamp,datetime,side,price,amount,btc_volume
RDN/BTC,1601913885076,2020-10-05T16:04:45.076Z,buy,1.602e-05,7.0,0.00011214
RDN/BTC,1601913905823,2020-10-05T16:05:05.823Z,buy,1.602e-05,9.0,0.00014418
RDN/BTC,1601913914624,2020-10-05T16:05:14.624Z,buy,1.602e-05,93.0,0.00148986
RDN/BTC,1601914240337,2020-10-05T16:10:40.337Z,sell,1.595e-05,7.0,0.00011165
RDN/BTC,1601914783547,2020-10-05T16:19:43.547Z,sell,1.595e-05,22.0,0.0003509
RDN/BTC,1601917018207,2020-10-05T16:56:58.207Z,buy,1.602e-05,90.0,0.0014418
RDN/BTC,1601917018207,2020-10-05T16:56:58.207Z,buy,1.602e-05,90.0,0.0014418
RDN/BTC,1601917430764,2020-10-05T17:03:50.764Z,buy,1.603e-05,8.0,0.00012824
RDN/BTC,1601917430764,2020-10-05T17:03:50.764Z,buy,1.605e-05,1292.0,0.0207366
RDN/BTC,1601920109025,2020-10-05T17:48:29.025Z,buy,1.606e-05,1388.0,0.0222912799999999
RDN/BTC,1601920109025,2020-10-05T17:48:29.025Z,buy,1.606e-05,1388.0,0.0222912799999999
RDN/BTC,1601920829499,2020-10-05T18:00:29.499Z,sell,1.595e-05,40.0,0.000638
RDN/BTC,1601920856008,2020-10-05T18:00:56.008Z,sell,1.595e-05,30.0,0.0004785
RDN/BTC,1601920858152,2020-10-05T18:00:58.152Z,sell,1.595e-05,62.0,0.0009889
RDN/BTC,1601922370970,2020-10-05T18:26:10.970Z,sell,1.595e-05,11.0,0.00017545
RDN/BTC,1601922526169,2020-10-05T18:28:46.169Z,sell,1.595e-05,1276.0,0.0203522
RDN/BTC,1601922526178,2020-10-05T18:28:46.178Z,sell,1.595e-05,75.0,0.00119625
RDN/BTC,1601922526403,2020-10-05T18:28:46.403Z,sell,1.595e-05,865.0,0.01379675
RDN/BTC,1601922526416,2020-10-05T18:28:46.416Z,sell,1.595e-05,1033.0,0.01647635
RDN/BTC,1601922526569,2020-10-05T18:28:46.569Z,sell,1.596e-05,516.0,0.00823536
RDN/BTC,1601922527168,2020-10-05T18:28:47.168Z,sell,1.596e-05,256.0,0.00408576
RDN/BTC,1601922527273,2020-10-05T18:28:47.273Z,sell,1.596e-05,128.0,0.00204288
RDN/BTC,1601922528170,2020-10-05T18:28:48.170Z,sell,1.596e-05,64.0,0.00102144
RDN/BTC,1601922768105,2020-10-05T18:32:48.105Z,buy,1.601e-05,624.0,0.00999024
RDN/BTC,1601922848058,2020-10-05T18:34:08.058Z,sell,1.601e-05,13.0,0.00020813
RDN/BTC,1601922978079,2020-10-05T18:36:18.079Z,sell,1.601e-05,9.0,0.00014409
RDN/BTC,1601922987813,2020-10-05T18:36:27.813Z,sell,1.594e-05,317.0,0.00505298
RDN/BTC,1601922987813,2020-10-05T18:36:27.813Z,sell,1.594e-05,317.0,0.00505298
RDN/BTC,1601924982913,2020-10-05T19:09:42.913Z,sell,1.596e-05,13.0,0.0002074799999999
RDN/BTC,1601924982913,2020-10-05T19:09:42.913Z,sell,1.595e-05,76.0,0.0012122
RDN/BTC,1601925515369,2020-10-05T19:18:35.369Z,sell,1.595e-05,522.0,0.0083259
RDN/BTC,1601926340155,2020-10-05T19:32:20.155Z,sell,1.594e-05,9.0,0.0001434599999999
RDN/BTC,1601926550294,2020-10-05T19:35:50.294Z,buy,1.595e-05,433.0,0.00690635
RDN/BTC,1601926550303,2020-10-05T19:35:50.303Z,buy,1.595e-05,99.0,0.00157905
RDN/BTC,1601926550303,2020-10-05T19:35:50.303Z,buy,1.595e-05,99.0,0.00157905
RDN/BTC,1601926875929,2020-10-05T19:41:15.929Z,buy,1.601e-05,161.0,0.00257761
RDN/BTC,1601926947454,2020-10-05T19:42:27.454Z,buy,1.601e-05,600.0,0.009606
RDN/BTC,1601927132089,2020-10-05T19:45:32.089Z,buy,1.602e-05,75.0,0.0012014999999999
RDN/BTC,1601927305260,2020-10-05T19:48:25.260Z,buy,1.602e-05,296.0,0.00474192
RDN/BTC,1601927307993,2020-10-05T19:48:27.993Z,sell,1.601e-05,153.0,0.00244953
RDN/BTC,1601927309491,2020-10-05T19:48:29.491Z,sell,1.601e-05,75.0,0.00120075
RDN/BTC,1601927790928,2020-10-05T19:56:30.928Z,sell,1.601e-05,9.0,0.00014409
RDN/BTC,1601927881392,2020-10-05T19:58:01.392Z,sell,1.601e-05,9.0,0.00014409
RDN/BTC,1601928234631,2020-10-05T20:03:54.631Z,buy,1.602e-05,165.0,0.0026433
RDN/BTC,1601928237120,2020-10-05T20:03:57.120Z,sell,1.602e-05,81.0,0.00129762
RDN/BTC,1601928550631,2020-10-05T20:09:10.631Z,buy,1.603e-05,47.0,0.00075341
RDN/BTC,1601928554170,2020-10-05T20:09:14.170Z,buy,1.603e-05,17.0,0.00027251
RDN/BTC,1601929788269,2020-10-05T20:29:48.269Z,buy,1.605e-05,29.0,0.00046545
RDN/BTC,1601929788269,2020-10-05T20:29:48.269Z,buy,1.605e-05,29.0,0.00046545
RDN/BTC,1601930631281,2020-10-05T20:43:51.281Z,buy,1.607e-05,143.0,0.00229801
RDN/BTC,1601931315743,2020-10-05T20:55:15.743Z,sell,1.602e-05,8.0,0.00012816
RDN/BTC,1601931651053,2020-10-05T21:00:51.053Z,buy,1.607e-05,178.0,0.00286046
RDN/BTC,1601931651053,2020-10-05T21:00:51.053Z,buy,1.608e-05,719.0,0.0115615199999999
RDN/BTC,1601931651053,2020-10-05T21:00:51.053Z,buy,1.609e-05,11174.0,0.17978966
RDN/BTC,1601931651178,2020-10-05T21:00:51.178Z,buy,1.609e-05,1173.0,0.01887357
RDN/BTC,1601931659787,2020-10-05T21:00:59.787Z,buy,1.612e-05,897.0,0.01445964
RDN/BTC,1601931659787,2020-10-05T21:00:59.787Z,buy,1.613e-05,2082.0,0.03358266
RDN/BTC,1601931675974,2020-10-05T21:01:15.974Z,buy,1.614e-05,413.0,0.00666582
RDN/BTC,1601931675974,2020-10-05T21:01:15.974Z,buy,1.615e-05,537.0,0.00867255
RDN/BTC,1601932145766,2020-10-05T21:09:05.766Z,buy,1.604e-05,123.0,0.00197292
RDN/BTC,1601932253629,2020-10-05T21:10:53.629Z,buy,1.604e-05,85.0,0.0013633999999999
RDN/BTC,1601932253641,2020-10-05T21:10:53.641Z,buy,1.604e-05,42.0,0.00067368
RDN/BTC,1601932253641,2020-10-05T21:10:53.641Z,buy,1.604e-05,42.0,0.00067368
RDN/BTC,1601933436360,2020-10-05T21:30:36.360Z,buy,1.611e-05,250.0,0.0040275
RDN/BTC,1601933436360,2020-10-05T21:30:36.360Z,buy,1.615e-05,50.0,0.0008075
RDN/BTC,1601933975351,2020-10-05T21:39:35.351Z,buy,1.615e-05,7.0,0.00011305
RDN/BTC,1601934265921,2020-10-05T21:44:25.921Z,sell,1.604e-05,1161.0,0.0186224399999999
RDN/BTC,1601934265921,2020-10-05T21:44:25.921Z,sell,1.602e-05,178.0,0.00285156
RDN/BTC,1601934265921,2020-10-05T21:44:25.921Z,sell,1.597e-05,1076.0,0.01718372
RDN/BTC,1601934265921,2020-10-05T21:44:25.921Z,sell,1.596e-05,2392.0,0.03817632
RDN/BTC,1601934265921,2020-10-05T21:44:25.921Z,sell,1.595e-05,11775.0,0.18781125
RDN/BTC,1601934265921,2020-10-05T21:44:25.921Z,sell,1.594e-05,26097.0,0.41598618
RDN/BTC,1601934265921,2020-10-05T21:44:25.921Z,sell,1.593e-05,273.0,0.00434889
RDN/BTC,1601934265921,2020-10-05T21:44:25.921Z,sell,1.591e-05,2158.0,0.0343337799999999
RDN/BTC,1601934265921,2020-10-05T21:44:25.921Z,sell,1.59e-05,1517.0,0.0241203
RDN/BTC,1601934265921,2020-10-05T21:44:25.921Z,sell,1.589e-05,3070.0,0.0487822999999999
RDN/BTC,1601934277868,2020-10-05T21:44:37.868Z,sell,1.593e-05,63.0,0.00100359
RDN/BTC,1601934356251,2020-10-05T21:45:56.251Z,buy,1.594e-05,63.0,0.00100422
RDN/BTC,1601934368118,2020-10-05T21:46:08.118Z,buy,1.593e-05,13.0,0.00020709
RDN/BTC,1601935398346,2020-10-05T22:03:18.346Z,buy,1.593e-05,7.0,0.00011151
RDN/BTC,1601935400952,2020-10-05T22:03:20.952Z,buy,1.593e-05,7.0,0.00011151
RDN/BTC,1601935412447,2020-10-05T22:03:32.447Z,buy,1.593e-05,33.0,0.00052569
RDN/BTC,1601935412447,2020-10-05T22:03:32.447Z,buy,1.599e-05,188.0,0.00300612
RDN/BTC,1601935412447,2020-10-05T22:03:32.447Z,buy,1.604e-05,178.0,0.0028551199999999
RDN/BTC,1601935785596,2020-10-05T22:09:45.596Z,buy,1.602e-05,260.0,0.0041652
RDN/BTC,1601935785596,2020-10-05T22:09:45.596Z,buy,1.602e-05,260.0,0.0041652
RDN/BTC,1601936096080,2020-10-05T22:14:56.080Z,sell,1.593e-05,258.0,0.00410994
RDN/BTC,1601936096080,2020-10-05T22:14:56.080Z,sell,1.592e-05,664.0,0.01057088
RDN/BTC,1601936096155,2020-10-05T22:14:56.155Z,buy,1.592e-05,471.0,0.00749832
RDN/BTC,1601936096261,2020-10-05T22:14:56.261Z,buy,1.592e-05,235.0,0.0037412
RDN/BTC,1601936096755,2020-10-05T22:14:56.755Z,buy,1.592e-05,117.0,0.00186264
RDN/BTC,1601936111028,2020-10-05T22:15:11.028Z,sell,1.593e-05,999.0,0.01591407
RDN/BTC,1601936111028,2020-10-05T22:15:11.028Z,sell,1.592e-05,522.0,0.00831024
RDN/BTC,1601936111028,2020-10-05T22:15:11.028Z,sell,1.591e-05,3477.0,0.05531907
RDN/BTC,1601936111069,2020-10-05T22:15:11.069Z,buy,1.591e-05,68.0,0.00108188
RDN/BTC,1601936115149,2020-10-05T22:15:15.149Z,sell,1.593e-05,63.0,0.00100359
RDN/BTC,1601938664168,2020-10-05T22:57:44.168Z,sell,1.591e-05,7.0,0.0001113699999999
RDN/BTC,1601938664168,2020-10-05T22:57:44.168Z,sell,1.59e-05,337.0,0.0053583
RDN/BTC,1601939218101,2020-10-05T23:06:58.101Z,sell,1.591e-05,40.0,0.0006364
RDN/BTC,1601939218101,2020-10-05T23:06:58.101Z,sell,1.591e-05,40.0,0.0006364
RDN/BTC,1601944287388,2020-10-06T00:31:27.388Z,buy,1.591e-05,201.0,0.0031979099999999
RDN/BTC,1601944287427,2020-10-06T00:31:27.427Z,buy,1.591e-05,100.0,0.0015909999999999
RDN/BTC,1601944309804,2020-10-06T00:31:49.804Z,buy,1.591e-05,10.0,0.0001591
RDN/BTC,1601944312363,2020-10-06T00:31:52.363Z,buy,1.591e-05,17.0,0.00027047
RDN/BTC,1601944312363,2020-10-06T00:31:52.363Z,buy,1.591e-05,17.0,0.00027047
RDN/BTC,1601944804033,2020-10-06T00:40:04.033Z,sell,1.59e-05,200.0,0.00318
RDN/BTC,1601944804042,2020-10-06T00:40:04.042Z,sell,1.59e-05,100.0,0.00159
RDN/BTC,1601945037225,2020-10-06T00:43:57.225Z,buy,1.591e-05,11.0,0.00017501
RDN/BTC,1601945468342,2020-10-06T00:51:08.342Z,sell,1.59e-05,11.0,0.0001749
RDN/BTC,1601945812928,2020-10-06T00:56:52.928Z,buy,1.591e-05,11.0,0.00017501
RDN/BTC,1601946304989,2020-10-06T01:05:04.989Z,buy,1.591e-05,7.0,0.0001113699999999
RDN/BTC,1601946556369,2020-10-06T01:09:16.369Z,sell,1.59e-05,10.0,0.000159
RDN/BTC,1601946755493,2020-10-06T01:12:35.493Z,sell,1.59e-05,724.0,0.0115116
RDN/BTC,1601946755500,2020-10-06T01:12:35.500Z,sell,1.59e-05,363.0,0.0057717
RDN/BTC,1601946758432,2020-10-06T01:12:38.432Z,sell,1.59e-05,177.0,0.0028143
RDN/BTC,1601946759525,2020-10-06T01:12:39.525Z,sell,1.59e-05,87.0,0.0013833
RDN/BTC,1601947468332,2020-10-06T01:24:28.332Z,buy,1.591e-05,1268.0,0.0201738799999999
RDN/BTC,1601947468332,2020-10-06T01:24:28.332Z,buy,1.592e-05,100.0,0.001592
RDN/BTC,1601947468332,2020-10-06T01:24:28.332Z,buy,1.593e-05,3074.0,0.04896882
RDN/BTC,1601947468332,2020-10-06T01:24:28.332Z,buy,1.594e-05,11.0,0.00017534
RDN/BTC,1601947468531,2020-10-06T01:24:28.531Z,buy,1.594e-05,89.0,0.00141866
RDN/BTC,1601947496982,2020-10-06T01:24:56.982Z,sell,1.594e-05,175.0,0.0027895
RDN/BTC,1601947496982,2020-10-06T01:24:56.982Z,sell,1.593e-05,677.0,0.01078461
RDN/BTC,1601947496982,2020-10-06T01:24:56.982Z,sell,1.594e-05,175.0,0.0027895
RDN/BTC,1601947496982,2020-10-06T01:24:56.982Z,sell,1.593e-05,677.0,0.01078461
RDN/BTC,1601948479425,2020-10-06T01:41:19.425Z,sell,1.593e-05,11.0,0.00017523
RDN/BTC,1601948710294,2020-10-06T01:45:10.294Z,sell,1.593e-05,99.0,0.00157707
RDN/BTC,1601948831445,2020-10-06T01:47:11.445Z,sell,1.593e-05,215.0,0.00342495
RDN/BTC,1601948831451,2020-10-06T01:47:11.451Z,sell,1.593e-05,273.0,0.00434889
RDN/BTC,1601948831453,2020-10-06T01:47:11.453Z,sell,1.593e-05,125.0,0.00199125
RDN/BTC,1601948833285,2020-10-06T01:47:13.285Z,sell,1.593e-05,273.0,0.00434889
RDN/BTC,1601948833298,2020-10-06T01:47:13.298Z,sell,1.593e-05,333.0,0.00530469
RDN/BTC,1601948833405,2020-10-06T01:47:13.405Z,sell,1.593e-05,166.0,0.00264438
RDN/BTC,1601948846209,2020-10-06T01:47:26.209Z,sell,1.593e-05,74.0,0.00117882
RDN/BTC,1601948875788,2020-10-06T01:47:55.788Z,sell,1.593e-05,108.0,0.00172044
RDN/BTC,1601948875801,2020-10-06T01:47:55.801Z,sell,1.593e-05,83.0,0.00132219
RDN/BTC,1601948943883,2020-10-06T01:49:03.883Z,sell,1.593e-05,150.0,0.0023895
RDN/BTC,1601948943891,2020-10-06T01:49:03.891Z,sell,1.593e-05,98.0,0.00156114
RDN/BTC,1601949236931,2020-10-06T01:53:56.931Z,sell,1.593e-05,11.0,0.00017523
RDN/BTC,1601949247558,2020-10-06T01:54:07.558Z,sell,1.593e-05,11.0,0.00017523
RDN/BTC,1601949248365,2020-10-06T01:54:08.365Z,sell,1.593e-05,93.0,0.00148149
RDN/BTC,1601949468729,2020-10-06T01:57:48.729Z,sell,1.593e-05,7.0,0.00011151
RDN/BTC,1601949637569,2020-10-06T02:00:37.569Z,buy,1.595e-05,11.0,0.00017545
RDN/BTC,1601950097263,2020-10-06T02:08:17.263Z,sell,1.593e-05,11.0,0.00017523
RDN/BTC,1601950339485,2020-10-06T02:12:19.485Z,buy,1.595e-05,11.0,0.00017545
RDN/BTC,1601950339485,2020-10-06T02:12:19.485Z,buy,1.595e-05,11.0,0.00017545
RDN/BTC,1601951620649,2020-10-06T02:33:40.649Z,buy,1.595e-05,7.0,0.00011165
RDN/BTC,1601952888922,2020-10-06T02:54:48.922Z,buy,1.595e-05,20.0,0.000319
RDN/BTC,1601953600271,2020-10-06T03:06:40.271Z,sell,1.594e-05,11.0,0.00017534
RDN/BTC,1601953600271,2020-10-06T03:06:40.271Z,sell,1.594e-05,11.0,0.00017534
RDN/BTC,1601954023416,2020-10-06T03:13:43.416Z,buy,1.595e-05,11.0,0.00017545
RDN/BTC,1601955320144,2020-10-06T03:35:20.144Z,sell,1.594e-05,232.0,0.00369808
RDN/BTC,1601955320144,2020-10-06T03:35:20.144Z,sell,1.593e-05,5294.0,0.08433342
RDN/BTC,1601955320272,2020-10-06T03:35:20.272Z,sell,1.591e-05,458.0,0.00728678
RDN/BTC,1601955320272,2020-10-06T03:35:20.272Z,sell,1.59e-05,1943.0,0.0308937
RDN/BTC,1601955437053,2020-10-06T03:37:17.053Z,sell,1.59e-05,105.0,0.0016695
RDN/BTC,1601955657809,2020-10-06T03:40:57.809Z,sell,1.59e-05,11.0,0.0001749
RDN/BTC,1601955708058,2020-10-06T03:41:48.058Z,sell,1.59e-05,7065.0,0.1123335
RDN/BTC,1601955708058,2020-10-06T03:41:48.058Z,sell,1.589e-05,63.0,0.00100107
RDN/BTC,1601955708058,2020-10-06T03:41:48.058Z,sell,1.588e-05,5689.0,0.09034132
RDN/BTC,1601955717595,2020-10-06T03:41:57.595Z,sell,1.588e-05,63.0,0.00100044
RDN/BTC,1601956766487,2020-10-06T03:59:26.487Z,sell,1.588e-05,584.0,0.00927392
RDN/BTC,1601957000978,2020-10-06T04:03:20.978Z,sell,1.588e-05,7.0,0.00011116
RDN/BTC,1601957095219,2020-10-06T04:04:55.219Z,sell,1.588e-05,11.0,0.00017468
RDN/BTC,1601957095219,2020-10-06T04:04:55.219Z,sell,1.588e-05,11.0,0.00017468
RDN/BTC,1601957981429,2020-10-06T04:19:41.429Z,buy,1.594e-05,12.0,0.00019128
RDN/BTC,1601958436328,2020-10-06T04:27:16.328Z,buy,1.594e-05,1724.0,0.02748056
RDN/BTC,1601958436328,2020-10-06T04:27:16.328Z,buy,1.595e-05,4114.0,0.0656183
RDN/BTC,1601958436328,2020-10-06T04:27:16.328Z,buy,1.6e-05,645.0,0.01032
RDN/BTC,1601958436328,2020-10-06T04:27:16.328Z,buy,1.601e-05,522.0,0.00835722
RDN/BTC,1601958436328,2020-10-06T04:27:16.328Z,buy,1.602e-05,835.0,0.0133767
RDN/BTC,1601958436328,2020-10-06T04:27:16.328Z,buy,1.604e-05,18.0,0.0002887199999999
RDN/BTC,1601958436328,2020-10-06T04:27:16.328Z,buy,1.606e-05,11.0,0.0001766599999999
RDN/BTC,1601958690381,2020-10-06T04:31:30.381Z,buy,1.605e-05,11.0,0.00017655
RDN/BTC,1601959144608,2020-10-06T04:39:04.608Z,sell,1.592e-05,250.0,0.00398
RDN/BTC,1601959201263,2020-10-06T04:40:01.263Z,buy,1.597e-05,9.0,0.00014373
RDN/BTC,1601959201263,2020-10-06T04:40:01.263Z,buy,1.605e-05,205.0,0.00329025
RDN/BTC,1601959201263,2020-10-06T04:40:01.263Z,buy,1.606e-05,193.0,0.00309958
RDN/BTC,1601959201263,2020-10-06T04:40:01.263Z,buy,1.609e-05,14.0,0.00022526
RDN/BTC,1601959201263,2020-10-06T04:40:01.263Z,buy,1.612e-05,458.0,0.00738296
RDN/BTC,1601959201263,2020-10-06T04:40:01.263Z,buy,1.613e-05,192.0,0.00309696
RDN/BTC,1601959201263,2020-10-06T04:40:01.263Z,buy,1.614e-05,616.0,0.00994224
RDN/BTC,1601959201263,2020-10-06T04:40:01.263Z,buy,1.615e-05,6235.0,0.10069525
RDN/BTC,1601959206501,2020-10-06T04:40:06.501Z,sell,1.599e-05,61.0,0.00097539
RDN/BTC,1601959206554,2020-10-06T04:40:06.554Z,buy,1.599e-05,189.0,0.00302211
RDN/BTC,1601959207259,2020-10-06T04:40:07.259Z,buy,1.605e-05,250.0,0.0040125
RDN/BTC,1601959207949,2020-10-06T04:40:07.949Z,sell,1.602e-05,7.0,0.00011214
RDN/BTC,1601959226331,2020-10-06T04:40:26.331Z,sell,1.609e-05,459.0,0.00738531
RDN/BTC,1601959227166,2020-10-06T04:40:27.166Z,sell,1.609e-05,439.0,0.00706351
RDN/BTC,1601959252324,2020-10-06T04:40:52.324Z,sell,1.609e-05,250.0,0.0040225
RDN/BTC,1601959276925,2020-10-06T04:41:16.925Z,sell,1.603e-05,11.0,0.00017633
RDN/BTC,1601959711490,2020-10-06T04:48:31.490Z,buy,1.608e-05,7.0,0.0001125599999999
RDN/BTC,1601959711490,2020-10-06T04:48:31.490Z,buy,1.612e-05,250.0,0.00403
RDN/BTC,1601959711490,2020-10-06T04:48:31.490Z,buy,1.618e-05,250.0,0.004045
RDN/BTC,1601959711490,2020-10-06T04:48:31.490Z,buy,1.619e-05,193.0,0.00312467
RDN/BTC,1601959711490,2020-10-06T04:48:31.490Z,buy,1.62e-05,522.0,0.0084564
RDN/BTC,1601959711490,2020-10-06T04:48:31.490Z,buy,1.621e-05,2685.0,0.0435238499999999
RDN/BTC,1601960171700,2020-10-06T04:56:11.700Z,buy,1.621e-05,11.0,0.00017831
RDN/BTC,1601960181394,2020-10-06T04:56:21.394Z,buy,1.618e-05,241.0,0.00389938
RDN/BTC,1601960181394,2020-10-06T04:56:21.394Z,buy,1.619e-05,9.0,0.0001457099999999
RDN/BTC,1601960181394,2020-10-06T04:56:21.394Z,buy,1.621e-05,12.0,0.00019452
RDN/BTC,1601960181394,2020-10-06T04:56:21.394Z,buy,1.625e-05,53.0,0.0008612499999999
RDN/BTC,1601960186036,2020-10-06T04:56:26.036Z,buy,1.625e-05,167.0,0.0027137499999999
RDN/BTC,1601960211174,2020-10-06T04:56:51.174Z,buy,1.625e-05,12.0,0.0001949999999999
RDN/BTC,1601960247935,2020-10-06T04:57:27.935Z,sell,1.616e-05,368.0,0.00594688
RDN/BTC,1601960249584,2020-10-06T04:57:29.584Z,sell,1.616e-05,61.0,0.00098576
RDN/BTC,1601960548058,2020-10-06T05:02:28.058Z,buy,1.625e-05,108.0,0.0017549999999999
RDN/BTC,1601960548058,2020-10-06T05:02:28.058Z,buy,1.625e-05,108.0,0.0017549999999999
RDN/BTC,1601960867798,2020-10-06T05:07:47.798Z,buy,1.611e-05,31.0,0.00049941
RDN/BTC,1601961151059,2020-10-06T05:12:31.059Z,sell,1.613e-05,7.0,0.00011291
RDN/BTC,1601961220691,2020-10-06T05:13:40.691Z,sell,1.612e-05,31.0,0.00049972
RDN/BTC,1601961754607,2020-10-06T05:22:34.607Z,sell,1.612e-05,29.0,0.00046748
RDN/BTC,1601961943713,2020-10-06T05:25:43.713Z,sell,1.612e-05,13.0,0.00020956
RDN/BTC,1601961943713,2020-10-06T05:25:43.713Z,sell,1.611e-05,195.0,0.00314145
RDN/BTC,1601961943713,2020-10-06T05:25:43.713Z,sell,1.609e-05,4792.0,0.07710328
RDN/BTC,1601962943094,2020-10-06T05:42:23.094Z,sell,1.609e-05,7.0,0.00011263
RDN/BTC,1601963118946,2020-10-06T05:45:18.946Z,sell,1.607e-05,879.0,0.01412553
RDN/BTC,1601963118946,2020-10-06T05:45:18.946Z,sell,1.603e-05,121.0,0.00193963
RDN/BTC,1601963131110,2020-10-06T05:45:31.110Z,sell,1.603e-05,3.0,4.809e-05
RDN/BTC,1601963170348,2020-10-06T05:46:10.348Z,sell,1.604e-05,12.0,0.0001924799999999
RDN/BTC,1601963170348,2020-10-06T05:46:10.348Z,sell,1.599e-05,48.0,0.00076752
RDN/BTC,1601963809985,2020-10-06T05:56:49.985Z,sell,1.599e-05,12.0,0.00019188
RDN/BTC,1601963809985,2020-10-06T05:56:49.985Z,sell,1.599e-05,12.0,0.00019188
RDN/BTC,1601964795416,2020-10-06T06:13:15.416Z,buy,1.605e-05,7.0,0.00011235
RDN/BTC,1601964795416,2020-10-06T06:13:15.416Z,buy,1.606e-05,187.0,0.0030032199999999
RDN/BTC,1601964795416,2020-10-06T06:13:15.416Z,buy,1.612e-05,118.0,0.00190216
RDN/BTC,1601965248041,2020-10-06T06:20:48.041Z,sell,1.603e-05,383.0,0.00613949
RDN/BTC,1601965260477,2020-10-06T06:21:00.477Z,sell,1.599e-05,1.0,1.599e-05
RDN/BTC,1601965338759,2020-10-06T06:22:18.759Z,sell,1.596e-05,62.0,0.00098952
RDN/BTC,1601965372563,2020-10-06T06:22:52.563Z,sell,1.594e-05,263.0,0.00419222
RDN/BTC,1601966117990,2020-10-06T06:35:17.990Z,buy,1.602e-05,54.0,0.00086508
RDN/BTC,1601966117990,2020-10-06T06:35:17.990Z,buy,1.602e-05,54.0,0.00086508
RDN/BTC,1601967571408,2020-10-06T06:59:31.408Z,sell,1.595e-05,53.0,0.00084535
RDN/BTC,1601968018838,2020-10-06T07:06:58.838Z,buy,1.6e-05,340.0,0.0054399999999999
RDN/BTC,1601968060388,2020-10-06T07:07:40.388Z,buy,1.6e-05,26.0,0.000416
RDN/BTC,1601968060388,2020-10-06T07:07:40.388Z,buy,1.6e-05,26.0,0.000416
RDN/BTC,1601970080349,2020-10-06T07:41:20.349Z,sell,1.596e-05,7.0,0.00011172
RDN/BTC,1601970664152,2020-10-06T07:51:04.152Z,sell,1.595e-05,7.0,0.00011165
RDN/BTC,1601970712899,2020-10-06T07:51:52.899Z,sell,1.595e-05,57.0,0.00090915
RDN/BTC,1601970712899,2020-10-06T07:51:52.899Z,sell,1.593e-05,82.0,0.00130626
RDN/BTC,1601970712899,2020-10-06T07:51:52.899Z,sell,1.592e-05,1250.0,0.0199
RDN/BTC,1601970712899,2020-10-06T07:51:52.899Z,sell,1.588e-05,6718.0,0.10668184
RDN/BTC,1601970712899,2020-10-06T07:51:52.899Z,sell,1.586e-05,3468.0,0.05500248
RDN/BTC,1601970712899,2020-10-06T07:51:52.899Z,sell,1.583e-05,622.0,0.0098462599999999
RDN/BTC,1601970713782,2020-10-06T07:51:53.782Z,sell,1.582e-05,63.0,0.00099666
RDN/BTC,1601970718818,2020-10-06T07:51:58.818Z,buy,1.583e-05,389.0,0.0061578699999999
RDN/BTC,1601970727997,2020-10-06T07:52:07.997Z,buy,1.583e-05,13.0,0.00020579
RDN/BTC,1601970728060,2020-10-06T07:52:08.060Z,buy,1.583e-05,98.0,0.00155134
RDN/BTC,1601970731722,2020-10-06T07:52:11.722Z,sell,1.582e-05,64.0,0.00101248
RDN/BTC,1601970754564,2020-10-06T07:52:34.564Z,sell,1.582e-05,7.0,0.00011074
RDN/BTC,1601970755308,2020-10-06T07:52:35.308Z,buy,1.583e-05,1444.0,0.02285852
RDN/BTC,1601970755316,2020-10-06T07:52:35.316Z,sell,1.582e-05,20.0,0.0003164
RDN/BTC,1601970903695,2020-10-06T07:55:03.695Z,sell,1.582e-05,18.0,0.00028476
RDN/BTC,1601970952157,2020-10-06T07:55:52.157Z,sell,1.582e-05,1568.0,0.02480576
RDN/BTC,1601971013941,2020-10-06T07:56:53.941Z,buy,1.582e-05,21.0,0.00033222
RDN/BTC,1601971039057,2020-10-06T07:57:19.057Z,sell,1.581e-05,21.0,0.00033201
RDN/BTC,1601971146260,2020-10-06T07:59:06.260Z,buy,1.582e-05,250.0,0.003955
RDN/BTC,1601971196147,2020-10-06T07:59:56.147Z,sell,1.581e-05,92.0,0.00145452
RDN/BTC,1601971210349,2020-10-06T08:00:10.349Z,sell,1.578e-05,64.0,0.00100992
RDN/BTC,1601971210349,2020-10-06T08:00:10.349Z,sell,1.577e-05,100.0,0.001577
RDN/BTC,1601971210349,2020-10-06T08:00:10.349Z,sell,1.573e-05,8.0,0.00012584
RDN/BTC,1601971210349,2020-10-06T08:00:10.349Z,sell,1.573e-05,176.0,0.00276848
RDN/BTC,1601971210349,2020-10-06T08:00:10.349Z,sell,1.57e-05,97.0,0.0015228999999999
RDN/BTC,1601971210349,2020-10-06T08:00:10.349Z,sell,1.569e-05,100.0,0.001569
RDN/BTC,1601971210349,2020-10-06T08:00:10.349Z,sell,1.566e-05,7.0,0.00010962
RDN/BTC,1601971219530,2020-10-06T08:00:19.530Z,buy,1.565e-05,77.0,0.00120505
RDN/BTC,1601971219628,2020-10-06T08:00:19.628Z,buy,1.565e-05,77.0,0.00120505
RDN/BTC,1601971219814,2020-10-06T08:00:19.814Z,buy,1.565e-05,133.0,0.00208145
RDN/BTC,1601971222187,2020-10-06T08:00:22.187Z,sell,1.564e-05,492.0,0.0076948799999999
RDN/BTC,1601971225441,2020-10-06T08:00:25.441Z,sell,1.563e-05,46.0,0.00071898
RDN/BTC,1601971282229,2020-10-06T08:01:22.229Z,sell,1.554e-05,17.0,0.00026418
RDN/BTC,1601971327986,2020-10-06T08:02:07.986Z,buy,1.554e-05,13.0,0.00020202
RDN/BTC,1601971398401,2020-10-06T08:03:18.401Z,buy,1.554e-05,65.0,0.0010101
RDN/BTC,1601971399491,2020-10-06T08:03:19.491Z,sell,1.553e-05,65.0,0.0010094499999999
RDN/BTC,1601971453472,2020-10-06T08:04:13.472Z,buy,1.554e-05,1561.0,0.02425794
RDN/BTC,1601971453472,2020-10-06T08:04:13.472Z,buy,1.554e-05,1561.0,0.02425794
RDN/BTC,1601971664174,2020-10-06T08:07:44.174Z,sell,1.553e-05,340.0,0.0052802
RDN/BTC,1601971728225,2020-10-06T08:08:48.225Z,buy,1.553e-05,64.0,0.00099392
RDN/BTC,1601971909558,2020-10-06T08:11:49.558Z,sell,1.55e-05,7.0,0.0001085
RDN/BTC,1601971909558,2020-10-06T08:11:49.558Z,sell,1.549e-05,65.0,0.0010068499999999
RDN/BTC,1601971909558,2020-10-06T08:11:49.558Z,sell,1.546e-05,512.0,0.00791552
RDN/BTC,1601971920448,2020-10-06T08:12:00.448Z,sell,1.55e-05,65.0,0.0010075
RDN/BTC,1601971937300,2020-10-06T08:12:17.300Z,sell,1.55e-05,1135.0,0.0175925
RDN/BTC,1601971937300,2020-10-06T08:12:17.300Z,sell,1.546e-05,2589.0,0.04002594
RDN/BTC,1601971999790,2020-10-06T08:13:19.790Z,buy,1.553e-05,20.0,0.0003105999999999
RDN/BTC,1601972198367,2020-10-06T08:16:38.367Z,buy,1.553e-05,206.0,0.00319918
RDN/BTC,1601972343161,2020-10-06T08:19:03.161Z,buy,1.553e-05,7.0,0.00010871
RDN/BTC,1601972391976,2020-10-06T08:19:51.976Z,sell,1.549e-05,36.0,0.00055764
RDN/BTC,1601972391976,2020-10-06T08:19:51.976Z,sell,1.548e-05,6.0,9.288e-05
RDN/BTC,1601972435950,2020-10-06T08:20:35.950Z,sell,1.552e-05,8.0,0.00012416
RDN/BTC,1601972435950,2020-10-06T08:20:35.950Z,sell,1.55e-05,17.0,0.0002635
RDN/BTC,1601972435950,2020-10-06T08:20:35.950Z,sell,1.546e-05,202.0,0.00312292
RDN/BTC,1601972435950,2020-10-06T08:20:35.950Z,sell,1.544e-05,186.0,0.00287184
RDN/BTC,1601972437794,2020-10-06T08:20:37.794Z,sell,1.545e-05,62.0,0.0009578999999999
RDN/BTC,1601972438263,2020-10-06T08:20:38.263Z,sell,1.545e-05,197.0,0.0030436499999999
RDN/BTC,1601972446643,2020-10-06T08:20:46.643Z,sell,1.545e-05,65.0,0.00100425
RDN/BTC,1601972471876,2020-10-06T08:21:11.876Z,sell,1.545e-05,17.0,0.00026265
RDN/BTC,1601973272928,2020-10-06T08:34:32.928Z,sell,1.55e-05,102.0,0.001581
RDN/BTC,1601973623506,2020-10-06T08:40:23.506Z,buy,1.551e-05,194.0,0.00300894
RDN/BTC,1601974116961,2020-10-06T08:48:36.961Z,buy,1.556e-05,100.0,0.001556
RDN/BTC,1601974116961,2020-10-06T08:48:36.961Z,buy,1.557e-05,174.0,0.00270918
RDN/BTC,1601974244589,2020-10-06T08:50:44.589Z,buy,1.557e-05,9.0,0.0001401299999999
RDN/BTC,1601974308841,2020-10-06T08:51:48.841Z,buy,1.556e-05,49.0,0.00076244
RDN/BTC,1601974464297,2020-10-06T08:54:24.297Z,buy,1.556e-05,141.0,0.00219396
RDN/BTC,1601974475428,2020-10-06T08:54:35.428Z,buy,1.557e-05,12.0,0.0001868399999999
RDN/BTC,1601974511417,2020-10-06T08:55:11.417Z,buy,1.563e-05,196.0,0.00306348
RDN/BTC,1601974511417,2020-10-06T08:55:11.417Z,buy,1.564e-05,38.0,0.00059432
RDN/BTC,1601974511417,2020-10-06T08:55:11.417Z,buy,1.564e-05,51.0,0.00079764
RDN/BTC,1601974511417,2020-10-06T08:55:11.417Z,buy,1.564e-05,164.0,0.00256496
RDN/BTC,1601974520152,2020-10-06T08:55:20.152Z,buy,1.565e-05,441.0,0.00690165
RDN/BTC,1601974914712,2020-10-06T09:01:54.712Z,buy,1.564e-05,1412.0,0.0220836799999999
RDN/BTC,1601974914712,2020-10-06T09:01:54.712Z,buy,1.565e-05,1035.0,0.01619775
RDN/BTC,1601974936703,2020-10-06T09:02:16.703Z,buy,1.566e-05,711.0,0.01113426
RDN/BTC,1601974936703,2020-10-06T09:02:16.703Z,buy,1.567e-05,12756.0,0.19988652
RDN/BTC,1601974936703,2020-10-06T09:02:16.703Z,buy,1.566e-05,711.0,0.01113426
RDN/BTC,1601974936703,2020-10-06T09:02:16.703Z,buy,1.567e-05,12756.0,0.19988652
RDN/BTC,1601976236129,2020-10-06T09:23:56.129Z,sell,1.558e-05,219.0,0.00341202
RDN/BTC,1601976917541,2020-10-06T09:35:17.541Z,sell,1.558e-05,13.0,0.00020254
RDN/BTC,1601976917541,2020-10-06T09:35:17.541Z,sell,1.557e-05,6.0,9.341999999999998e-05
RDN/BTC,1601977011301,2020-10-06T09:36:51.301Z,buy,1.565e-05,545.0,0.00852925
RDN/BTC,1601977011301,2020-10-06T09:36:51.301Z,buy,1.567e-05,63.0,0.00098721
RDN/BTC,1601977011301,2020-10-06T09:36:51.301Z,buy,1.568e-05,492.0,0.00771456
RDN/BTC,1601977011301,2020-10-06T09:36:51.301Z,buy,1.569e-05,197.0,0.00309093
RDN/BTC,1601977011301,2020-10-06T09:36:51.301Z,buy,1.57e-05,522.0,0.0081953999999999
RDN/BTC,1601977011301,2020-10-06T09:36:51.301Z,buy,1.571e-05,2224.0,0.03493904
RDN/BTC,1601977183480,2020-10-06T09:39:43.480Z,buy,1.571e-05,13.0,0.00020423
RDN/BTC,1601977183480,2020-10-06T09:39:43.480Z,buy,1.572e-05,100.0,0.0015719999999999
RDN/BTC,1601977183480,2020-10-06T09:39:43.480Z,buy,1.575e-05,199.0,0.00313425
RDN/BTC,1601977183480,2020-10-06T09:39:43.480Z,buy,1.577e-05,254.0,0.00400558
RDN/BTC,1601977538743,2020-10-06T09:45:38.743Z,sell,1.569e-05,456.0,0.00715464
RDN/BTC,1601977538743,2020-10-06T09:45:38.743Z,sell,1.567e-05,522.0,0.00817974
RDN/BTC,1601977538820,2020-10-06T09:45:38.820Z,buy,1.567e-05,92.0,0.00144164
RDN/BTC,1601977538820,2020-10-06T09:45:38.820Z,buy,1.567e-05,92.0,0.00144164
RDN/BTC,1601978675839,2020-10-06T10:04:35.839Z,sell,1.568e-05,13.0,0.00020384
RDN/BTC,1601978675839,2020-10-06T10:04:35.839Z,sell,1.566e-05,950.0,0.014877
RDN/BTC,1601979156896,2020-10-06T10:12:36.896Z,sell,1.567e-05,13.0,0.00020371
RDN/BTC,1601979808818,2020-10-06T10:23:28.818Z,sell,1.567e-05,9.0,0.00014103
RDN/BTC,1601979885142,2020-10-06T10:24:45.142Z,buy,1.573e-05,8.0,0.00012584
RDN/BTC,1601980249425,2020-10-06T10:30:49.425Z,buy,1.573e-05,13.0,0.00020449
RDN/BTC,1601980249425,2020-10-06T10:30:49.425Z,buy,1.577e-05,5.0,7.884999999999999e-05
RDN/BTC,1601980381694,2020-10-06T10:33:01.694Z,buy,1.573e-05,777.0,0.01222221
RDN/BTC,1601980662306,2020-10-06T10:37:42.306Z,buy,1.571e-05,8.0,0.00012568
RDN/BTC,1601980671678,2020-10-06T10:37:51.678Z,buy,1.577e-05,8.0,0.00012616
RDN/BTC,1601980817749,2020-10-06T10:40:17.749Z,sell,1.566e-05,17.0,0.00026622
RDN/BTC,1601980817749,2020-10-06T10:40:17.749Z,sell,1.565e-05,1878.0,0.0293907
RDN/BTC,1601980817749,2020-10-06T10:40:17.749Z,sell,1.566e-05,17.0,0.00026622
RDN/BTC,1601980817749,2020-10-06T10:40:17.749Z,sell,1.565e-05,1878.0,0.0293907
RDN/BTC,1601981437047,2020-10-06T10:50:37.047Z,sell,1.565e-05,1334.0,0.0208771
RDN/BTC,1601981715441,2020-10-06T10:55:15.441Z,sell,1.565e-05,13.0,0.00020345
RDN/BTC,1601981715441,2020-10-06T10:55:15.441Z,sell,1.561e-05,301.0,0.00469861
RDN/BTC,1601981729142,2020-10-06T10:55:29.142Z,buy,1.574e-05,18.0,0.00028332
RDN/BTC,1601981729815,2020-10-06T10:55:29.815Z,buy,1.574e-05,17.0,0.0002675799999999
RDN/BTC,1601982338745,2020-10-06T11:05:38.745Z,sell,1.561e-05,2045.0,0.03192245
RDN/BTC,1601982338945,2020-10-06T11:05:38.945Z,sell,1.558e-05,92.0,0.00143336
RDN/BTC,1601982482812,2020-10-06T11:08:02.812Z,sell,1.558e-05,954.0,0.01486332
RDN/BTC,1601982482812,2020-10-06T11:08:02.812Z,sell,1.552e-05,52.0,0.00080704
RDN/BTC,1601982493109,2020-10-06T11:08:13.109Z,sell,1.551e-05,65.0,0.00100815
RDN/BTC,1601982699358,2020-10-06T11:11:39.358Z,sell,1.551e-05,13.0,0.0002016299999999
RDN/BTC,1601982700295,2020-10-06T11:11:40.295Z,sell,1.55e-05,10.0,0.000155
RDN/BTC,1601982775007,2020-10-06T11:12:55.007Z,sell,1.55e-05,7.0,0.0001085
RDN/BTC,1601982825835,2020-10-06T11:13:45.835Z,buy,1.557e-05,26.0,0.0004048199999999
RDN/BTC,1601982898730,2020-10-06T11:14:58.730Z,sell,1.55e-05,2004.0,0.031062
RDN/BTC,1601982928084,2020-10-06T11:15:28.084Z,sell,1.55e-05,2004.0,0.031062
RDN/BTC,1601983851330,2020-10-06T11:30:51.330Z,sell,1.55e-05,8557.0,0.1326335
RDN/BTC,1601984215692,2020-10-06T11:36:55.692Z,buy,1.557e-05,167.0,0.0026001899999999
RDN/BTC,1601984216674,2020-10-06T11:36:56.674Z,buy,1.558e-05,158.0,0.00246164
RDN/BTC,1601984224441,2020-10-06T11:37:04.441Z,buy,1.558e-05,240.0,0.0037392
RDN/BTC,1601984345143,2020-10-06T11:39:05.143Z,sell,1.552e-05,467.0,0.00724784
RDN/BTC,1601984345143,2020-10-06T11:39:05.143Z,sell,1.551e-05,934.0,0.0144863399999999
RDN/BTC,1601984345143,2020-10-06T11:39:05.143Z,sell,1.55e-05,6526.0,0.101153
RDN/BTC,1601984361514,2020-10-06T11:39:21.514Z,sell,1.55e-05,65.0,0.0010075
RDN/BTC,1601984361514,2020-10-06T11:39:21.514Z,sell,1.55e-05,65.0,0.0010075
RDN/BTC,1601984645728,2020-10-06T11:44:05.728Z,sell,1.55e-05,6991.0,0.1083605
RDN/BTC,1601985528325,2020-10-06T11:58:48.325Z,sell,1.55e-05,2500.0,0.03875
RDN/BTC,1601986734432,2020-10-06T12:18:54.432Z,sell,1.55e-05,93.0,0.0014415
RDN/BTC,1601986738409,2020-10-06T12:18:58.409Z,sell,1.546e-05,65.0,0.0010049
RDN/BTC,1601986741523,2020-10-06T12:19:01.523Z,sell,1.545e-05,675.0,0.0104287499999999
RDN/BTC,1601986749878,2020-10-06T12:19:09.878Z,sell,1.546e-05,367.0,0.00567382
RDN/BTC,1601986752857,2020-10-06T12:19:12.857Z,sell,1.545e-05,65.0,0.00100425
RDN/BTC,1601987715500,2020-10-06T12:35:15.500Z,buy,1.551e-05,7.0,0.00010857
RDN/BTC,1601987715500,2020-10-06T12:35:15.500Z,buy,1.551e-05,13.0,0.0002016299999999
RDN/BTC,1601987715500,2020-10-06T12:35:15.500Z,buy,1.551e-05,14.0,0.00021714
RDN/BTC,1601987715500,2020-10-06T12:35:15.500Z,buy,1.551e-05,7.0,0.00010857
RDN/BTC,1601987715500,2020-10-06T12:35:15.500Z,buy,1.551e-05,13.0,0.0002016299999999
RDN/BTC,1601987715500,2020-10-06T12:35:15.500Z,buy,1.551e-05,14.0,0.00021714
RDN/BTC,1601988466730,2020-10-06T12:47:46.730Z,sell,1.547e-05,280.0,0.0043316
RDN/BTC,1601988788087,2020-10-06T12:53:08.087Z,buy,1.547e-05,13.0,0.00020111
RDN/BTC,1601989228303,2020-10-06T13:00:28.303Z,buy,1.547e-05,361.0,0.00558467
RDN/BTC,1601989510373,2020-10-06T13:05:10.373Z,buy,1.547e-05,236.0,0.0036509199999999
RDN/BTC,1601989510385,2020-10-06T13:05:10.385Z,buy,1.547e-05,135.0,0.00208845
RDN/BTC,1601991247834,2020-10-06T13:34:07.834Z,buy,1.547e-05,10.0,0.0001547
RDN/BTC,1601991247834,2020-10-06T13:34:07.834Z,buy,1.547e-05,10.0,0.0001547
RDN/BTC,1601991815658,2020-10-06T13:43:35.658Z,buy,1.547e-05,52.0,0.00080444
RDN/BTC,1601992002158,2020-10-06T13:46:42.158Z,buy,1.547e-05,39.0,0.00060333
RDN/BTC,1601992032536,2020-10-06T13:47:12.536Z,buy,1.547e-05,2941.0,0.04549727
RDN/BTC,1601992032550,2020-10-06T13:47:12.550Z,buy,1.547e-05,1489.0,0.02303483
RDN/BTC,1601992032721,2020-10-06T13:47:12.721Z,buy,1.547e-05,191.0,0.00295477
RDN/BTC,1601992033728,2020-10-06T13:47:13.728Z,buy,1.551e-05,160.0,0.0024815999999999
RDN/BTC,1601992035977,2020-10-06T13:47:15.977Z,buy,1.557e-05,649.0,0.0101049299999999
RDN/BTC,1601992035977,2020-10-06T13:47:15.977Z,buy,1.559e-05,1101.0,0.01716459
RDN/BTC,1601992035977,2020-10-06T13:47:15.977Z,buy,1.559e-05,20.0,0.0003118
RDN/BTC,1601992089802,2020-10-06T13:48:09.802Z,sell,1.552e-05,15.0,0.0002328
RDN/BTC,1601992158237,2020-10-06T13:49:18.237Z,sell,1.549e-05,735.0,0.01138515
RDN/BTC,1601992169469,2020-10-06T13:49:29.469Z,sell,1.547e-05,65.0,0.00100555
RDN/BTC,1601992553329,2020-10-06T13:55:53.329Z,sell,1.549e-05,322.0,0.00498778
RDN/BTC,1601992553329,2020-10-06T13:55:53.329Z,sell,1.545e-05,3634.0,0.0561452999999999
RDN/BTC,1601992638841,2020-10-06T13:57:18.841Z,buy,1.545e-05,7.0,0.00010815
RDN/BTC,1601992647514,2020-10-06T13:57:27.514Z,buy,1.545e-05,1873.0,0.0289378499999999
RDN/BTC,1601992682065,2020-10-06T13:58:02.065Z,buy,1.545e-05,520.0,0.008034
RDN/BTC,1601992772734,2020-10-06T13:59:32.734Z,buy,1.547e-05,100.0,0.001547
RDN/BTC,1601992786369,2020-10-06T13:59:46.369Z,buy,1.553e-05,347.0,0.0053889099999999
RDN/BTC,1601992790832,2020-10-06T13:59:50.832Z,sell,1.548e-05,259.0,0.00400932
RDN/BTC,1601992822311,2020-10-06T14:00:22.311Z,sell,1.543e-05,65.0,0.00100295
RDN/BTC,1601992825842,2020-10-06T14:00:25.842Z,buy,1.549e-05,21.0,0.00032529
RDN/BTC,1601992866806,2020-10-06T14:01:06.806Z,buy,1.548e-05,522.0,0.00808056
RDN/BTC,1601992866865,2020-10-06T14:01:06.865Z,sell,1.548e-05,144.0,0.00222912
RDN/BTC,1601992909026,2020-10-06T14:01:49.026Z,buy,1.548e-05,350.0,0.005418
RDN/BTC,1601993190230,2020-10-06T14:06:30.230Z,sell,1.542e-05,167.0,0.00257514
RDN/BTC,1601993786678,2020-10-06T14:16:26.678Z,sell,1.542e-05,14.0,0.00021588
RDN/BTC,1601994168177,2020-10-06T14:22:48.177Z,buy,1.549e-05,8.0,0.00012392
RDN/BTC,1601994492850,2020-10-06T14:28:12.850Z,buy,1.547e-05,1501.0,0.02322047
RDN/BTC,1601994777118,2020-10-06T14:32:57.118Z,buy,1.545e-05,200.0,0.00309
RDN/BTC,1601994777118,2020-10-06T14:32:57.118Z,buy,1.546e-05,250.0,0.003865
RDN/BTC,1601994777118,2020-10-06T14:32:57.118Z,buy,1.545e-05,200.0,0.00309
RDN/BTC,1601994777118,2020-10-06T14:32:57.118Z,buy,1.546e-05,250.0,0.003865
RDN/BTC,1601994896568,2020-10-06T14:34:56.568Z,buy,1.546e-05,50.0,0.000773
RDN/BTC,1601994896568,2020-10-06T14:34:56.568Z,buy,1.547e-05,445.0,0.0068841499999999
RDN/BTC,1601994916509,2020-10-06T14:35:16.509Z,buy,1.547e-05,55.0,0.00085085
RDN/BTC,1601994916509,2020-10-06T14:35:16.509Z,buy,1.549e-05,165.0,0.0025558499999999
RDN/BTC,1601994916585,2020-10-06T14:35:16.585Z,sell,1.549e-05,411.0,0.0063663899999999
RDN/BTC,1601994916690,2020-10-06T14:35:16.690Z,sell,1.549e-05,206.0,0.0031909399999999
RDN/BTC,1601994919687,2020-10-06T14:35:19.687Z,sell,1.549e-05,100.0,0.0015489999999999
RDN/BTC,1601995005255,2020-10-06T14:36:45.255Z,buy,1.555e-05,260.0,0.004043
RDN/BTC,1601995005328,2020-10-06T14:36:45.328Z,sell,1.555e-05,154.0,0.0023946999999999
RDN/BTC,1601995005427,2020-10-06T14:36:45.427Z,sell,1.555e-05,12.0,0.0001865999999999
RDN/BTC,1601995010529,2020-10-06T14:36:50.529Z,sell,1.547e-05,80.0,0.0012376
RDN/BTC,1601995038569,2020-10-06T14:37:18.569Z,sell,1.547e-05,137.0,0.00211939
RDN/BTC,1601995038583,2020-10-06T14:37:18.583Z,sell,1.547e-05,100.0,0.001547
RDN/BTC,1601995099069,2020-10-06T14:38:19.069Z,sell,1.547e-05,125.0,0.00193375
RDN/BTC,1601995099081,2020-10-06T14:38:19.081Z,sell,1.547e-05,12.0,0.00018564
RDN/BTC,1601995109042,2020-10-06T14:38:29.042Z,sell,1.544e-05,65.0,0.0010036
RDN/BTC,1601995317083,2020-10-06T14:41:57.083Z,buy,1.55e-05,194.0,0.003007
RDN/BTC,1601995317083,2020-10-06T14:41:57.083Z,buy,1.552e-05,65.0,0.0010088
RDN/BTC,1601995317083,2020-10-06T14:41:57.083Z,buy,1.553e-05,385.0,0.00597905
RDN/BTC,1601995331770,2020-10-06T14:42:11.770Z,buy,1.555e-05,72.0,0.0011196
RDN/BTC,1601995331770,2020-10-06T14:42:11.770Z,buy,1.556e-05,295.0,0.0045902
RDN/BTC,1601995343918,2020-10-06T14:42:23.918Z,buy,1.556e-05,330.0,0.0051348
RDN/BTC,1601995736909,2020-10-06T14:48:56.909Z,buy,1.556e-05,7.0,0.00010892
RDN/BTC,1601995812859,2020-10-06T14:50:12.859Z,buy,1.556e-05,9.0,0.00014004
RDN/BTC,1601995816840,2020-10-06T14:50:16.840Z,sell,1.548e-05,454.0,0.00702792
RDN/BTC,1601995816840,2020-10-06T14:50:16.840Z,sell,1.546e-05,457.0,0.00706522
RDN/BTC,1601995823862,2020-10-06T14:50:23.862Z,buy,1.546e-05,89.0,0.00137594
RDN/BTC,1601995828218,2020-10-06T14:50:28.218Z,sell,1.545e-05,65.0,0.00100425
RDN/BTC,1601996046914,2020-10-06T14:54:06.914Z,sell,1.549e-05,13.0,0.0002013699999999
RDN/BTC,1601996078733,2020-10-06T14:54:38.733Z,buy,1.545e-05,237.0,0.00366165
RDN/BTC,1601996111181,2020-10-06T14:55:11.181Z,sell,1.545e-05,263.0,0.0040633499999999
RDN/BTC,1601996667450,2020-10-06T15:04:27.450Z,buy,1.551e-05,227.0,0.00352077
RDN/BTC,1601996667450,2020-10-06T15:04:27.450Z,buy,1.552e-05,461.0,0.00715472
RDN/BTC,1601996677509,2020-10-06T15:04:37.509Z,sell,1.546e-05,259.0,0.00400414
RDN/BTC,1601996677614,2020-10-06T15:04:37.614Z,sell,1.545e-05,189.0,0.00292005
RDN/BTC,1601996677718,2020-10-06T15:04:37.718Z,sell,1.545e-05,94.0,0.0014523
RDN/BTC,1601996717135,2020-10-06T15:05:17.135Z,sell,1.545e-05,65.0,0.00100425
RDN/BTC,1601996742974,2020-10-06T15:05:42.974Z,sell,1.545e-05,796.0,0.0122981999999999
RDN/BTC,1601997502310,2020-10-06T15:18:22.310Z,buy,1.547e-05,189.0,0.0029238299999999
RDN/BTC,1601997502324,2020-10-06T15:18:22.324Z,buy,1.551e-05,95.0,0.0014734499999999
RDN/BTC,1601997663036,2020-10-06T15:21:03.036Z,buy,1.551e-05,99.0,0.0015354899999999
RDN/BTC,1601997663036,2020-10-06T15:21:03.036Z,buy,1.556e-05,391.0,0.00608396
RDN/BTC,1601997710349,2020-10-06T15:21:50.349Z,buy,1.551e-05,13.0,0.0002016299999999
RDN/BTC,1601997710349,2020-10-06T15:21:50.349Z,buy,1.556e-05,66.0,0.00102696
RDN/BTC,1601997710349,2020-10-06T15:21:50.349Z,buy,1.557e-05,239.0,0.0037212299999999
RDN/BTC,1601997716927,2020-10-06T15:21:56.927Z,buy,1.557e-05,438.0,0.0068196599999999
RDN/BTC,1601998359491,2020-10-06T15:32:39.491Z,buy,1.557e-05,26.0,0.0004048199999999
RDN/BTC,1601998359491,2020-10-06T15:32:39.491Z,buy,1.557e-05,26.0,0.0004048199999999
RDN/BTC,1601998512079,2020-10-06T15:35:12.079Z,buy,1.557e-05,5.0,7.785e-05
RDN/BTC,1601998844282,2020-10-06T15:40:44.282Z,buy,1.557e-05,37.0,0.0005760899999999
RDN/BTC,1601998870462,2020-10-06T15:41:10.462Z,buy,1.558e-05,250.0,0.003895
RDN/BTC,1601998880841,2020-10-06T15:41:20.841Z,buy,1.562e-05,7.0,0.00010934
RDN/BTC,1601998888434,2020-10-06T15:41:28.434Z,buy,1.563e-05,196.0,0.00306348
RDN/BTC,1601999413842,2020-10-06T15:50:13.842Z,buy,1.564e-05,18.0,0.00028152
RDN/BTC,1601999842660,2020-10-06T15:57:22.660Z,sell,1.559e-05,24.0,0.00037416
RDN/BTC,1602000890487,2020-10-06T16:14:50.487Z,buy,1.564e-05,209.0,0.00326876
RDN/BTC,1602000890487,2020-10-06T16:14:50.487Z,buy,1.565e-05,250.0,0.0039125
RDN/BTC,1602000890487,2020-10-06T16:14:50.487Z,buy,1.569e-05,487.0,0.00764103
RDN/BTC,1602000890487,2020-10-06T16:14:50.487Z,buy,1.571e-05,522.0,0.00820062
RDN/BTC,1602000890487,2020-10-06T16:14:50.487Z,buy,1.572e-05,1000.0,0.0157199999999999
RDN/BTC,1602000890487,2020-10-06T16:14:50.487Z,buy,1.575e-05,7107.0,0.11193525
RDN/BTC,1602000890487,2020-10-06T16:14:50.487Z,buy,1.577e-05,3229.0,0.05092133
RDN/BTC,1602000890487,2020-10-06T16:14:50.487Z,buy,1.581e-05,200.0,0.003162
RDN/BTC,1602000890487,2020-10-06T16:14:50.487Z,buy,1.588e-05,201.0,0.00319188
RDN/BTC,1602000890487,2020-10-06T16:14:50.487Z,buy,1.59e-05,152.0,0.0024168
RDN/BTC,1602000905418,2020-10-06T16:15:05.418Z,buy,1.589e-05,170.0,0.0027013
RDN/BTC,1602000905418,2020-10-06T16:15:05.418Z,buy,1.59e-05,389.0,0.0061851
RDN/BTC,1602000905418,2020-10-06T16:15:05.418Z,buy,1.591e-05,7.0,0.0001113699999999
RDN/BTC,1602000905418,2020-10-06T16:15:05.418Z,buy,1.593e-05,890.0,0.0141777
RDN/BTC,1602000905418,2020-10-06T16:15:05.418Z,buy,1.594e-05,202.0,0.00321988
RDN/BTC,1602000905418,2020-10-06T16:15:05.418Z,buy,1.595e-05,462.0,0.0073689
RDN/BTC,1602000905418,2020-10-06T16:15:05.418Z,buy,1.596e-05,1053.0,0.01680588
RDN/BTC,1602000905418,2020-10-06T16:15:05.418Z,buy,1.598e-05,169.0,0.00270062
RDN/BTC,1602000905418,2020-10-06T16:15:05.418Z,buy,1.599e-05,2374.0,0.03796026
RDN/BTC,1602000905418,2020-10-06T16:15:05.418Z,buy,1.6e-05,3512.0,0.056192
RDN/BTC,1602000905418,2020-10-06T16:15:05.418Z,buy,1.602e-05,687.0,0.01100574
RDN/BTC,1602000910735,2020-10-06T16:15:10.735Z,sell,1.591e-05,70.0,0.0011136999999999
RDN/BTC,1602000910910,2020-10-06T16:15:10.910Z,sell,1.576e-05,7.0,0.00011032
RDN/BTC,1602000932827,2020-10-06T16:15:32.827Z,buy,1.6e-05,516.0,0.008256
RDN/BTC,1602000932827,2020-10-06T16:15:32.827Z,buy,1.602e-05,2434.0,0.0389926799999999
RDN/BTC,1602000934136,2020-10-06T16:15:34.136Z,buy,1.602e-05,25.0,0.0004005
RDN/BTC,1602000970444,2020-10-06T16:16:10.444Z,buy,1.602e-05,7.0,0.00011214
RDN/BTC,1602000976347,2020-10-06T16:16:16.347Z,buy,1.602e-05,7.0,0.00011214
RDN/BTC,1602000982048,2020-10-06T16:16:22.048Z,buy,1.602e-05,7.0,0.00011214
RDN/BTC,1602001055079,2020-10-06T16:17:35.079Z,sell,1.59e-05,63.0,0.0010017
RDN/BTC,1602001055079,2020-10-06T16:17:35.079Z,sell,1.59e-05,64.0,0.0010176
RDN/BTC,1602001143731,2020-10-06T16:19:03.731Z,buy,1.601e-05,14.0,0.00022414
RDN/BTC,1602001144802,2020-10-06T16:19:04.802Z,buy,1.601e-05,113.0,0.00180913
RDN/BTC,1602001144802,2020-10-06T16:19:04.802Z,buy,1.602e-05,1386.0,0.02220372
RDN/BTC,1602001179601,2020-10-06T16:19:39.601Z,buy,1.602e-05,959.0,0.0153631799999999
RDN/BTC,1602001179674,2020-10-06T16:19:39.674Z,sell,1.602e-05,81.0,0.00129762
RDN/BTC,1602001188657,2020-10-06T16:19:48.657Z,buy,1.603e-05,20.0,0.0003206
RDN/BTC,1602001188657,2020-10-06T16:19:48.657Z,buy,1.606e-05,205.0,0.0032922999999999
RDN/BTC,1602001196359,2020-10-06T16:19:56.359Z,sell,1.606e-05,499.0,0.0080139399999999
RDN/BTC,1602001512597,2020-10-06T16:25:12.597Z,sell,1.598e-05,297.0,0.00474606
RDN/BTC,1602001512597,2020-10-06T16:25:12.597Z,sell,1.594e-05,665.0,0.0106001
RDN/BTC,1602001512597,2020-10-06T16:25:12.597Z,sell,1.593e-05,522.0,0.00831546
RDN/BTC,1602001512597,2020-10-06T16:25:12.597Z,sell,1.592e-05,909.0,0.01447128
RDN/BTC,1602001532045,2020-10-06T16:25:32.045Z,sell,1.593e-05,94.0,0.00149742
RDN/BTC,1602001532045,2020-10-06T16:25:32.045Z,sell,1.592e-05,439.0,0.00698888
RDN/BTC,1602001532045,2020-10-06T16:25:32.045Z,sell,1.591e-05,112.0,0.0017819199999999
RDN/BTC,1602001532045,2020-10-06T16:25:32.045Z,sell,1.59e-05,252.0,0.0040068
RDN/BTC,1602001551092,2020-10-06T16:25:51.092Z,sell,1.593e-05,218.0,0.00347274
RDN/BTC,1602001551092,2020-10-06T16:25:51.092Z,sell,1.589e-05,174.0,0.0027648599999999
RDN/BTC,1602001568929,2020-10-06T16:26:08.929Z,sell,1.591e-05,522.0,0.00830502
RDN/BTC,1602001568929,2020-10-06T16:26:08.929Z,sell,1.59e-05,5371.0,0.0853989
RDN/BTC,1602001780996,2020-10-06T16:29:40.996Z,buy,1.585e-05,251.0,0.0039783499999999
RDN/BTC,1602001790037,2020-10-06T16:29:50.037Z,buy,1.593e-05,124.0,0.00197532
RDN/BTC,1602001957983,2020-10-06T16:32:37.983Z,sell,1.586e-05,668.0,0.01059448
RDN/BTC,1602001957983,2020-10-06T16:32:37.983Z,sell,1.586e-05,668.0,0.01059448
RDN/BTC,1602001961756,2020-10-06T16:32:41.756Z,sell,1.586e-05,668.0,0.01059448
RDN/BTC,1602001963666,2020-10-06T16:32:43.666Z,sell,1.586e-05,668.0,0.01059448
RDN/BTC,1602001967097,2020-10-06T16:32:47.097Z,sell,1.586e-05,668.0,0.01059448
RDN/BTC,1602001970590,2020-10-06T16:32:50.590Z,sell,1.586e-05,373.0,0.00591578
RDN/BTC,1602001970590,2020-10-06T16:32:50.590Z,sell,1.585e-05,295.0,0.0046757499999999
RDN/BTC,1602001973777,2020-10-06T16:32:53.777Z,sell,1.584e-05,668.0,0.01058112
RDN/BTC,1602001973899,2020-10-06T16:32:53.899Z,sell,1.584e-05,125.0,0.00198
RDN/BTC,1602001974599,2020-10-06T16:32:54.599Z,sell,1.582e-05,126.0,0.00199332
RDN/BTC,1602001976475,2020-10-06T16:32:56.475Z,sell,1.582e-05,126.0,0.00199332
RDN/BTC,1602001976475,2020-10-06T16:32:56.475Z,sell,1.579e-05,51.0,0.00080529
RDN/BTC,1602001976475,2020-10-06T16:32:56.475Z,sell,1.575e-05,491.0,0.00773325
RDN/BTC,1602001978970,2020-10-06T16:32:58.970Z,sell,1.578e-05,19.0,0.00029982
RDN/BTC,1602001978970,2020-10-06T16:32:58.970Z,sell,1.577e-05,393.0,0.00619761
RDN/BTC,1602002035926,2020-10-06T16:33:55.926Z,sell,1.576e-05,352.0,0.00554752
RDN/BTC,1602002035926,2020-10-06T16:33:55.926Z,sell,1.575e-05,1410.0,0.0222075
RDN/BTC,1602002330787,2020-10-06T16:38:50.787Z,buy,1.576e-05,7.0,0.00011032
RDN/BTC,1602002388603,2020-10-06T16:39:48.603Z,sell,1.575e-05,37.0,0.00058275
RDN/BTC,1602002483097,2020-10-06T16:41:23.097Z,sell,1.575e-05,831.0,0.01308825
RDN/BTC,1602002483097,2020-10-06T16:41:23.097Z,sell,1.574e-05,2580.0,0.0406092
RDN/BTC,1602002495379,2020-10-06T16:41:35.379Z,sell,1.573e-05,64.0,0.00100672
RDN/BTC,1602002521902,2020-10-06T16:42:01.902Z,sell,1.573e-05,14.0,0.00022022
RDN/BTC,1602002521902,2020-10-06T16:42:01.902Z,sell,1.569e-05,64.0,0.00100416
RDN/BTC,1602002521998,2020-10-06T16:42:01.998Z,buy,1.569e-05,1345.0,0.02110305
RDN/BTC,1602002522103,2020-10-06T16:42:02.103Z,buy,1.569e-05,672.0,0.01054368
RDN/BTC,1602002522199,2020-10-06T16:42:02.199Z,buy,1.569e-05,336.0,0.00527184
RDN/BTC,1602002522797,2020-10-06T16:42:02.797Z,buy,1.569e-05,167.0,0.00262023
RDN/BTC,1602002522904,2020-10-06T16:42:02.904Z,buy,1.569e-05,83.0,0.00130227
RDN/BTC,1602002538685,2020-10-06T16:42:18.685Z,sell,1.566e-05,64.0,0.00100224
RDN/BTC,1602002538697,2020-10-06T16:42:18.697Z,buy,1.568e-05,12.0,0.00018816
RDN/BTC,1602002538697,2020-10-06T16:42:18.697Z,buy,1.569e-05,57.0,0.00089433
RDN/BTC,1602002551069,2020-10-06T16:42:31.069Z,sell,1.566e-05,238.0,0.00372708
RDN/BTC,1602002561818,2020-10-06T16:42:41.818Z,buy,1.571e-05,137.0,0.00215227
RDN/BTC,1602002707310,2020-10-06T16:45:07.310Z,buy,1.571e-05,39.0,0.00061269
RDN/BTC,1602002707310,2020-10-06T16:45:07.310Z,buy,1.572e-05,191.0,0.00300252
RDN/BTC,1602002707310,2020-10-06T16:45:07.310Z,buy,1.576e-05,345.0,0.0054372
RDN/BTC,1602002707310,2020-10-06T16:45:07.310Z,buy,1.578e-05,193.0,0.00304554
RDN/BTC,1602002707310,2020-10-06T16:45:07.310Z,buy,1.581e-05,824.0,0.01302744
RDN/BTC,1602002707310,2020-10-06T16:45:07.310Z,buy,1.582e-05,665.0,0.0105203
RDN/BTC,1602002707310,2020-10-06T16:45:07.310Z,buy,1.583e-05,178.0,0.00281774
RDN/BTC,1602002707310,2020-10-06T16:45:07.310Z,buy,1.584e-05,891.0,0.01411344
RDN/BTC,1602002707310,2020-10-06T16:45:07.310Z,buy,1.585e-05,100.0,0.0015849999999999
RDN/BTC,1602002707310,2020-10-06T16:45:07.310Z,buy,1.589e-05,3382.0,0.0537399799999999
RDN/BTC,1602002940519,2020-10-06T16:49:00.519Z,sell,1.574e-05,5345.0,0.0841302999999999
RDN/BTC,1602003208676,2020-10-06T16:53:28.676Z,buy,1.574e-05,202.0,0.0031794799999999
RDN/BTC,1602004875265,2020-10-06T17:21:15.265Z,buy,1.585e-05,7.0,0.0001109499999999
RDN/BTC,1602005110715,2020-10-06T17:25:10.715Z,buy,1.583e-05,147.0,0.00232701
RDN/BTC,1602005110728,2020-10-06T17:25:10.728Z,buy,1.583e-05,558.0,0.00883314
RDN/BTC,1602005110882,2020-10-06T17:25:10.882Z,buy,1.582e-05,78.0,0.00123396
RDN/BTC,1602005110882,2020-10-06T17:25:10.882Z,buy,1.582e-05,78.0,0.00123396
RDN/BTC,1602006103198,2020-10-06T17:41:43.198Z,sell,1.573e-05,642.0,0.01009866
RDN/BTC,1602006116145,2020-10-06T17:41:56.145Z,sell,1.571e-05,64.0,0.00100544
RDN/BTC,1602006160214,2020-10-06T17:42:40.214Z,sell,1.571e-05,393.0,0.00617403
RDN/BTC,1602006160214,2020-10-06T17:42:40.214Z,sell,1.569e-05,146.0,0.00229074
RDN/BTC,1602006176287,2020-10-06T17:42:56.287Z,buy,1.577e-05,68.0,0.00107236
RDN/BTC,1602006676059,2020-10-06T17:51:16.059Z,buy,1.577e-05,123.0,0.0019397099999999
RDN/BTC,1602006676059,2020-10-06T17:51:16.059Z,buy,1.58e-05,4.0,6.32e-05
RDN/BTC,1602007046599,2020-10-06T17:57:26.599Z,buy,1.58e-05,43.0,0.0006794
RDN/BTC,1602007133534,2020-10-06T17:58:53.534Z,sell,1.573e-05,1602.0,0.02519946
RDN/BTC,1602008084517,2020-10-06T18:14:44.517Z,buy,1.574e-05,11.0,0.0001731399999999
RDN/BTC,1602008084517,2020-10-06T18:14:44.517Z,buy,1.574e-05,11.0,0.0001731399999999
RDN/BTC,1602009388364,2020-10-06T18:36:28.364Z,sell,1.573e-05,13.0,0.00020449
RDN/BTC,1602009388364,2020-10-06T18:36:28.364Z,sell,1.571e-05,255.0,0.00400605
RDN/BTC,1602009401258,2020-10-06T18:36:41.258Z,sell,1.565e-05,64.0,0.0010016
RDN/BTC,1602009931047,2020-10-06T18:45:31.047Z,sell,1.565e-05,13.0,0.00020345
RDN/BTC,1602009931047,2020-10-06T18:45:31.047Z,sell,1.564e-05,93.0,0.00145452
RDN/BTC,1602009931047,2020-10-06T18:45:31.047Z,sell,1.563e-05,1304.0,0.02038152
RDN/BTC,1602009931058,2020-10-06T18:45:31.058Z,sell,1.563e-05,706.0,0.01103478
RDN/BTC,1602009931835,2020-10-06T18:45:31.835Z,sell,1.563e-05,351.0,0.00548613
RDN/BTC,1602009932135,2020-10-06T18:45:32.135Z,sell,1.563e-05,175.0,0.00273525
RDN/BTC,1602009932236,2020-10-06T18:45:32.236Z,sell,1.563e-05,88.0,0.00137544
RDN/BTC,1602010358588,2020-10-06T18:52:38.588Z,sell,1.563e-05,11.0,0.00017193
RDN/BTC,1602010580982,2020-10-06T18:56:20.982Z,sell,1.563e-05,5725.0,0.08948175
RDN/BTC,1602010585762,2020-10-06T18:56:25.762Z,sell,1.561e-05,64.0,0.00099904
RDN/BTC,1602010585762,2020-10-06T18:56:25.762Z,sell,1.555e-05,52.0,0.0008085999999999
RDN/BTC,1602010601134,2020-10-06T18:56:41.134Z,sell,1.545e-05,627.0,0.00968715
RDN/BTC,1602010601134,2020-10-06T18:56:41.134Z,sell,1.544e-05,396.0,0.00611424
RDN/BTC,1602010601134,2020-10-06T18:56:41.134Z,sell,1.542e-05,1069.0,0.01648398
RDN/BTC,1602010601694,2020-10-06T18:56:41.694Z,buy,1.542e-05,120.0,0.0018504
RDN/BTC,1602010602020,2020-10-06T18:56:42.020Z,sell,1.541e-05,288.0,0.00443808
RDN/BTC,1602010602020,2020-10-06T18:56:42.020Z,sell,1.54e-05,1209.0,0.0186186
RDN/BTC,1602010604056,2020-10-06T18:56:44.056Z,buy,1.542e-05,71.0,0.00109482
RDN/BTC,1602010607870,2020-10-06T18:56:47.870Z,buy,1.542e-05,251.0,0.00387042
RDN/BTC,1602010618485,2020-10-06T18:56:58.485Z,sell,1.541e-05,1786.0,0.02752226
RDN/BTC,1602010618485,2020-10-06T18:56:58.485Z,sell,1.54e-05,801.0,0.0123354
RDN/BTC,1602010629503,2020-10-06T18:57:09.503Z,buy,1.54e-05,233.0,0.0035882
RDN/BTC,1602010631502,2020-10-06T18:57:11.502Z,buy,1.54e-05,134.0,0.0020636
RDN/BTC,1602010631779,2020-10-06T18:57:11.779Z,sell,1.54e-05,233.0,0.0035882
RDN/BTC,1602010632284,2020-10-06T18:57:12.284Z,sell,1.541e-05,963.0,0.01483983
RDN/BTC,1602010666097,2020-10-06T18:57:46.097Z,sell,1.538e-05,630.0,0.0096893999999999
RDN/BTC,1602010788266,2020-10-06T18:59:48.266Z,buy,1.545e-05,25.0,0.00038625
RDN/BTC,1602010816436,2020-10-06T19:00:16.436Z,sell,1.537e-05,16.0,0.00024592
RDN/BTC,1602010868416,2020-10-06T19:01:08.416Z,buy,1.537e-05,13.0,0.00019981
RDN/BTC,1602010874241,2020-10-06T19:01:14.241Z,buy,1.544e-05,63.0,0.00097272
RDN/BTC,1602010874241,2020-10-06T19:01:14.241Z,buy,1.544e-05,53.0,0.00081832
RDN/BTC,1602010874241,2020-10-06T19:01:14.241Z,buy,1.544e-05,20.0,0.0003088
RDN/BTC,1602010892762,2020-10-06T19:01:32.762Z,sell,1.536e-05,36.0,0.0005529599999999
RDN/BTC,1602011315779,2020-10-06T19:08:35.779Z,sell,1.536e-05,64.0,0.00098304
RDN/BTC,1602011317880,2020-10-06T19:08:37.880Z,buy,1.536e-05,224.0,0.0034406399999999
RDN/BTC,1602011317880,2020-10-06T19:08:37.880Z,buy,1.54e-05,53.0,0.0008162
RDN/BTC,1602011317880,2020-10-06T19:08:37.880Z,buy,1.542e-05,68.0,0.00104856
RDN/BTC,1602011333941,2020-10-06T19:08:53.941Z,buy,1.542e-05,127.0,0.00195834
RDN/BTC,1602011333941,2020-10-06T19:08:53.941Z,buy,1.544e-05,97.0,0.00149768
RDN/BTC,1602011333941,2020-10-06T19:08:53.941Z,buy,1.542e-05,127.0,0.00195834
RDN/BTC,1602011333941,2020-10-06T19:08:53.941Z,buy,1.544e-05,97.0,0.00149768
RDN/BTC,1602011690441,2020-10-06T19:14:50.441Z,buy,1.544e-05,26.0,0.00040144
RDN/BTC,1602012175007,2020-10-06T19:22:55.007Z,buy,1.544e-05,9.0,0.00013896
RDN/BTC,1602012175774,2020-10-06T19:22:55.774Z,buy,1.544e-05,4.0,6.176e-05
RDN/BTC,1602012176852,2020-10-06T19:22:56.852Z,buy,1.545e-05,10.0,0.0001545
RDN/BTC,1602012764285,2020-10-06T19:32:44.285Z,buy,1.545e-05,50.0,0.0007725
RDN/BTC,1602013160578,2020-10-06T19:39:20.578Z,sell,1.544e-05,22.0,0.00033968
RDN/BTC,1602013937228,2020-10-06T19:52:17.228Z,sell,1.544e-05,2109.0,0.03256296
RDN/BTC,1602014113895,2020-10-06T19:55:13.895Z,sell,1.537e-05,389.0,0.00597893
RDN/BTC,1602014113895,2020-10-06T19:55:13.895Z,sell,1.533e-05,32.0,0.00049056
RDN/BTC,1602014113895,2020-10-06T19:55:13.895Z,sell,1.531e-05,153.0,0.00234243
RDN/BTC,1602014113895,2020-10-06T19:55:13.895Z,sell,1.529e-05,228.0,0.00348612
RDN/BTC,1602014113895,2020-10-06T19:55:13.895Z,sell,1.527e-05,522.0,0.00797094
RDN/BTC,1602014113895,2020-10-06T19:55:13.895Z,sell,1.526e-05,2998.0,0.04574948
RDN/BTC,1602014113895,2020-10-06T19:55:13.895Z,sell,1.525e-05,75.0,0.00114375
RDN/BTC,1602014113895,2020-10-06T19:55:13.895Z,sell,1.524e-05,3814.0,0.05812536
RDN/BTC,1602014113978,2020-10-06T19:55:13.978Z,buy,1.524e-05,2234.0,0.03404616
RDN/BTC,1602014114874,2020-10-06T19:55:14.874Z,buy,1.53e-05,503.0,0.0076958999999999
RDN/BTC,1602014126240,2020-10-06T19:55:26.240Z,sell,1.524e-05,66.0,0.00100584
RDN/BTC,1602014324929,2020-10-06T19:58:44.929Z,buy,1.529e-05,13.0,0.00019877
RDN/BTC,1602014324929,2020-10-06T19:58:44.929Z,buy,1.529e-05,9.0,0.00013761
RDN/BTC,1602014324929,2020-10-06T19:58:44.929Z,buy,1.529e-05,95.0,0.00145255
RDN/BTC,1602014324942,2020-10-06T19:58:44.942Z,buy,1.529e-05,80.0,0.0012232
RDN/BTC,1602014397601,2020-10-06T19:59:57.601Z,buy,1.533e-05,411.0,0.00630063
RDN/BTC,1602014411115,2020-10-06T20:00:11.115Z,buy,1.534e-05,100.0,0.0015339999999999
RDN/BTC,1602014411115,2020-10-06T20:00:11.115Z,buy,1.536e-05,160.0,0.0024576
RDN/BTC,1602014490601,2020-10-06T20:01:30.601Z,buy,1.534e-05,46.0,0.00070564
RDN/BTC,1602014490601,2020-10-06T20:01:30.601Z,buy,1.535e-05,452.0,0.0069382
RDN/BTC,1602014555047,2020-10-06T20:02:35.047Z,buy,1.534e-05,10.0,0.0001534
RDN/BTC,1602014692473,2020-10-06T20:04:52.473Z,buy,1.534e-05,71.0,0.00108914
RDN/BTC,1602014692473,2020-10-06T20:04:52.473Z,buy,1.534e-05,71.0,0.00108914
RDN/BTC,1602015590797,2020-10-06T20:19:50.797Z,buy,1.533e-05,12.0,0.00018396
RDN/BTC,1602016028923,2020-10-06T20:27:08.923Z,sell,1.533e-05,13.0,0.00019929
RDN/BTC,1602016172999,2020-10-06T20:29:32.999Z,sell,1.527e-05,502.0,0.00766554
RDN/BTC,1602016188282,2020-10-06T20:29:48.282Z,sell,1.524e-05,66.0,0.00100584
RDN/BTC,1602016193833,2020-10-06T20:29:53.833Z,buy,1.526e-05,8.0,0.00012208
RDN/BTC,1602016247213,2020-10-06T20:30:47.213Z,sell,1.521e-05,518.0,0.00787878
RDN/BTC,1602016379731,2020-10-06T20:32:59.731Z,sell,1.521e-05,383.0,0.00582543
RDN/BTC,1602016751562,2020-10-06T20:39:11.562Z,sell,1.521e-05,13.0,0.00019773
RDN/BTC,1602016751562,2020-10-06T20:39:11.562Z,sell,1.52e-05,2030.0,0.030856
RDN/BTC,1602016751644,2020-10-06T20:39:11.644Z,sell,1.52e-05,1035.0,0.015732
RDN/BTC,1602016752336,2020-10-06T20:39:12.336Z,sell,1.52e-05,515.0,0.007828
RDN/BTC,1602016752437,2020-10-06T20:39:12.437Z,sell,1.52e-05,257.0,0.0039064
RDN/BTC,1602017299078,2020-10-06T20:48:19.078Z,buy,1.521e-05,12.0,0.00018252
RDN/BTC,1602017382647,2020-10-06T20:49:42.647Z,sell,1.52e-05,4123.0,0.0626696
RDN/BTC,1602017382647,2020-10-06T20:49:42.647Z,sell,1.519e-05,10228.0,0.15536332
RDN/BTC,1602017382647,2020-10-06T20:49:42.647Z,sell,1.517e-05,16.0,0.00024272
RDN/BTC,1602017382647,2020-10-06T20:49:42.647Z,sell,1.516e-05,45.0,0.0006822
RDN/BTC,1602017382647,2020-10-06T20:49:42.647Z,sell,1.514e-05,200.0,0.003028
RDN/BTC,1602017382647,2020-10-06T20:49:42.647Z,sell,1.511e-05,531.0,0.00802341
RDN/BTC,1602017382647,2020-10-06T20:49:42.647Z,sell,1.51e-05,4255.0,0.0642505
RDN/BTC,1602017382647,2020-10-06T20:49:42.647Z,sell,1.507e-05,260.0,0.0039182
RDN/BTC,1602017382647,2020-10-06T20:49:42.647Z,sell,1.506e-05,200.0,0.003012
RDN/BTC,1602017382647,2020-10-06T20:49:42.647Z,sell,1.504e-05,375.0,0.00564
RDN/BTC,1602017382647,2020-10-06T20:49:42.647Z,sell,1.502e-05,160.0,0.0024032
RDN/BTC,1602017382647,2020-10-06T20:49:42.647Z,sell,1.501e-05,436.0,0.00654436
RDN/BTC,1602017382647,2020-10-06T20:49:42.647Z,sell,1.5e-05,4577.0,0.068655
RDN/BTC,1602017382647,2020-10-06T20:49:42.647Z,sell,1.499e-05,2602.0,0.03900398
RDN/BTC,1602017382647,2020-10-06T20:49:42.647Z,sell,1.495e-05,99.0,0.00148005
RDN/BTC,1602017382647,2020-10-06T20:49:42.647Z,sell,1.494e-05,16.0,0.00023904
RDN/BTC,1602017382647,2020-10-06T20:49:42.647Z,sell,1.493e-05,82.0,0.00122426
RDN/BTC,1602017382647,2020-10-06T20:49:42.647Z,sell,1.486e-05,1991.0,0.02958626
RDN/BTC,1602017383866,2020-10-06T20:49:43.866Z,buy,1.508e-05,9.0,0.00013572
RDN/BTC,1602017389959,2020-10-06T20:49:49.959Z,buy,1.508e-05,30.0,0.0004524
RDN/BTC,1602017394813,2020-10-06T20:49:54.813Z,sell,1.502e-05,67.0,0.00100634
RDN/BTC,1602017396576,2020-10-06T20:49:56.576Z,sell,1.502e-05,1010.0,0.0151702
RDN/BTC,1602017407668,2020-10-06T20:50:07.668Z,sell,1.502e-05,1991.0,0.02990482
RDN/BTC,1602017431832,2020-10-06T20:50:31.832Z,sell,1.503e-05,42.0,0.00063126
RDN/BTC,1602017431832,2020-10-06T20:50:31.832Z,sell,1.502e-05,51.0,0.00076602
RDN/BTC,1602017491036,2020-10-06T20:51:31.036Z,buy,1.504e-05,9.0,0.00013536
RDN/BTC,1602017505101,2020-10-06T20:51:45.101Z,sell,1.502e-05,90.0,0.0013518
RDN/BTC,1602017628462,2020-10-06T20:53:48.462Z,buy,1.505e-05,252.0,0.0037926
RDN/BTC,1602017628462,2020-10-06T20:53:48.462Z,buy,1.506e-05,227.0,0.00341862
RDN/BTC,1602017628462,2020-10-06T20:53:48.462Z,buy,1.506e-05,41.0,0.00061746
RDN/BTC,1602017628462,2020-10-06T20:53:48.462Z,buy,1.506e-05,55.0,0.0008283
RDN/BTC,1602017861570,2020-10-06T20:57:41.570Z,sell,1.502e-05,436.0,0.00654872
RDN/BTC,1602018119356,2020-10-06T21:01:59.356Z,sell,1.502e-05,1398.0,0.02099796
RDN/BTC,1602018220614,2020-10-06T21:03:40.614Z,buy,1.503e-05,7.0,0.00010521
RDN/BTC,1602018220614,2020-10-06T21:03:40.614Z,buy,1.503e-05,7.0,0.00010521
RDN/BTC,1602018417167,2020-10-06T21:06:57.167Z,sell,1.502e-05,161.0,0.00241822
RDN/BTC,1602018463834,2020-10-06T21:07:43.834Z,buy,1.503e-05,17.0,0.00025551
RDN/BTC,1602018826411,2020-10-06T21:13:46.411Z,sell,1.502e-05,1249.0,0.01875998
RDN/BTC,1602018826411,2020-10-06T21:13:46.411Z,sell,1.498e-05,67.0,0.00100366
RDN/BTC,1602018826411,2020-10-06T21:13:46.411Z,sell,1.492e-05,119.0,0.0017754799999999
RDN/BTC,1602018826411,2020-10-06T21:13:46.411Z,sell,1.486e-05,18.0,0.00026748
RDN/BTC,1602018826411,2020-10-06T21:13:46.411Z,sell,1.485e-05,942.0,0.0139887
RDN/BTC,1602018828762,2020-10-06T21:13:48.762Z,sell,1.486e-05,230.0,0.0034178
RDN/BTC,1602018854516,2020-10-06T21:14:14.516Z,buy,1.495e-05,520.0,0.007774
RDN/BTC,1602018918322,2020-10-06T21:15:18.322Z,buy,1.495e-05,251.0,0.0037524499999999
RDN/BTC,1602019011776,2020-10-06T21:16:51.776Z,sell,1.492e-05,94.0,0.00140248
RDN/BTC,1602019124504,2020-10-06T21:18:44.504Z,buy,1.495e-05,623.0,0.00931385
RDN/BTC,1602019133614,2020-10-06T21:18:53.614Z,buy,1.495e-05,2.0,2.99e-05
RDN/BTC,1602019205034,2020-10-06T21:20:05.034Z,sell,1.495e-05,728.0,0.0108836
RDN/BTC,1602019214520,2020-10-06T21:20:14.520Z,sell,1.495e-05,11.0,0.0001644499999999
RDN/BTC,1602019587077,2020-10-06T21:26:27.077Z,sell,1.495e-05,461.0,0.00689195
RDN/BTC,1602019643035,2020-10-06T21:27:23.035Z,buy,1.496e-05,1207.0,0.01805672
RDN/BTC,1602019830071,2020-10-06T21:30:30.071Z,buy,1.495e-05,36.0,0.0005382
RDN/BTC,1602019969553,2020-10-06T21:32:49.553Z,buy,1.493e-05,522.0,0.0077934599999999
RDN/BTC,1602019969553,2020-10-06T21:32:49.553Z,buy,1.495e-05,279.0,0.00417105
RDN/BTC,1602019984288,2020-10-06T21:33:04.288Z,buy,1.493e-05,122.0,0.00182146
RDN/BTC,1602019993956,2020-10-06T21:33:13.956Z,buy,1.493e-05,67.0,0.00100031
RDN/BTC,1602020004652,2020-10-06T21:33:24.652Z,buy,1.491e-05,261.0,0.00389151
RDN/BTC,1602020049148,2020-10-06T21:34:09.148Z,buy,1.494e-05,56.0,0.0008366399999999
RDN/BTC,1602020060807,2020-10-06T21:34:20.807Z,buy,1.493e-05,1049.0,0.01566157
RDN/BTC,1602020806766,2020-10-06T21:46:46.766Z,sell,1.492e-05,13.0,0.00019396
RDN/BTC,1602021044110,2020-10-06T21:50:44.110Z,sell,1.489e-05,14.0,0.00020846
RDN/BTC,1602021044110,2020-10-06T21:50:44.110Z,sell,1.486e-05,11.0,0.00016346
RDN/BTC,1602021044110,2020-10-06T21:50:44.110Z,sell,1.483e-05,46.0,0.00068218
RDN/BTC,1602021044110,2020-10-06T21:50:44.110Z,sell,1.482e-05,42.0,0.00062244
RDN/BTC,1602021129086,2020-10-06T21:52:09.086Z,buy,1.494e-05,67.0,0.00100098
RDN/BTC,1602021129086,2020-10-06T21:52:09.086Z,buy,1.494e-05,9.0,0.0001344599999999
RDN/BTC,1602021129086,2020-10-06T21:52:09.086Z,buy,1.494e-05,12.0,0.0001792799999999
RDN/BTC,1602021192344,2020-10-06T21:53:12.344Z,buy,1.494e-05,1379.0,0.02060226
RDN/BTC,1602021203340,2020-10-06T21:53:23.340Z,buy,1.497e-05,3877.0,0.05803869
RDN/BTC,1602021237489,2020-10-06T21:53:57.489Z,buy,1.497e-05,2361.0,0.03534417
RDN/BTC,1602021239085,2020-10-06T21:53:59.085Z,buy,1.501e-05,487.0,0.00730987
RDN/BTC,1602021239085,2020-10-06T21:53:59.085Z,buy,1.502e-05,1263.0,0.01897026
RDN/BTC,1602021239085,2020-10-06T21:53:59.085Z,buy,1.502e-05,50.0,0.000751
RDN/BTC,1602021240910,2020-10-06T21:54:00.910Z,sell,1.489e-05,67.0,0.00099763
RDN/BTC,1602021242395,2020-10-06T21:54:02.395Z,buy,1.494e-05,201.0,0.00300294
RDN/BTC,1602021254779,2020-10-06T21:54:14.779Z,buy,1.5e-05,4204.0,0.06306
RDN/BTC,1602021337263,2020-10-06T21:55:37.263Z,sell,1.491e-05,719.0,0.01072029
RDN/BTC,1602021341024,2020-10-06T21:55:41.024Z,sell,1.489e-05,14.0,0.00020846
RDN/BTC,1602021510162,2020-10-06T21:58:30.162Z,sell,1.492e-05,31.0,0.00046252
RDN/BTC,1602021694347,2020-10-06T22:01:34.347Z,sell,1.492e-05,164.0,0.00244688
RDN/BTC,1602021694347,2020-10-06T22:01:34.347Z,sell,1.492e-05,164.0,0.00244688
RDN/BTC,1602022075746,2020-10-06T22:07:55.746Z,sell,1.492e-05,300.0,0.004476
RDN/BTC,1602022455117,2020-10-06T22:14:15.117Z,sell,1.492e-05,170.0,0.0025364
RDN/BTC,1602022455117,2020-10-06T22:14:15.117Z,sell,1.491e-05,829.0,0.0123603899999999
RDN/BTC,1602022914030,2020-10-06T22:21:54.030Z,buy,1.493e-05,732.0,0.01092876
RDN/BTC,1602022914129,2020-10-06T22:21:54.129Z,buy,1.494e-05,376.0,0.00561744
RDN/BTC,1602022914328,2020-10-06T22:21:54.328Z,buy,1.494e-05,188.0,0.00280872
RDN/BTC,1602022914429,2020-10-06T22:21:54.429Z,buy,1.494e-05,94.0,0.00140436
RDN/BTC,1602022941496,2020-10-06T22:22:21.496Z,buy,1.499e-05,59.0,0.00088441
RDN/BTC,1602022941496,2020-10-06T22:22:21.496Z,buy,1.5e-05,1997.0,0.029955
RDN/BTC,1602022951897,2020-10-06T22:22:31.897Z,sell,1.493e-05,67.0,0.00100031
RDN/BTC,1602023411634,2020-10-06T22:30:11.634Z,sell,1.492e-05,300.0,0.004476
RDN/BTC,1602023936233,2020-10-06T22:38:56.233Z,sell,1.489e-05,1998.0,0.02975022
RDN/BTC,1602023936246,2020-10-06T22:38:56.246Z,sell,1.489e-05,695.0,0.01034855
RDN/BTC,1602024354929,2020-10-06T22:45:54.929Z,sell,1.488e-05,140.0,0.0020832
RDN/BTC,1602024354929,2020-10-06T22:45:54.929Z,sell,1.487e-05,326.0,0.00484762
RDN/BTC,1602024578193,2020-10-06T22:49:38.193Z,sell,1.487e-05,13.0,0.00019331
RDN/BTC,1602024578193,2020-10-06T22:49:38.193Z,sell,1.486e-05,54.0,0.00080244
RDN/BTC,1602024578193,2020-10-06T22:49:38.193Z,sell,1.487e-05,13.0,0.00019331
RDN/BTC,1602024578193,2020-10-06T22:49:38.193Z,sell,1.486e-05,54.0,0.00080244
RDN/BTC,1602025488736,2020-10-06T23:04:48.736Z,sell,1.482e-05,20.0,0.0002964
RDN/BTC,1602025488736,2020-10-06T23:04:48.736Z,sell,1.48e-05,250.0,0.0037
RDN/BTC,1602025489199,2020-10-06T23:04:49.199Z,buy,1.48e-05,600.0,0.00888
RDN/BTC,1602025568065,2020-10-06T23:06:08.065Z,buy,1.48e-05,14.0,0.0002072
RDN/BTC,1602025667684,2020-10-06T23:07:47.684Z,sell,1.478e-05,492.0,0.00727176
RDN/BTC,1602025943454,2020-10-06T23:12:23.454Z,sell,1.473e-05,200.0,0.002946
RDN/BTC,1602025943454,2020-10-06T23:12:23.454Z,sell,1.472e-05,7.0,0.00010304
RDN/BTC,1602025943454,2020-10-06T23:12:23.454Z,sell,1.47e-05,168.0,0.0024696
RDN/BTC,1602025943454,2020-10-06T23:12:23.454Z,sell,1.465e-05,824.0,0.0120716
RDN/BTC,1602025945162,2020-10-06T23:12:25.162Z,sell,1.464e-05,228.0,0.00333792
RDN/BTC,1602026267407,2020-10-06T23:17:47.407Z,buy,1.472e-05,883.0,0.01299776
RDN/BTC,1602026267407,2020-10-06T23:17:47.407Z,buy,1.472e-05,142.0,0.00209024
RDN/BTC,1602026282276,2020-10-06T23:18:02.276Z,buy,1.471e-05,522.0,0.00767862
RDN/BTC,1602026282276,2020-10-06T23:18:02.276Z,buy,1.472e-05,5129.0,0.07549888
RDN/BTC,1602026282326,2020-10-06T23:18:02.326Z,buy,1.473e-05,3321.0,0.0489183299999999
RDN/BTC,1602026282426,2020-10-06T23:18:02.426Z,buy,1.473e-05,1660.0,0.0244518
RDN/BTC,1602026282528,2020-10-06T23:18:02.528Z,buy,1.473e-05,829.0,0.01221117
RDN/BTC,1602026282825,2020-10-06T23:18:02.825Z,buy,1.473e-05,414.0,0.00609822
RDN/BTC,1602026283123,2020-10-06T23:18:03.123Z,buy,1.473e-05,206.0,0.0030343799999999
RDN/BTC,1602026284133,2020-10-06T23:18:04.133Z,buy,1.473e-05,102.0,0.00150246
RDN/BTC,1602026326182,2020-10-06T23:18:46.182Z,buy,1.473e-05,7.0,0.00010311
RDN/BTC,1602026329655,2020-10-06T23:18:49.655Z,buy,1.473e-05,7.0,0.00010311
RDN/BTC,1602026476354,2020-10-06T23:21:16.354Z,sell,1.465e-05,7.0,0.00010255
RDN/BTC,1602026559524,2020-10-06T23:22:39.524Z,buy,1.473e-05,15.0,0.00022095
RDN/BTC,1602026565332,2020-10-06T23:22:45.332Z,buy,1.473e-05,10.0,0.0001473
RDN/BTC,1602026770089,2020-10-06T23:26:10.089Z,buy,1.473e-05,18.0,0.0002651399999999
RDN/BTC,1602026770325,2020-10-06T23:26:10.325Z,buy,1.473e-05,1800.0,0.026514
RDN/BTC,1602027213721,2020-10-06T23:33:33.721Z,buy,1.473e-05,7.0,0.00010311
RDN/BTC,1602027496863,2020-10-06T23:38:16.863Z,sell,1.465e-05,250.0,0.0036625
RDN/BTC,1602027496863,2020-10-06T23:38:16.863Z,sell,1.465e-05,250.0,0.0036625
RDN/BTC,1602028636191,2020-10-06T23:57:16.191Z,buy,1.473e-05,555.0,0.0081751499999999
RDN/BTC,1602028636840,2020-10-06T23:57:16.840Z,buy,1.473e-05,2000.0,0.02946
RDN/BTC,1602029078714,2020-10-07T00:04:38.714Z,buy,1.471e-05,234.0,0.00344214
RDN/BTC,1602029620449,2020-10-07T00:13:40.449Z,sell,1.461e-05,108.0,0.00157788
RDN/BTC,1602029620449,2020-10-07T00:13:40.449Z,sell,1.459e-05,11.0,0.00016049
RDN/BTC,1602029620449,2020-10-07T00:13:40.449Z,sell,1.458e-05,184.0,0.00268272
RDN/BTC,1602029620449,2020-10-07T00:13:40.449Z,sell,1.453e-05,236.0,0.00342908
RDN/BTC,1602029620449,2020-10-07T00:13:40.449Z,sell,1.451e-05,515.0,0.00747265
RDN/BTC,1602029624050,2020-10-07T00:13:44.050Z,sell,1.458e-05,43.0,0.00062694
RDN/BTC,1602029640771,2020-10-07T00:14:00.771Z,buy,1.472e-05,55.0,0.0008096
RDN/BTC,1602029930179,2020-10-07T00:18:50.179Z,sell,1.467e-05,8.0,0.00011736
RDN/BTC,1602029947335,2020-10-07T00:19:07.335Z,buy,1.469e-05,438.0,0.00643422
RDN/BTC,1602030441415,2020-10-07T00:27:21.415Z,buy,1.468e-05,74.0,0.00108632
RDN/BTC,1602030442832,2020-10-07T00:27:22.832Z,buy,1.468e-05,153.0,0.00224604
RDN/BTC,1602030488088,2020-10-07T00:28:08.088Z,buy,1.468e-05,14.0,0.00020552
RDN/BTC,1602030488088,2020-10-07T00:28:08.088Z,buy,1.468e-05,14.0,0.00020552
RDN/BTC,1602031284418,2020-10-07T00:41:24.418Z,buy,1.457e-05,11.0,0.0001602699999999
RDN/BTC,1602031328755,2020-10-07T00:42:08.755Z,buy,1.467e-05,124.0,0.00181908
RDN/BTC,1602031465440,2020-10-07T00:44:25.440Z,sell,1.457e-05,35.0,0.00050995
RDN/BTC,1602031466439,2020-10-07T00:44:26.439Z,sell,1.454e-05,101.0,0.00146854
RDN/BTC,1602032493018,2020-10-07T01:01:33.018Z,sell,1.466e-05,32.0,0.00046912
RDN/BTC,1602032493018,2020-10-07T01:01:33.018Z,buy,1.468e-05,27.0,0.00039636
RDN/BTC,1602032493018,2020-10-07T01:01:33.018Z,buy,1.468e-05,31.0,0.00045508
RDN/BTC,1602032493018,2020-10-07T01:01:33.018Z,buy,1.468e-05,38.0,0.00055784
RDN/BTC,1602032593235,2020-10-07T01:03:13.235Z,buy,1.465e-05,11.0,0.00016115
RDN/BTC,1602032674637,2020-10-07T01:04:34.637Z,sell,1.454e-05,11.0,0.00015994
RDN/BTC,1602032961412,2020-10-07T01:09:21.412Z,buy,1.459e-05,8.0,0.00011672
RDN/BTC,1602032961412,2020-10-07T01:09:21.412Z,buy,1.459e-05,7.0,0.00010213
RDN/BTC,1602032961412,2020-10-07T01:09:21.412Z,buy,1.46e-05,9.0,0.0001314
RDN/BTC,1602032961412,2020-10-07T01:09:21.412Z,buy,1.461e-05,25.0,0.00036525
RDN/BTC,1602032961412,2020-10-07T01:09:21.412Z,buy,1.461e-05,7.0,0.00010227
RDN/BTC,1602032981577,2020-10-07T01:09:41.577Z,buy,1.461e-05,7.0,0.00010227
RDN/BTC,1602033008454,2020-10-07T01:10:08.454Z,sell,1.46e-05,29.0,0.0004234
RDN/BTC,1602033008454,2020-10-07T01:10:08.454Z,sell,1.459e-05,8.0,0.00011672
RDN/BTC,1602033008454,2020-10-07T01:10:08.454Z,sell,1.458e-05,59.0,0.00086022
RDN/BTC,1602033225753,2020-10-07T01:13:45.753Z,buy,1.462e-05,32.0,0.00046784
RDN/BTC,1602033374806,2020-10-07T01:16:14.806Z,buy,1.462e-05,7.0,0.00010234
RDN/BTC,1602033383383,2020-10-07T01:16:23.383Z,buy,1.462e-05,7.0,0.00010234
RDN/BTC,1602033523919,2020-10-07T01:18:43.919Z,buy,1.456e-05,16.0,0.00023296
RDN/BTC,1602033565339,2020-10-07T01:19:25.339Z,sell,1.454e-05,218.0,0.00316972
RDN/BTC,1602033798368,2020-10-07T01:23:18.368Z,sell,1.454e-05,193.0,0.00280622
RDN/BTC,1602033798529,2020-10-07T01:23:18.529Z,sell,1.452e-05,113.0,0.00164076
RDN/BTC,1602033798529,2020-10-07T01:23:18.529Z,sell,1.452e-05,113.0,0.00164076
RDN/BTC,1602034383772,2020-10-07T01:33:03.772Z,sell,1.452e-05,8.0,0.00011616
RDN/BTC,1602034384005,2020-10-07T01:33:04.005Z,sell,1.452e-05,1800.0,0.026136
RDN/BTC,1602034384013,2020-10-07T01:33:04.013Z,sell,1.452e-05,904.0,0.01312608
RDN/BTC,1602034384133,2020-10-07T01:33:04.133Z,sell,1.452e-05,452.0,0.00656304
RDN/BTC,1602034384464,2020-10-07T01:33:04.464Z,sell,1.452e-05,225.0,0.003267
RDN/BTC,1602034384739,2020-10-07T01:33:04.739Z,sell,1.452e-05,112.0,0.00162624
RDN/BTC,1602034628813,2020-10-07T01:37:08.813Z,sell,1.452e-05,225.0,0.003267
RDN/BTC,1602034628821,2020-10-07T01:37:08.821Z,sell,1.452e-05,119.0,0.00172788
RDN/BTC,1602034634416,2020-10-07T01:37:14.416Z,sell,1.452e-05,285.0,0.0041382
RDN/BTC,1602034634425,2020-10-07T01:37:14.425Z,sell,1.452e-05,200.0,0.002904
RDN/BTC,1602034634649,2020-10-07T01:37:14.649Z,sell,1.452e-05,2003.0,0.02908356
RDN/BTC,1602034634660,2020-10-07T01:37:14.660Z,sell,1.45e-05,32.0,0.000464
RDN/BTC,1602034634660,2020-10-07T01:37:14.660Z,sell,1.445e-05,91.0,0.00131495
RDN/BTC,1602034634660,2020-10-07T01:37:14.660Z,sell,1.444e-05,21.0,0.00030324
RDN/BTC,1602034634764,2020-10-07T01:37:14.764Z,sell,1.443e-05,753.0,0.01086579
RDN/BTC,1602034634764,2020-10-07T01:37:14.764Z,sell,1.442e-05,275.0,0.0039654999999999
RDN/BTC,1602034634860,2020-10-07T01:37:14.860Z,sell,1.442e-05,514.0,0.0074118799999999
RDN/BTC,1602034635914,2020-10-07T01:37:15.914Z,buy,1.45e-05,1371.0,0.0198795
RDN/BTC,1602034636162,2020-10-07T01:37:16.162Z,sell,1.439e-05,938.0,0.0134978199999999
RDN/BTC,1602034636187,2020-10-07T01:37:16.187Z,buy,1.449e-05,511.0,0.00740439
RDN/BTC,1602034636962,2020-10-07T01:37:16.962Z,buy,1.449e-05,429.0,0.00621621
RDN/BTC,1602034636968,2020-10-07T01:37:16.968Z,sell,1.449e-05,93.0,0.00134757
RDN/BTC,1602034636968,2020-10-07T01:37:16.968Z,sell,1.439e-05,627.0,0.0090225299999999
RDN/BTC,1602034637264,2020-10-07T01:37:17.264Z,sell,1.439e-05,233.0,0.00335287
RDN/BTC,1602034637964,2020-10-07T01:37:17.964Z,sell,1.438e-05,454.0,0.0065285199999999
RDN/BTC,1602034638525,2020-10-07T01:37:18.525Z,sell,1.438e-05,5.0,7.19e-05
RDN/BTC,1602034638525,2020-10-07T01:37:18.525Z,sell,1.437e-05,33.0,0.00047421
RDN/BTC,1602034638525,2020-10-07T01:37:18.525Z,sell,1.434e-05,299.0,0.0042876599999999
RDN/BTC,1602034638553,2020-10-07T01:37:18.553Z,sell,1.434e-05,128.0,0.00183552
RDN/BTC,1602034638553,2020-10-07T01:37:18.553Z,sell,1.433e-05,77.0,0.00110341
RDN/BTC,1602034638553,2020-10-07T01:37:18.553Z,sell,1.432e-05,7.0,0.00010024
RDN/BTC,1602034638553,2020-10-07T01:37:18.553Z,sell,1.426e-05,196.0,0.00279496
RDN/BTC,1602034639591,2020-10-07T01:37:19.591Z,sell,1.427e-05,86.0,0.00122722
RDN/BTC,1602034639594,2020-10-07T01:37:19.594Z,sell,1.427e-05,40.0,0.0005708
RDN/BTC,1602034639594,2020-10-07T01:37:19.594Z,sell,1.426e-05,200.0,0.002852
RDN/BTC,1602034639594,2020-10-07T01:37:19.594Z,sell,1.424e-05,104.0,0.00148096
RDN/BTC,1602034639598,2020-10-07T01:37:19.598Z,sell,1.424e-05,37.0,0.00052688
RDN/BTC,1602034639598,2020-10-07T01:37:19.598Z,sell,1.423e-05,57.0,0.00081111
RDN/BTC,1602034668634,2020-10-07T01:37:48.634Z,buy,1.435e-05,7.0,0.00010045
RDN/BTC,1602034673920,2020-10-07T01:37:53.920Z,buy,1.434e-05,226.0,0.00324084
RDN/BTC,1602034748078,2020-10-07T01:39:08.078Z,buy,1.428e-05,14.0,0.00019992
RDN/BTC,1602034768265,2020-10-07T01:39:28.265Z,buy,1.425e-05,10.0,0.0001425
RDN/BTC,1602034768265,2020-10-07T01:39:28.265Z,buy,1.428e-05,45.0,0.0006426
RDN/BTC,1602034856668,2020-10-07T01:40:56.668Z,buy,1.427e-05,108.0,0.00154116
RDN/BTC,1602034856668,2020-10-07T01:40:56.668Z,buy,1.428e-05,245.0,0.0034986
RDN/BTC,1602034856668,2020-10-07T01:40:56.668Z,buy,1.429e-05,397.0,0.00567313
RDN/BTC,1602034856668,2020-10-07T01:40:56.668Z,buy,1.43e-05,48.0,0.0006864
RDN/BTC,1602034856772,2020-10-07T01:40:56.772Z,sell,1.429e-05,376.0,0.00537304
RDN/BTC,1602034865352,2020-10-07T01:41:05.352Z,buy,1.428e-05,358.0,0.00511224
RDN/BTC,1602034947176,2020-10-07T01:42:27.176Z,sell,1.422e-05,48.0,0.00068256
RDN/BTC,1602034947176,2020-10-07T01:42:27.176Z,sell,1.414e-05,98.0,0.00138572
RDN/BTC,1602034947176,2020-10-07T01:42:27.176Z,sell,1.413e-05,175.0,0.00247275
RDN/BTC,1602035034363,2020-10-07T01:43:54.363Z,sell,1.416e-05,26.0,0.0003681599999999
RDN/BTC,1602035034363,2020-10-07T01:43:54.363Z,sell,1.415e-05,343.0,0.00485345
RDN/BTC,1602035034363,2020-10-07T01:43:54.363Z,sell,1.414e-05,131.0,0.00185234
RDN/BTC,1602035045654,2020-10-07T01:44:05.654Z,sell,1.417e-05,500.0,0.007085
RDN/BTC,1602035050500,2020-10-07T01:44:10.500Z,sell,1.417e-05,500.0,0.007085
RDN/BTC,1602035157324,2020-10-07T01:45:57.324Z,sell,1.419e-05,11.0,0.00015609
RDN/BTC,1602035290859,2020-10-07T01:48:10.859Z,buy,1.43e-05,1991.0,0.0284713
RDN/BTC,1602035290859,2020-10-07T01:48:10.859Z,buy,1.43e-05,13.0,0.0001859
RDN/BTC,1602035290859,2020-10-07T01:48:10.859Z,buy,1.43e-05,103.0,0.0014729
RDN/BTC,1602035290868,2020-10-07T01:48:10.868Z,buy,1.43e-05,1117.0,0.0159731
RDN/BTC,1602035291096,2020-10-07T01:48:11.096Z,buy,1.43e-05,1200.0,0.01716
RDN/BTC,1602035291104,2020-10-07T01:48:11.104Z,buy,1.43e-05,1216.0,0.0173888
RDN/BTC,1602035291290,2020-10-07T01:48:11.290Z,buy,1.43e-05,550.0,0.007865
RDN/BTC,1602035398246,2020-10-07T01:49:58.246Z,buy,1.434e-05,38.0,0.00054492
RDN/BTC,1602035398246,2020-10-07T01:49:58.246Z,buy,1.436e-05,289.0,0.00415004
RDN/BTC,1602035398246,2020-10-07T01:49:58.246Z,buy,1.441e-05,455.0,0.0065565499999999
RDN/BTC,1602035398246,2020-10-07T01:49:58.246Z,buy,1.442e-05,552.0,0.00795984
RDN/BTC,1602035594405,2020-10-07T01:53:14.405Z,buy,1.441e-05,6740.0,0.0971234
RDN/BTC,1602036148858,2020-10-07T02:02:28.858Z,buy,1.441e-05,14.0,0.00020174
RDN/BTC,1602036150732,2020-10-07T02:02:30.732Z,buy,1.448e-05,750.0,0.01086
RDN/BTC,1602036150740,2020-10-07T02:02:30.740Z,buy,1.448e-05,416.0,0.00602368
RDN/BTC,1602036150846,2020-10-07T02:02:30.846Z,buy,1.449e-05,207.0,0.00299943
RDN/BTC,1602036324356,2020-10-07T02:05:24.356Z,sell,1.446e-05,300.0,0.004338
RDN/BTC,1602036324442,2020-10-07T02:05:24.442Z,buy,1.446e-05,174.0,0.00251604
RDN/BTC,1602036324641,2020-10-07T02:05:24.641Z,buy,1.446e-05,87.0,0.00125802
RDN/BTC,1602036386820,2020-10-07T02:06:26.820Z,buy,1.445e-05,301.0,0.00434945
RDN/BTC,1602036386831,2020-10-07T02:06:26.831Z,buy,1.445e-05,176.0,0.0025432
RDN/BTC,1602036386978,2020-10-07T02:06:26.978Z,buy,1.446e-05,88.0,0.00127248
RDN/BTC,1602036481442,2020-10-07T02:08:01.442Z,buy,1.445e-05,105.0,0.00151725
RDN/BTC,1602036481442,2020-10-07T02:08:01.442Z,buy,1.446e-05,101.0,0.00146046
RDN/BTC,1602036612572,2020-10-07T02:10:12.572Z,sell,1.446e-05,30.0,0.0004338
RDN/BTC,1602036785823,2020-10-07T02:13:05.823Z,sell,1.445e-05,120.0,0.001734
RDN/BTC,1602037135401,2020-10-07T02:18:55.401Z,buy,1.454e-05,5.0,7.27e-05
RDN/BTC,1602037351501,2020-10-07T02:22:31.501Z,buy,1.454e-05,67.0,0.00097418
RDN/BTC,1602037351501,2020-10-07T02:22:31.501Z,buy,1.454e-05,67.0,0.00097418
RDN/BTC,1602037428488,2020-10-07T02:23:48.488Z,buy,1.454e-05,18.0,0.00026172
RDN/BTC,1602037497803,2020-10-07T02:24:57.803Z,buy,1.454e-05,12.0,0.00017448
RDN/BTC,1602037498235,2020-10-07T02:24:58.235Z,buy,1.454e-05,13.0,0.00018902
RDN/BTC,1602038481643,2020-10-07T02:41:21.643Z,sell,1.444e-05,7.0,0.00010108
RDN/BTC,1602038692453,2020-10-07T02:44:52.453Z,sell,1.45e-05,1228.0,0.017806
RDN/BTC,1602039292604,2020-10-07T02:54:52.604Z,sell,1.448e-05,230.0,0.0033304
RDN/BTC,1602039409357,2020-10-07T02:56:49.357Z,buy,1.46e-05,521.0,0.0076066
RDN/BTC,1602039592254,2020-10-07T02:59:52.254Z,sell,1.448e-05,92.0,0.00133216
RDN/BTC,1602039621632,2020-10-07T03:00:21.632Z,buy,1.462e-05,22.0,0.00032164
RDN/BTC,1602039807290,2020-10-07T03:03:27.290Z,buy,1.463e-05,666.0,0.00974358
RDN/BTC,1602040177541,2020-10-07T03:09:37.541Z,sell,1.453e-05,10.0,0.0001453
RDN/BTC,1602040177541,2020-10-07T03:09:37.541Z,sell,1.453e-05,13.0,0.00018889
RDN/BTC,1602040250691,2020-10-07T03:10:50.691Z,sell,1.453e-05,11.0,0.00015983
RDN/BTC,1602040250691,2020-10-07T03:10:50.691Z,sell,1.453e-05,11.0,0.00015983
RDN/BTC,1602040952093,2020-10-07T03:22:32.093Z,buy,1.464e-05,435.0,0.0063684
RDN/BTC,1602040957523,2020-10-07T03:22:37.523Z,buy,1.464e-05,69.0,0.00101016
RDN/BTC,1602041376949,2020-10-07T03:29:36.949Z,buy,1.462e-05,7.0,0.00010234
RDN/BTC,1602041523999,2020-10-07T03:32:03.999Z,sell,1.46e-05,7.0,0.0001022
RDN/BTC,1602041523999,2020-10-07T03:32:03.999Z,sell,1.453e-05,1.0,1.453e-05
RDN/BTC,1602041968604,2020-10-07T03:39:28.604Z,sell,1.453e-05,171.0,0.00248463
RDN/BTC,1602041999541,2020-10-07T03:39:59.541Z,sell,1.45e-05,138.0,0.002001
RDN/BTC,1602042041837,2020-10-07T03:40:41.837Z,sell,1.447e-05,522.0,0.00755334
RDN/BTC,1602042041837,2020-10-07T03:40:41.837Z,sell,1.446e-05,4136.0,0.05980656
RDN/BTC,1602042042766,2020-10-07T03:40:42.766Z,buy,1.446e-05,342.0,0.00494532
RDN/BTC,1602042116115,2020-10-07T03:41:56.115Z,sell,1.445e-05,3342.0,0.0482919
RDN/BTC,1602042144198,2020-10-07T03:42:24.198Z,buy,1.455e-05,522.0,0.0075951
RDN/BTC,1602042144429,2020-10-07T03:42:24.429Z,sell,1.455e-05,68.0,0.0009893999999999
RDN/BTC,1602042970529,2020-10-07T03:56:10.529Z,sell,1.446e-05,522.0,0.00754812
RDN/BTC,1602042970544,2020-10-07T03:56:10.544Z,sell,1.445e-05,263.0,0.00380035
RDN/BTC,1602042970778,2020-10-07T03:56:10.778Z,sell,1.445e-05,131.0,0.00189295
RDN/BTC,1602042970778,2020-10-07T03:56:10.778Z,sell,1.445e-05,131.0,0.00189295
RDN/BTC,1602044703931,2020-10-07T04:25:03.931Z,sell,1.445e-05,8.0,0.0001156
RDN/BTC,1602044949198,2020-10-07T04:29:09.198Z,buy,1.448e-05,242.0,0.00350416
RDN/BTC,1602044949198,2020-10-07T04:29:09.198Z,buy,1.449e-05,230.0,0.0033327
RDN/BTC,1602044956555,2020-10-07T04:29:16.555Z,buy,1.448e-05,292.0,0.00422816
RDN/BTC,1602044956555,2020-10-07T04:29:16.555Z,buy,1.449e-05,121.0,0.00175329
RDN/BTC,1602045147828,2020-10-07T04:32:27.828Z,buy,1.45e-05,8.0,0.000116
RDN/BTC,1602046400895,2020-10-07T04:53:20.895Z,buy,1.45e-05,106.0,0.001537
RDN/BTC,1602046400895,2020-10-07T04:53:20.895Z,buy,1.451e-05,2200.0,0.031922
RDN/BTC,1602046424928,2020-10-07T04:53:44.928Z,buy,1.451e-05,361.0,0.00523811
RDN/BTC,1602046453074,2020-10-07T04:54:13.074Z,buy,1.451e-05,10.0,0.0001451
RDN/BTC,1602046468135,2020-10-07T04:54:28.135Z,buy,1.451e-05,1227.0,0.01780377
RDN/BTC,1602046468135,2020-10-07T04:54:28.135Z,buy,1.451e-05,1227.0,0.01780377
RDN/BTC,1602047576048,2020-10-07T05:12:56.048Z,sell,1.445e-05,62.0,0.0008959
RDN/BTC,1602048908184,2020-10-07T05:35:08.184Z,buy,1.453e-05,2148.0,0.03121044
RDN/BTC,1602048924574,2020-10-07T05:35:24.574Z,sell,1.451e-05,11.0,0.00015961
RDN/BTC,1602048952938,2020-10-07T05:35:52.938Z,sell,1.448e-05,390.0,0.0056472
RDN/BTC,1602049313422,2020-10-07T05:41:53.422Z,buy,1.451e-05,110.0,0.0015961
RDN/BTC,1602049512544,2020-10-07T05:45:12.544Z,buy,1.454e-05,14.0,0.0002035599999999
RDN/BTC,1602049512544,2020-10-07T05:45:12.544Z,buy,1.454e-05,14.0,0.0002035599999999
RDN/BTC,1602050966624,2020-10-07T06:09:26.624Z,buy,1.462e-05,1209.0,0.01767558
RDN/BTC,1602051018965,2020-10-07T06:10:18.965Z,buy,1.462e-05,4521.0,0.06609702
RDN/BTC,1602051340725,2020-10-07T06:15:40.725Z,sell,1.451e-05,90.0,0.0013059
RDN/BTC,1602051340725,2020-10-07T06:15:40.725Z,sell,1.446e-05,481.0,0.00695526
RDN/BTC,1602051340725,2020-10-07T06:15:40.725Z,sell,1.445e-05,379.0,0.00547655
RDN/BTC,1602051340725,2020-10-07T06:15:40.725Z,sell,1.444e-05,522.0,0.00753768
RDN/BTC,1602051340725,2020-10-07T06:15:40.725Z,sell,1.443e-05,3230.0,0.0466089
RDN/BTC,1602051415195,2020-10-07T06:16:55.195Z,buy,1.448e-05,100.0,0.001448
RDN/BTC,1602051925890,2020-10-07T06:25:25.890Z,buy,1.459e-05,3399.0,0.0495914099999999
RDN/BTC,1602051925890,2020-10-07T06:25:25.890Z,buy,1.459e-05,3399.0,0.0495914099999999
RDN/BTC,1602053226794,2020-10-07T06:47:06.794Z,sell,1.458e-05,8.0,0.00011664
RDN/BTC,1602053396210,2020-10-07T06:49:56.210Z,sell,1.458e-05,516.0,0.0075232799999999
RDN/BTC,1602053396225,2020-10-07T06:49:56.225Z,sell,1.458e-05,258.0,0.0037616399999999
RDN/BTC,1602053396482,2020-10-07T06:49:56.482Z,sell,1.458e-05,129.0,0.0018808199999999
RDN/BTC,1602054584667,2020-10-07T07:09:44.667Z,buy,1.459e-05,14.0,0.00020426
RDN/BTC,1602054584667,2020-10-07T07:09:44.667Z,buy,1.46e-05,240.0,0.003504
RDN/BTC,1602054622142,2020-10-07T07:10:22.142Z,buy,1.462e-05,427.0,0.00624274
RDN/BTC,1602054942551,2020-10-07T07:15:42.551Z,buy,1.458e-05,323.0,0.0047093399999999
RDN/BTC,1602054942551,2020-10-07T07:15:42.551Z,buy,1.459e-05,1730.0,0.0252406999999999
RDN/BTC,1602054942823,2020-10-07T07:15:42.823Z,buy,1.459e-05,965.0,0.01407935
RDN/BTC,1602054955425,2020-10-07T07:15:55.425Z,sell,1.461e-05,506.0,0.00739266
RDN/BTC,1602054955531,2020-10-07T07:15:55.531Z,sell,1.461e-05,253.0,0.00369633
RDN/BTC,1602054955628,2020-10-07T07:15:55.628Z,sell,1.461e-05,127.0,0.00185547
RDN/BTC,1602055322602,2020-10-07T07:22:02.602Z,sell,1.461e-05,1066.0,0.01557426
RDN/BTC,1602055322615,2020-10-07T07:22:02.615Z,sell,1.461e-05,101.0,0.00147561
RDN/BTC,1602055339381,2020-10-07T07:22:19.381Z,buy,1.462e-05,205.0,0.0029971
RDN/BTC,1602055339381,2020-10-07T07:22:19.381Z,buy,1.462e-05,205.0,0.0029971
RDN/BTC,1602056574131,2020-10-07T07:42:54.131Z,sell,1.451e-05,33.0,0.00047883
RDN/BTC,1602057588228,2020-10-07T07:59:48.228Z,buy,1.455e-05,100.0,0.001455
RDN/BTC,1602057650904,2020-10-07T08:00:50.904Z,buy,1.462e-05,2267.0,0.03314354
RDN/BTC,1602057662506,2020-10-07T08:01:02.506Z,buy,1.463e-05,70.0,0.0010241
RDN/BTC,1602057662506,2020-10-07T08:01:02.506Z,buy,1.464e-05,70.0,0.0010248
RDN/BTC,1602057662506,2020-10-07T08:01:02.506Z,buy,1.465e-05,446.0,0.0065339
RDN/BTC,1602057662506,2020-10-07T08:01:02.506Z,buy,1.466e-05,522.0,0.00765252
RDN/BTC,1602057662506,2020-10-07T08:01:02.506Z,buy,1.467e-05,2032.0,0.02980944
RDN/BTC,1602057695619,2020-10-07T08:01:35.619Z,buy,1.468e-05,69.0,0.00101292
RDN/BTC,1602057706647,2020-10-07T08:01:46.647Z,buy,1.468e-05,1012.0,0.01485616
RDN/BTC,1602057763974,2020-10-07T08:02:43.974Z,sell,1.463e-05,70.0,0.0010241
RDN/BTC,1602057763974,2020-10-07T08:02:43.974Z,sell,1.463e-05,70.0,0.0010241
RDN/BTC,1602059143494,2020-10-07T08:25:43.494Z,buy,1.457e-05,14.0,0.0002039799999999
RDN/BTC,1602059143494,2020-10-07T08:25:43.494Z,buy,1.463e-05,8.0,0.00011704
RDN/BTC,1602059513484,2020-10-07T08:31:53.484Z,buy,1.463e-05,15.0,0.00021945
RDN/BTC,1602059717790,2020-10-07T08:35:17.790Z,sell,1.455e-05,23.0,0.00033465
RDN/BTC,1602059717790,2020-10-07T08:35:17.790Z,sell,1.454e-05,138.0,0.00200652
RDN/BTC,1602059717790,2020-10-07T08:35:17.790Z,sell,1.451e-05,612.0,0.00888012
RDN/BTC,1602059717790,2020-10-07T08:35:17.790Z,sell,1.45e-05,825.0,0.0119625
RDN/BTC,1602059719258,2020-10-07T08:35:19.258Z,buy,1.45e-05,790.0,0.011455
RDN/BTC,1602059719364,2020-10-07T08:35:19.364Z,buy,1.45e-05,395.0,0.0057275
RDN/BTC,1602059719430,2020-10-07T08:35:19.430Z,buy,1.45e-05,723.0,0.0104835
RDN/BTC,1602059836110,2020-10-07T08:37:16.110Z,buy,1.461e-05,723.0,0.01056303
RDN/BTC,1602059836110,2020-10-07T08:37:16.110Z,buy,1.462e-05,522.0,0.00763164
RDN/BTC,1602059836110,2020-10-07T08:37:16.110Z,buy,1.463e-05,1385.0,0.02026255
RDN/BTC,1602059865334,2020-10-07T08:37:45.334Z,buy,1.463e-05,2634.0,0.03853542
RDN/BTC,1602059865334,2020-10-07T08:37:45.334Z,buy,1.463e-05,2634.0,0.03853542
RDN/BTC,1602062208261,2020-10-07T09:16:48.261Z,buy,1.462e-05,9.0,0.00013158
RDN/BTC,1602062228198,2020-10-07T09:17:08.198Z,buy,1.462e-05,14.0,0.00020468
RDN/BTC,1602063150645,2020-10-07T09:32:30.645Z,buy,1.456e-05,1472.0,0.0214323199999999
RDN/BTC,1602063150890,2020-10-07T09:32:30.890Z,sell,1.456e-05,28.0,0.00040768
RDN/BTC,1602063248165,2020-10-07T09:34:08.165Z,buy,1.456e-05,14.0,0.00020384
RDN/BTC,1602063376230,2020-10-07T09:36:16.230Z,sell,1.45e-05,240.0,0.00348
RDN/BTC,1602063376230,2020-10-07T09:36:16.230Z,sell,1.449e-05,652.0,0.00944748
RDN/BTC,1602063376230,2020-10-07T09:36:16.230Z,sell,1.445e-05,100.0,0.001445
RDN/BTC,1602063376230,2020-10-07T09:36:16.230Z,sell,1.442e-05,262.0,0.00377804
RDN/BTC,1602063376230,2020-10-07T09:36:16.230Z,sell,1.441e-05,522.0,0.00752202
RDN/BTC,1602063376230,2020-10-07T09:36:16.230Z,sell,1.44e-05,224.0,0.0032256
RDN/BTC,1602063423866,2020-10-07T09:37:03.866Z,sell,1.448e-05,8.0,0.00011584
RDN/BTC,1602063438946,2020-10-07T09:37:18.946Z,sell,1.448e-05,726.0,0.01051248
RDN/BTC,1602063438946,2020-10-07T09:37:18.946Z,sell,1.447e-05,224.0,0.00324128
RDN/BTC,1602063438946,2020-10-07T09:37:18.946Z,sell,1.448e-05,726.0,0.01051248
RDN/BTC,1602063438946,2020-10-07T09:37:18.946Z,sell,1.447e-05,224.0,0.00324128
RDN/BTC,1602063736918,2020-10-07T09:42:16.918Z,sell,1.447e-05,3312.0,0.04792464
RDN/BTC,1602063736918,2020-10-07T09:42:16.918Z,sell,1.446e-05,4688.0,0.06778848
RDN/BTC,1602063775424,2020-10-07T09:42:55.424Z,buy,1.453e-05,17.0,0.00024701
RDN/BTC,1602063899031,2020-10-07T09:44:59.031Z,sell,1.443e-05,17.0,0.00024531
RDN/BTC,1602063899031,2020-10-07T09:44:59.031Z,sell,1.441e-05,483.0,0.00696003
RDN/BTC,1602063963878,2020-10-07T09:46:03.878Z,sell,1.442e-05,8.0,0.00011536
RDN/BTC,1602064080492,2020-10-07T09:48:00.492Z,buy,1.447e-05,9.0,0.00013023
RDN/BTC,1602064096192,2020-10-07T09:48:16.192Z,buy,1.453e-05,156.0,0.00226668
RDN/BTC,1602064096192,2020-10-07T09:48:16.192Z,buy,1.457e-05,34.0,0.00049538
RDN/BTC,1602064180137,2020-10-07T09:49:40.137Z,buy,1.455e-05,734.0,0.0106797
RDN/BTC,1602064181156,2020-10-07T09:49:41.156Z,sell,1.455e-05,5.0,7.274999999999999e-05
RDN/BTC,1602064184661,2020-10-07T09:49:44.661Z,buy,1.455e-05,247.0,0.00359385
RDN/BTC,1602064233452,2020-10-07T09:50:33.452Z,sell,1.454e-05,432.0,0.00628128
RDN/BTC,1602064233554,2020-10-07T09:50:33.554Z,sell,1.454e-05,215.0,0.0031261
RDN/BTC,1602064233751,2020-10-07T09:50:33.751Z,sell,1.454e-05,108.0,0.00157032
RDN/BTC,1602064247223,2020-10-07T09:50:47.223Z,buy,1.454e-05,612.0,0.00889848
RDN/BTC,1602064247254,2020-10-07T09:50:47.254Z,sell,1.454e-05,354.0,0.00514716
RDN/BTC,1602064247360,2020-10-07T09:50:47.360Z,sell,1.454e-05,177.0,0.00257358
RDN/BTC,1602064255857,2020-10-07T09:50:55.857Z,sell,1.454e-05,82.0,0.00119228
RDN/BTC,1602064270365,2020-10-07T09:51:10.365Z,buy,1.454e-05,522.0,0.00758988
RDN/BTC,1602064270469,2020-10-07T09:51:10.469Z,sell,1.454e-05,297.0,0.00431838
RDN/BTC,1602064270568,2020-10-07T09:51:10.568Z,sell,1.454e-05,149.0,0.00216646
RDN/BTC,1602064270679,2020-10-07T09:51:10.679Z,sell,1.454e-05,74.0,0.00107596
RDN/BTC,1602064318584,2020-10-07T09:51:58.584Z,buy,1.455e-05,1154.0,0.0167907
RDN/BTC,1602064529795,2020-10-07T09:55:29.795Z,buy,1.455e-05,441.0,0.00641655
RDN/BTC,1602065060571,2020-10-07T10:04:20.571Z,buy,1.454e-05,50.0,0.000727
RDN/BTC,1602065775940,2020-10-07T10:16:15.940Z,buy,1.451e-05,9.0,0.00013059
RDN/BTC,1602066034175,2020-10-07T10:20:34.175Z,sell,1.44e-05,69.0,0.0009935999999999
RDN/BTC,1602066050551,2020-10-07T10:20:50.551Z,sell,1.439e-05,278.0,0.00400042
RDN/BTC,1602066070060,2020-10-07T10:21:10.060Z,sell,1.439e-05,278.0,0.00400042
RDN/BTC,1602066070060,2020-10-07T10:21:10.060Z,sell,1.439e-05,278.0,0.00400042
RDN/BTC,1602068658083,2020-10-07T11:04:18.083Z,sell,1.439e-05,261.0,0.0037557899999999
RDN/BTC,1602068768718,2020-10-07T11:06:08.718Z,buy,1.446e-05,630.0,0.0091098
RDN/BTC,1602068768718,2020-10-07T11:06:08.718Z,buy,1.446e-05,47.0,0.00067962
RDN/BTC,1602068768718,2020-10-07T11:06:08.718Z,buy,1.446e-05,26.0,0.00037596
RDN/BTC,1602068768718,2020-10-07T11:06:08.718Z,buy,1.446e-05,15.0,0.0002169
RDN/BTC,1602068929441,2020-10-07T11:08:49.441Z,buy,1.446e-05,89.0,0.00128694
RDN/BTC,1602069217155,2020-10-07T11:13:37.155Z,buy,1.442e-05,132.0,0.00190344
RDN/BTC,1602069217166,2020-10-07T11:13:37.166Z,sell,1.442e-05,79.0,0.0011391799999999
RDN/BTC,1602069258733,2020-10-07T11:14:18.733Z,buy,1.446e-05,226.0,0.00326796
RDN/BTC,1602069258733,2020-10-07T11:14:18.733Z,buy,1.447e-05,1505.0,0.02177735
RDN/BTC,1602069333470,2020-10-07T11:15:33.470Z,buy,1.447e-05,2361.0,0.03416367
RDN/BTC,1602069333470,2020-10-07T11:15:33.470Z,buy,1.447e-05,2361.0,0.03416367
RDN/BTC,1602070723740,2020-10-07T11:38:43.740Z,buy,1.443e-05,13.0,0.00018759
RDN/BTC,1602070723740,2020-10-07T11:38:43.740Z,buy,1.447e-05,95.0,0.00137465
RDN/BTC,1602070742024,2020-10-07T11:39:02.024Z,sell,1.438e-05,100.0,0.001438
RDN/BTC,1602070742024,2020-10-07T11:39:02.024Z,sell,1.437e-05,17.0,0.00024429
RDN/BTC,1602070742024,2020-10-07T11:39:02.024Z,sell,1.436e-05,476.0,0.0068353599999999
RDN/BTC,1602070864477,2020-10-07T11:41:04.477Z,sell,1.434e-05,8.0,0.00011472
RDN/BTC,1602070946501,2020-10-07T11:42:26.501Z,buy,1.439e-05,9.0,0.00012951
RDN/BTC,1602070946501,2020-10-07T11:42:26.501Z,buy,1.442e-05,1.0,1.442e-05
RDN/BTC,1602070946501,2020-10-07T11:42:26.501Z,buy,1.442e-05,8.0,0.00011536
RDN/BTC,1602070946501,2020-10-07T11:42:26.501Z,buy,1.442e-05,15.0,0.0002163
RDN/BTC,1602070946509,2020-10-07T11:42:26.509Z,buy,1.442e-05,73.0,0.00105266
RDN/BTC,1602071114526,2020-10-07T11:45:14.526Z,buy,1.442e-05,3.0,4.326e-05
RDN/BTC,1602071190190,2020-10-07T11:46:30.190Z,buy,1.447e-05,1020.0,0.0147594
RDN/BTC,1602071565564,2020-10-07T11:52:45.564Z,buy,1.446e-05,9.0,0.00013014
RDN/BTC,1602071963701,2020-10-07T11:59:23.701Z,buy,1.446e-05,168.0,0.00242928
RDN/BTC,1602071963701,2020-10-07T11:59:23.701Z,buy,1.447e-05,3953.0,0.05719991
RDN/BTC,1602072020870,2020-10-07T12:00:20.870Z,buy,1.446e-05,522.0,0.00754812
RDN/BTC,1602072020870,2020-10-07T12:00:20.870Z,buy,1.447e-05,387.0,0.00559989
RDN/BTC,1602072079196,2020-10-07T12:01:19.196Z,buy,1.446e-05,9.0,0.00013014
RDN/BTC,1602072079196,2020-10-07T12:01:19.196Z,buy,1.446e-05,9.0,0.00013014
RDN/BTC,1602073191245,2020-10-07T12:19:51.245Z,buy,1.447e-05,13.0,0.00018811
RDN/BTC,1602073191450,2020-10-07T12:19:51.450Z,buy,1.447e-05,9.0,0.00013023
RDN/BTC,1602073401402,2020-10-07T12:23:21.402Z,buy,1.447e-05,4703.0,0.06805241
RDN/BTC,1602073401410,2020-10-07T12:23:21.410Z,buy,1.449e-05,242.0,0.00350658
RDN/BTC,1602073408567,2020-10-07T12:23:28.567Z,buy,1.458e-05,39.0,0.0005686199999999
RDN/BTC,1602073805964,2020-10-07T12:30:05.964Z,buy,1.458e-05,460.0,0.0067068
RDN/BTC,1602073805964,2020-10-07T12:30:05.964Z,buy,1.46e-05,100.0,0.00146
RDN/BTC,1602073805964,2020-10-07T12:30:05.964Z,buy,1.464e-05,5413.0,0.07924632
RDN/BTC,1602073808702,2020-10-07T12:30:08.702Z,buy,1.465e-05,6734.0,0.0986531
RDN/BTC,1602073811032,2020-10-07T12:30:11.032Z,buy,1.464e-05,39.0,0.00057096
RDN/BTC,1602073811032,2020-10-07T12:30:11.032Z,buy,1.465e-05,4813.0,0.07051045
RDN/BTC,1602073812785,2020-10-07T12:30:12.785Z,buy,1.466e-05,69.0,0.00101154
RDN/BTC,1602073826721,2020-10-07T12:30:26.721Z,buy,1.466e-05,3540.0,0.0518964
RDN/BTC,1602073831105,2020-10-07T12:30:31.105Z,buy,1.467e-05,13.0,0.00019071
RDN/BTC,1602073831105,2020-10-07T12:30:31.105Z,buy,1.468e-05,560.0,0.0082208
RDN/BTC,1602073831105,2020-10-07T12:30:31.105Z,buy,1.47e-05,390.0,0.005733
RDN/BTC,1602073834077,2020-10-07T12:30:34.077Z,buy,1.469e-05,1871.0,0.02748499
RDN/BTC,1602073834077,2020-10-07T12:30:34.077Z,buy,1.471e-05,2711.0,0.03987881
RDN/BTC,1602073834077,2020-10-07T12:30:34.077Z,buy,1.472e-05,741.0,0.01090752
RDN/BTC,1602073834077,2020-10-07T12:30:34.077Z,buy,1.473e-05,1742.0,0.02565966
RDN/BTC,1602073837704,2020-10-07T12:30:37.704Z,buy,1.476e-05,173.0,0.00255348
RDN/BTC,1602073837704,2020-10-07T12:30:37.704Z,buy,1.477e-05,99.0,0.00146223
RDN/BTC,1602073837704,2020-10-07T12:30:37.704Z,buy,1.482e-05,106.0,0.00157092
RDN/BTC,1602073837704,2020-10-07T12:30:37.704Z,buy,1.483e-05,196.0,0.00290668
RDN/BTC,1602073839941,2020-10-07T12:30:39.941Z,buy,1.49e-05,68.0,0.0010132
RDN/BTC,1602073918569,2020-10-07T12:31:58.569Z,buy,1.49e-05,18.0,0.0002682
RDN/BTC,1602073958118,2020-10-07T12:32:38.118Z,buy,1.49e-05,8.0,0.0001192
RDN/BTC,1602074317209,2020-10-07T12:38:37.209Z,sell,1.48e-05,70.0,0.001036
RDN/BTC,1602074408772,2020-10-07T12:40:08.772Z,sell,1.476e-05,136.0,0.0020073599999999
RDN/BTC,1602074452473,2020-10-07T12:40:52.473Z,sell,1.471e-05,55.0,0.00080905
RDN/BTC,1602074598229,2020-10-07T12:43:18.229Z,buy,1.471e-05,9.0,0.00013239
RDN/BTC,1602075200545,2020-10-07T12:53:20.545Z,sell,1.47e-05,257.0,0.0037779
RDN/BTC,1602075351853,2020-10-07T12:55:51.853Z,buy,1.471e-05,250.0,0.0036774999999999
RDN/BTC,1602075612069,2020-10-07T13:00:12.069Z,buy,1.471e-05,680.0,0.0100028
RDN/BTC,1602075612069,2020-10-07T13:00:12.069Z,buy,1.471e-05,680.0,0.0100028
RDN/BTC,1602076025362,2020-10-07T13:07:05.362Z,buy,1.471e-05,2102.0,0.03092042
RDN/BTC,1602076054857,2020-10-07T13:07:34.857Z,sell,1.463e-05,11.0,0.00016093
RDN/BTC,1602076377649,2020-10-07T13:12:57.649Z,sell,1.471e-05,48.0,0.00070608
RDN/BTC,1602077589482,2020-10-07T13:33:09.482Z,buy,1.471e-05,14.0,0.00020594
RDN/BTC,1602077647940,2020-10-07T13:34:07.940Z,sell,1.471e-05,14.0,0.00020594
RDN/BTC,1602077707942,2020-10-07T13:35:07.942Z,sell,1.471e-05,14.0,0.00020594
RDN/BTC,1602078085155,2020-10-07T13:41:25.155Z,sell,1.471e-05,1221.0,0.01796091
RDN/BTC,1602078085474,2020-10-07T13:41:25.474Z,sell,1.471e-05,543.0,0.00798753
RDN/BTC,1602078085572,2020-10-07T13:41:25.572Z,sell,1.47e-05,337.0,0.0049539
RDN/BTC,1602078086470,2020-10-07T13:41:26.470Z,sell,1.47e-05,168.0,0.0024696
RDN/BTC,1602078086669,2020-10-07T13:41:26.669Z,sell,1.47e-05,83.0,0.0012201
RDN/BTC,1602078120824,2020-10-07T13:42:00.824Z,sell,1.47e-05,280.0,0.004116
RDN/BTC,1602078121098,2020-10-07T13:42:01.098Z,buy,1.47e-05,14.0,0.0002058
RDN/BTC,1602078399320,2020-10-07T13:46:39.320Z,buy,1.47e-05,48.0,0.0007056
RDN/BTC,1602078916870,2020-10-07T13:55:16.870Z,buy,1.47e-05,1793.0,0.0263571
RDN/BTC,1602078917034,2020-10-07T13:55:17.034Z,buy,1.471e-05,598.0,0.00879658
RDN/BTC,1602078932791,2020-10-07T13:55:32.791Z,buy,1.473e-05,100.0,0.001473
RDN/BTC,1602078932791,2020-10-07T13:55:32.791Z,buy,1.474e-05,650.0,0.009581
RDN/BTC,1602078936058,2020-10-07T13:55:36.058Z,buy,1.474e-05,17.0,0.00025058
RDN/BTC,1602078936058,2020-10-07T13:55:36.058Z,buy,1.474e-05,17.0,0.00025058
RDN/BTC,1602079322246,2020-10-07T14:02:02.246Z,buy,1.472e-05,13.0,0.0001913599999999
RDN/BTC,1602079980582,2020-10-07T14:13:00.582Z,buy,1.475e-05,17.0,0.00025075
RDN/BTC,1602080079186,2020-10-07T14:14:39.186Z,buy,1.474e-05,402.0,0.0059254799999999
RDN/BTC,1602080407507,2020-10-07T14:20:07.507Z,buy,1.473e-05,340.0,0.0050082
RDN/BTC,1602080407507,2020-10-07T14:20:07.507Z,buy,1.474e-05,543.0,0.00800382
RDN/BTC,1602080407750,2020-10-07T14:20:07.750Z,buy,1.475e-05,246.0,0.0036284999999999
RDN/BTC,1602080419988,2020-10-07T14:20:19.988Z,buy,1.479e-05,21.0,0.00031059
RDN/BTC,1602080626454,2020-10-07T14:23:46.454Z,buy,1.479e-05,220.0,0.0032538
RDN/BTC,1602080626454,2020-10-07T14:23:46.454Z,buy,1.481e-05,1086.0,0.01608366
RDN/BTC,1602080632408,2020-10-07T14:23:52.408Z,sell,1.481e-05,237.0,0.00350997
RDN/BTC,1602081650778,2020-10-07T14:40:50.778Z,sell,1.481e-05,22.0,0.00032582
RDN/BTC,1602081650778,2020-10-07T14:40:50.778Z,sell,1.481e-05,22.0,0.00032582
RDN/BTC,1602084154291,2020-10-07T15:22:34.291Z,sell,1.482e-05,9.0,0.00013338
RDN/BTC,1602084856332,2020-10-07T15:34:16.332Z,sell,1.484e-05,293.0,0.00434812
RDN/BTC,1602084856332,2020-10-07T15:34:16.332Z,sell,1.482e-05,2023.0,0.02998086
RDN/BTC,1602084856332,2020-10-07T15:34:16.332Z,sell,1.481e-05,6656.0,0.09857536
RDN/BTC,1602084856487,2020-10-07T15:34:16.487Z,sell,1.481e-05,12.0,0.00017772
RDN/BTC,1602084856487,2020-10-07T15:34:16.487Z,sell,1.479e-05,2374.0,0.03511146
RDN/BTC,1602084869225,2020-10-07T15:34:29.225Z,buy,1.487e-05,1594.0,0.02370278
RDN/BTC,1602084869225,2020-10-07T15:34:29.225Z,buy,1.489e-05,307.0,0.00457123
RDN/BTC,1602084876363,2020-10-07T15:34:36.363Z,buy,1.489e-05,41.0,0.00061049
RDN/BTC,1602084876363,2020-10-07T15:34:36.363Z,buy,1.49e-05,7163.0,0.1067287
RDN/BTC,1602084878900,2020-10-07T15:34:38.900Z,buy,1.49e-05,1761.0,0.0262389
RDN/BTC,1602084883204,2020-10-07T15:34:43.204Z,buy,1.49e-05,570.0,0.008493
RDN/BTC,1602084990811,2020-10-07T15:36:30.811Z,buy,1.49e-05,107.0,0.0015942999999999
RDN/BTC,1602085177911,2020-10-07T15:39:37.911Z,buy,1.49e-05,1006.0,0.0149894
RDN/BTC,1602085177911,2020-10-07T15:39:37.911Z,buy,1.49e-05,1006.0,0.0149894
RDN/BTC,1602085323042,2020-10-07T15:42:03.042Z,buy,1.49e-05,373.0,0.0055577
RDN/BTC,1602085332948,2020-10-07T15:42:12.948Z,buy,1.49e-05,339.0,0.0050511
RDN/BTC,1602085862872,2020-10-07T15:51:02.872Z,buy,1.49e-05,14.0,0.0002086
RDN/BTC,1602085863226,2020-10-07T15:51:03.226Z,buy,1.49e-05,12.0,0.0001788
RDN/BTC,1602085874515,2020-10-07T15:51:14.515Z,sell,1.478e-05,679.0,0.01003562
RDN/BTC,1602085874515,2020-10-07T15:51:14.515Z,sell,1.478e-05,15.0,0.0002217
RDN/BTC,1602085874515,2020-10-07T15:51:14.515Z,sell,1.478e-05,48.0,0.00070944
RDN/BTC,1602087107890,2020-10-07T16:11:47.890Z,sell,1.478e-05,15.0,0.0002217
RDN/BTC,1602087117522,2020-10-07T16:11:57.522Z,sell,1.478e-05,136.0,0.00201008
RDN/BTC,1602087180909,2020-10-07T16:13:00.909Z,sell,1.478e-05,136.0,0.00201008
RDN/BTC,1602087180918,2020-10-07T16:13:00.918Z,sell,1.478e-05,135.0,0.0019953
RDN/BTC,1602087403524,2020-10-07T16:16:43.524Z,sell,1.478e-05,8.0,0.00011824
RDN/BTC,1602088303463,2020-10-07T16:31:43.463Z,sell,1.477e-05,237.0,0.0035004899999999
RDN/BTC,1602088303463,2020-10-07T16:31:43.463Z,sell,1.477e-05,237.0,0.0035004899999999
RDN/BTC,1602089108072,2020-10-07T16:45:08.072Z,buy,1.477e-05,14.0,0.00020678
RDN/BTC,1602089132747,2020-10-07T16:45:32.747Z,sell,1.475e-05,218.0,0.0032155
RDN/BTC,1602091603858,2020-10-07T17:26:43.858Z,sell,1.475e-05,14.0,0.0002064999999999
RDN/BTC,1602091603858,2020-10-07T17:26:43.858Z,sell,1.475e-05,14.0,0.0002064999999999
RDN/BTC,1602092666679,2020-10-07T17:44:26.679Z,sell,1.476e-05,9.0,0.0001328399999999
RDN/BTC,1602092666679,2020-10-07T17:44:26.679Z,sell,1.475e-05,35.0,0.00051625
RDN/BTC,1602092784674,2020-10-07T17:46:24.674Z,buy,1.479e-05,10.0,0.0001479
RDN/BTC,1602092961084,2020-10-07T17:49:21.084Z,buy,1.481e-05,7.0,0.00010367
RDN/BTC,1602093116348,2020-10-07T17:51:56.348Z,sell,1.476e-05,533.0,0.00786708
RDN/BTC,1602093116348,2020-10-07T17:51:56.348Z,sell,1.475e-05,485.0,0.0071537499999999
RDN/BTC,1602093505537,2020-10-07T17:58:25.537Z,buy,1.481e-05,2.0,2.962e-05
RDN/BTC,1602093575077,2020-10-07T17:59:35.077Z,buy,1.483e-05,9.0,0.00013347
RDN/BTC,1602093613293,2020-10-07T18:00:13.293Z,buy,1.483e-05,13.0,0.00019279
RDN/BTC,1602093688559,2020-10-07T18:01:28.559Z,buy,1.483e-05,81.0,0.00120123
RDN/BTC,1602094121069,2020-10-07T18:08:41.069Z,buy,1.483e-05,14.0,0.00020762
RDN/BTC,1602094122025,2020-10-07T18:08:42.025Z,buy,1.486e-05,7.0,0.00010402
RDN/BTC,1602094359053,2020-10-07T18:12:39.053Z,buy,1.486e-05,14.0,0.00020804
RDN/BTC,1602094359053,2020-10-07T18:12:39.053Z,buy,1.488e-05,119.0,0.00177072
RDN/BTC,1602094359053,2020-10-07T18:12:39.053Z,buy,1.486e-05,14.0,0.00020804
RDN/BTC,1602094359053,2020-10-07T18:12:39.053Z,buy,1.488e-05,119.0,0.00177072
RDN/BTC,1602095216529,2020-10-07T18:26:56.529Z,buy,1.488e-05,522.0,0.00776736
RDN/BTC,1602095216529,2020-10-07T18:26:56.529Z,buy,1.489e-05,1386.0,0.02063754
RDN/BTC,1602095216529,2020-10-07T18:26:56.529Z,buy,1.49e-05,9952.0,0.1482848
RDN/BTC,1602095219252,2020-10-07T18:26:59.252Z,buy,1.491e-05,204.0,0.00304164
RDN/BTC,1602095219252,2020-10-07T18:26:59.252Z,buy,1.493e-05,250.0,0.0037324999999999
RDN/BTC,1602095219252,2020-10-07T18:26:59.252Z,buy,1.495e-05,422.0,0.0063088999999999
RDN/BTC,1602095219252,2020-10-07T18:26:59.252Z,buy,1.496e-05,2274.0,0.03401904
RDN/BTC,1602095219252,2020-10-07T18:26:59.252Z,buy,1.498e-05,283.0,0.00423934
RDN/BTC,1602095219252,2020-10-07T18:26:59.252Z,buy,1.5e-05,253.0,0.003795
RDN/BTC,1602095222093,2020-10-07T18:27:02.093Z,sell,1.485e-05,67.0,0.00099495
RDN/BTC,1602095224348,2020-10-07T18:27:04.348Z,buy,1.49e-05,202.0,0.0030098
RDN/BTC,1602095515449,2020-10-07T18:31:55.449Z,sell,1.492e-05,7.0,0.00010444
RDN/BTC,1602095515449,2020-10-07T18:31:55.449Z,sell,1.491e-05,289.0,0.0043089899999999
RDN/BTC,1602095740135,2020-10-07T18:35:40.135Z,buy,1.496e-05,172.0,0.00257312
RDN/BTC,1602095826352,2020-10-07T18:37:06.352Z,sell,1.491e-05,35.0,0.00052185
RDN/BTC,1602096971334,2020-10-07T18:56:11.334Z,sell,1.494e-05,16.0,0.00023904
RDN/BTC,1602097028093,2020-10-07T18:57:08.093Z,sell,1.494e-05,13.0,0.00019422
RDN/BTC,1602097286531,2020-10-07T19:01:26.531Z,sell,1.495e-05,38.0,0.0005681
RDN/BTC,1602097286531,2020-10-07T19:01:26.531Z,sell,1.494e-05,344.0,0.00513936
RDN/BTC,1602097286531,2020-10-07T19:01:26.531Z,sell,1.493e-05,957.0,0.0142880099999999
RDN/BTC,1602097338568,2020-10-07T19:02:18.568Z,buy,1.496e-05,31.0,0.00046376
RDN/BTC,1602097338568,2020-10-07T19:02:18.568Z,buy,1.496e-05,31.0,0.00046376
RDN/BTC,1602098107541,2020-10-07T19:15:07.541Z,buy,1.496e-05,13.0,0.00019448
RDN/BTC,1602098138071,2020-10-07T19:15:38.071Z,sell,1.496e-05,67.0,0.00100232
RDN/BTC,1602098480817,2020-10-07T19:21:20.817Z,sell,1.496e-05,237.0,0.00354552
RDN/BTC,1602098933733,2020-10-07T19:28:53.733Z,buy,1.502e-05,274.0,0.00411548
RDN/BTC,1602099802624,2020-10-07T19:43:22.624Z,sell,1.496e-05,6613.0,0.09893048
RDN/BTC,1602099802624,2020-10-07T19:43:22.624Z,sell,1.496e-05,41.0,0.00061336
