symbol,timestamp,datetime,side,price,amount,btc_volume
RDN/BTC,1563375826475,2019-07-17T15:03:46.475Z,buy,2.251e-05,9.0,0.00020259
RDN/BTC,1563376155809,2019-07-17T15:09:15.809Z,buy,2.251e-05,1444.0,0.03250444
RDN/BTC,1563376155809,2019-07-17T15:09:15.809Z,buy,2.252e-05,2237.0,0.05037724
RDN/BTC,1563376164520,2019-07-17T15:09:24.520Z,buy,2.252e-05,1855.0,0.0417746
RDN/BTC,1563376177981,2019-07-17T15:09:37.981Z,buy,2.252e-05,221.0,0.00497692
RDN/BTC,1563376250911,2019-07-17T15:10:50.911Z,buy,2.251e-05,184.0,0.00414184
RDN/BTC,1563376262589,2019-07-17T15:11:02.589Z,sell,2.233e-05,33.0,0.00073689
RDN/BTC,1563377066493,2019-07-17T15:24:26.493Z,sell,2.235e-05,178.0,0.0039783
RDN/BTC,1563377160910,2019-07-17T15:26:00.910Z,sell,2.233e-05,16.0,0.00035728
RDN/BTC,1563377517578,2019-07-17T15:31:57.578Z,sell,2.236e-05,113.0,0.00252668
RDN/BTC,1563377517578,2019-07-17T15:31:57.578Z,sell,2.235e-05,290.0,0.0064815
RDN/BTC,1563377517578,2019-07-17T15:31:57.578Z,sell,2.234e-05,189.0,0.00422226
RDN/BTC,1563377517580,2019-07-17T15:31:57.580Z,sell,2.234e-05,655.0,0.0146327
RDN/BTC,1563377517580,2019-07-17T15:31:57.580Z,sell,2.233e-05,733.0,0.01636789
RDN/BTC,1563377517583,2019-07-17T15:31:57.583Z,sell,2.233e-05,67.0,0.00149611
RDN/BTC,1563377517583,2019-07-17T15:31:57.583Z,sell,2.232e-05,651.0,0.01453032
RDN/BTC,1563377517583,2019-07-17T15:31:57.583Z,sell,2.226e-05,11.0,0.00024486
RDN/BTC,1563377517583,2019-07-17T15:31:57.583Z,sell,2.224e-05,553.0,0.01229872
RDN/BTC,1563377518871,2019-07-17T15:31:58.871Z,sell,2.228e-05,1151.0,0.02564428
RDN/BTC,1563377521325,2019-07-17T15:32:01.325Z,sell,2.228e-05,308.0,0.00686224
RDN/BTC,1563377521325,2019-07-17T15:32:01.325Z,sell,2.226e-05,149.0,0.00331674
RDN/BTC,1563377526878,2019-07-17T15:32:06.878Z,buy,2.243e-05,71.0,0.00159253
RDN/BTC,1563377606980,2019-07-17T15:33:26.980Z,sell,2.224e-05,49.0,0.00108976
RDN/BTC,1563377969033,2019-07-17T15:39:29.033Z,buy,2.243e-05,100.0,0.002243
RDN/BTC,1563378097813,2019-07-17T15:41:37.813Z,buy,2.242e-05,10.0,0.0002241999999999
RDN/BTC,1563378140871,2019-07-17T15:42:20.871Z,buy,2.242e-05,159.0,0.0035647799999999
RDN/BTC,1563378553006,2019-07-17T15:49:13.006Z,sell,2.226e-05,183.0,0.00407358
RDN/BTC,1563378686888,2019-07-17T15:51:26.888Z,sell,2.222e-05,112.0,0.00248864
RDN/BTC,1563378686888,2019-07-17T15:51:26.888Z,sell,2.221e-05,234.0,0.0051971399999999
RDN/BTC,1563378686888,2019-07-17T15:51:26.888Z,sell,2.22e-05,858.0,0.0190476
RDN/BTC,1563378687885,2019-07-17T15:51:27.885Z,sell,2.222e-05,736.0,0.01635392
RDN/BTC,1563378902254,2019-07-17T15:55:02.254Z,buy,2.232e-05,295.0,0.0065844
RDN/BTC,1563378902254,2019-07-17T15:55:02.254Z,buy,2.233e-05,31.0,0.00069223
RDN/BTC,1563378960470,2019-07-17T15:56:00.470Z,sell,2.224e-05,13.0,0.00028912
RDN/BTC,1563378960470,2019-07-17T15:56:00.470Z,sell,2.224e-05,13.0,0.00028912
RDN/BTC,1563379316175,2019-07-17T16:01:56.175Z,buy,2.233e-05,50.0,0.0011165
RDN/BTC,1563379316374,2019-07-17T16:01:56.374Z,buy,2.233e-05,14.0,0.00031262
RDN/BTC,1563379317916,2019-07-17T16:01:57.916Z,buy,2.233e-05,123.0,0.00274659
RDN/BTC,1563379355675,2019-07-17T16:02:35.675Z,sell,2.226e-05,14.0,0.00031164
RDN/BTC,1563379398967,2019-07-17T16:03:18.967Z,buy,2.231e-05,14.0,0.00031234
RDN/BTC,1563379404509,2019-07-17T16:03:24.509Z,buy,2.237e-05,87.0,0.00194619
RDN/BTC,1563379404696,2019-07-17T16:03:24.696Z,buy,2.237e-05,60.0,0.0013422
RDN/BTC,1563379405819,2019-07-17T16:03:25.819Z,buy,2.236e-05,60.0,0.0013415999999999
RDN/BTC,1563379406036,2019-07-17T16:03:26.036Z,buy,2.236e-05,145.0,0.0032421999999999
RDN/BTC,1563379406451,2019-07-17T16:03:26.451Z,buy,2.236e-05,106.0,0.00237016
RDN/BTC,1563379406787,2019-07-17T16:03:26.787Z,buy,2.236e-05,533.0,0.01191788
RDN/BTC,1563379407563,2019-07-17T16:03:27.563Z,buy,2.237e-05,61.0,0.00136457
RDN/BTC,1563379409745,2019-07-17T16:03:29.745Z,buy,2.237e-05,81.0,0.00181197
RDN/BTC,1563379410185,2019-07-17T16:03:30.185Z,buy,2.237e-05,524.0,0.01172188
RDN/BTC,1563379430714,2019-07-17T16:03:50.714Z,buy,2.252e-05,23.0,0.00051796
RDN/BTC,1563379431511,2019-07-17T16:03:51.511Z,buy,2.252e-05,66.0,0.00148632
RDN/BTC,1563379445488,2019-07-17T16:04:05.488Z,buy,2.248e-05,118.0,0.00265264
RDN/BTC,1563379445497,2019-07-17T16:04:05.497Z,buy,2.248e-05,25.0,0.000562
RDN/BTC,1563379445497,2019-07-17T16:04:05.497Z,buy,2.251e-05,385.0,0.00866635
RDN/BTC,1563379503327,2019-07-17T16:05:03.327Z,buy,2.252e-05,218.0,0.00490936
RDN/BTC,1563379584573,2019-07-17T16:06:24.573Z,buy,2.252e-05,37.0,0.00083324
RDN/BTC,1563379584573,2019-07-17T16:06:24.573Z,buy,2.253e-05,18.0,0.0004055399999999
RDN/BTC,1563379584573,2019-07-17T16:06:24.573Z,buy,2.254e-05,5.0,0.0001127
RDN/BTC,1563379586236,2019-07-17T16:06:26.236Z,buy,2.254e-05,63.0,0.00142002
RDN/BTC,1563379587221,2019-07-17T16:06:27.221Z,buy,2.254e-05,61.0,0.00137494
RDN/BTC,1563379592462,2019-07-17T16:06:32.462Z,buy,2.254e-05,127.0,0.00286258
RDN/BTC,1563379593434,2019-07-17T16:06:33.434Z,buy,2.254e-05,60.0,0.0013524
RDN/BTC,1563379600267,2019-07-17T16:06:40.267Z,sell,2.235e-05,51.0,0.00113985
RDN/BTC,1563379705888,2019-07-17T16:08:25.888Z,buy,2.254e-05,1300.0,0.029302
RDN/BTC,1563379711500,2019-07-17T16:08:31.500Z,buy,2.254e-05,2016.0,0.04544064
RDN/BTC,1563379711500,2019-07-17T16:08:31.500Z,buy,2.255e-05,984.0,0.0221892
RDN/BTC,1563379717173,2019-07-17T16:08:37.173Z,buy,2.255e-05,147.0,0.00331485
RDN/BTC,1563379747996,2019-07-17T16:09:07.996Z,sell,2.248e-05,51.0,0.00114648
RDN/BTC,1563379748036,2019-07-17T16:09:08.036Z,sell,2.248e-05,51.0,0.00114648
RDN/BTC,1563379776382,2019-07-17T16:09:36.382Z,buy,2.263e-05,11.0,0.0002489299999999
RDN/BTC,1563379803536,2019-07-17T16:10:03.536Z,buy,2.262e-05,53.0,0.00119886
RDN/BTC,1563379803563,2019-07-17T16:10:03.563Z,buy,2.262e-05,49.0,0.00110838
RDN/BTC,1563379805575,2019-07-17T16:10:05.575Z,buy,2.263e-05,810.0,0.0183302999999999
RDN/BTC,1563379848917,2019-07-17T16:10:48.917Z,buy,2.263e-05,1589.0,0.0359590699999999
RDN/BTC,1563379849922,2019-07-17T16:10:49.922Z,buy,2.264e-05,65.0,0.0014716
RDN/BTC,1563379856927,2019-07-17T16:10:56.927Z,buy,2.265e-05,52.0,0.0011778
RDN/BTC,1563379863086,2019-07-17T16:11:03.086Z,sell,2.251e-05,62.0,0.00139562
RDN/BTC,1563379884751,2019-07-17T16:11:24.751Z,sell,2.254e-05,518.0,0.01167572
RDN/BTC,1563379884778,2019-07-17T16:11:24.778Z,buy,2.251e-05,339.0,0.0076308899999999
RDN/BTC,1563379884787,2019-07-17T16:11:24.787Z,buy,2.251e-05,339.0,0.0076308899999999
RDN/BTC,1563379884799,2019-07-17T16:11:24.799Z,buy,2.251e-05,236.0,0.00531236
RDN/BTC,1563379890136,2019-07-17T16:11:30.136Z,sell,2.253e-05,341.0,0.00768273
RDN/BTC,1563379890155,2019-07-17T16:11:30.155Z,buy,2.265e-05,290.0,0.0065685
RDN/BTC,1563379892929,2019-07-17T16:11:32.929Z,buy,2.264e-05,290.0,0.0065656
RDN/BTC,1563379910923,2019-07-17T16:11:50.923Z,buy,2.259e-05,339.0,0.00765801
RDN/BTC,1563379916924,2019-07-17T16:11:56.924Z,buy,2.266e-05,164.0,0.00371624
RDN/BTC,1563380047993,2019-07-17T16:14:07.993Z,sell,2.266e-05,193.0,0.00437338
RDN/BTC,1563380048873,2019-07-17T16:14:08.873Z,sell,2.266e-05,57.0,0.00129162
RDN/BTC,1563380381286,2019-07-17T16:19:41.286Z,sell,2.262e-05,35.0,0.0007917
RDN/BTC,1563380405040,2019-07-17T16:20:05.040Z,sell,2.262e-05,35.0,0.0007917
RDN/BTC,1563380466254,2019-07-17T16:21:06.254Z,sell,2.26e-05,83.0,0.0018758
RDN/BTC,1563380466254,2019-07-17T16:21:06.254Z,sell,2.259e-05,80.0,0.0018072
RDN/BTC,1563380559694,2019-07-17T16:22:39.694Z,buy,2.264e-05,3.0,6.792e-05
RDN/BTC,1563380568256,2019-07-17T16:22:48.256Z,buy,2.271e-05,134.0,0.00304314
RDN/BTC,1563380568605,2019-07-17T16:22:48.605Z,buy,2.274e-05,276.0,0.00627624
RDN/BTC,1563380568605,2019-07-17T16:22:48.605Z,buy,2.275e-05,22.0,0.0005005
RDN/BTC,1563380568941,2019-07-17T16:22:48.941Z,sell,2.271e-05,129.0,0.00292959
RDN/BTC,1563380572143,2019-07-17T16:22:52.143Z,buy,2.279e-05,81.0,0.00184599
RDN/BTC,1563380575436,2019-07-17T16:22:55.436Z,buy,2.283e-05,182.0,0.00415506
RDN/BTC,1563380575436,2019-07-17T16:22:55.436Z,buy,2.285e-05,97.0,0.00221645
RDN/BTC,1563380575436,2019-07-17T16:22:55.436Z,buy,2.287e-05,104.0,0.00237848
RDN/BTC,1563380575436,2019-07-17T16:22:55.436Z,buy,2.288e-05,17.0,0.00038896
RDN/BTC,1563380579113,2019-07-17T16:22:59.113Z,buy,2.288e-05,841.0,0.01924208
RDN/BTC,1563380579155,2019-07-17T16:22:59.155Z,sell,2.288e-05,76.0,0.00173888
RDN/BTC,1563380579207,2019-07-17T16:22:59.207Z,sell,2.279e-05,51.0,0.00116229
RDN/BTC,1563380579207,2019-07-17T16:22:59.207Z,sell,2.277e-05,25.0,0.00056925
RDN/BTC,1563380580754,2019-07-17T16:23:00.754Z,sell,2.277e-05,43.0,0.00097911
RDN/BTC,1563380581368,2019-07-17T16:23:01.368Z,sell,2.277e-05,131.0,0.00298287
RDN/BTC,1563380581922,2019-07-17T16:23:01.922Z,sell,2.277e-05,111.0,0.00252747
RDN/BTC,1563380582166,2019-07-17T16:23:02.166Z,sell,2.277e-05,104.0,0.00236808
RDN/BTC,1563380582306,2019-07-17T16:23:02.306Z,sell,2.277e-05,180.0,0.0040986
RDN/BTC,1563380582335,2019-07-17T16:23:02.335Z,sell,2.277e-05,370.0,0.0084249
RDN/BTC,1563380582416,2019-07-17T16:23:02.416Z,sell,2.277e-05,59.0,0.00134343
RDN/BTC,1563380582978,2019-07-17T16:23:02.978Z,sell,2.277e-05,117.0,0.00266409
RDN/BTC,1563380583220,2019-07-17T16:23:03.220Z,sell,2.277e-05,182.0,0.00414414
RDN/BTC,1563380583353,2019-07-17T16:23:03.353Z,sell,2.277e-05,88.0,0.00200376
RDN/BTC,1563380583381,2019-07-17T16:23:03.381Z,sell,2.277e-05,165.0,0.00375705
RDN/BTC,1563380584395,2019-07-17T16:23:04.395Z,sell,2.277e-05,105.0,0.00239085
RDN/BTC,1563380598127,2019-07-17T16:23:18.127Z,buy,2.284e-05,117.0,0.00267228
RDN/BTC,1563380599190,2019-07-17T16:23:19.190Z,buy,2.283e-05,489.0,0.01116387
RDN/BTC,1563380619257,2019-07-17T16:23:39.257Z,sell,2.274e-05,117.0,0.00266058
RDN/BTC,1563380619257,2019-07-17T16:23:39.257Z,sell,2.273e-05,1406.0,0.03195838
RDN/BTC,1563380619257,2019-07-17T16:23:39.257Z,sell,2.271e-05,2140.0,0.0485994
RDN/BTC,1563380619257,2019-07-17T16:23:39.257Z,sell,2.27e-05,14629.0,0.3320783
RDN/BTC,1563380619257,2019-07-17T16:23:39.257Z,sell,2.261e-05,89.0,0.00201229
RDN/BTC,1563380619311,2019-07-17T16:23:39.311Z,buy,2.27e-05,117.0,0.0026559
RDN/BTC,1563380622911,2019-07-17T16:23:42.911Z,sell,2.255e-05,111.0,0.0025030499999999
RDN/BTC,1563380624117,2019-07-17T16:23:44.117Z,buy,2.265e-05,50.0,0.0011325
RDN/BTC,1563380626443,2019-07-17T16:23:46.443Z,buy,2.255e-05,10.0,0.0002255
RDN/BTC,1563380626458,2019-07-17T16:23:46.458Z,buy,2.255e-05,10.0,0.0002255
RDN/BTC,1563380628406,2019-07-17T16:23:48.406Z,buy,2.255e-05,100.0,0.002255
RDN/BTC,1563380628408,2019-07-17T16:23:48.408Z,buy,2.255e-05,88.0,0.0019844
RDN/BTC,1563380628415,2019-07-17T16:23:48.415Z,buy,2.255e-05,100.0,0.002255
RDN/BTC,1563380640954,2019-07-17T16:24:00.954Z,buy,2.255e-05,52.0,0.0011726
RDN/BTC,1563380644293,2019-07-17T16:24:04.293Z,buy,2.269e-05,53.0,0.00120257
RDN/BTC,1563380660446,2019-07-17T16:24:20.446Z,sell,2.253e-05,55.0,0.00123915
RDN/BTC,1563380660446,2019-07-17T16:24:20.446Z,sell,2.252e-05,1443.0,0.03249636
RDN/BTC,1563380660446,2019-07-17T16:24:20.446Z,sell,2.248e-05,222.0,0.00499056
RDN/BTC,1563380660446,2019-07-17T16:24:20.446Z,sell,2.246e-05,619.0,0.0139027399999999
RDN/BTC,1563380660446,2019-07-17T16:24:20.446Z,sell,2.241e-05,1536.0,0.03442176
RDN/BTC,1563380660446,2019-07-17T16:24:20.446Z,sell,2.24e-05,229.0,0.0051296
RDN/BTC,1563380660459,2019-07-17T16:24:20.459Z,buy,2.241e-05,1127.0,0.02525607
RDN/BTC,1563380660475,2019-07-17T16:24:20.475Z,buy,2.241e-05,1243.0,0.02785563
RDN/BTC,1563380660494,2019-07-17T16:24:20.494Z,buy,2.241e-05,630.0,0.0141183
RDN/BTC,1563380660501,2019-07-17T16:24:20.501Z,sell,2.24e-05,16.0,0.0003584
RDN/BTC,1563380660501,2019-07-17T16:24:20.501Z,sell,2.238e-05,181.0,0.0040507799999999
RDN/BTC,1563380660501,2019-07-17T16:24:20.501Z,sell,2.237e-05,535.0,0.01196795
RDN/BTC,1563380660501,2019-07-17T16:24:20.501Z,sell,2.236e-05,164.0,0.00366704
RDN/BTC,1563380660509,2019-07-17T16:24:20.509Z,buy,2.241e-05,40.0,0.0008964
RDN/BTC,1563380660682,2019-07-17T16:24:20.682Z,buy,2.241e-05,914.0,0.02048274
RDN/BTC,1563380660686,2019-07-17T16:24:20.686Z,buy,2.241e-05,76.0,0.00170316
RDN/BTC,1563380660689,2019-07-17T16:24:20.689Z,buy,2.241e-05,174.0,0.00389934
RDN/BTC,1563380661049,2019-07-17T16:24:21.049Z,buy,2.241e-05,131.0,0.00293571
RDN/BTC,1563380662956,2019-07-17T16:24:22.956Z,buy,2.24e-05,103.0,0.0023071999999999
RDN/BTC,1563380663952,2019-07-17T16:24:23.952Z,buy,2.241e-05,7746.0,0.17358786
RDN/BTC,1563380670141,2019-07-17T16:24:30.141Z,buy,2.255e-05,5.0,0.00011275
RDN/BTC,1563380670222,2019-07-17T16:24:30.222Z,sell,2.255e-05,15.0,0.00033825
RDN/BTC,1563380671965,2019-07-17T16:24:31.965Z,sell,2.255e-05,76.0,0.0017138
RDN/BTC,1563380673022,2019-07-17T16:24:33.022Z,sell,2.255e-05,81.0,0.00182655
RDN/BTC,1563380673030,2019-07-17T16:24:33.030Z,sell,2.239e-05,81.0,0.00181359
RDN/BTC,1563380690996,2019-07-17T16:24:50.996Z,sell,2.239e-05,226.0,0.00506014
RDN/BTC,1563380690996,2019-07-17T16:24:50.996Z,sell,2.236e-05,3353.0,0.07497308
RDN/BTC,1563380690996,2019-07-17T16:24:50.996Z,sell,2.228e-05,582.0,0.01296696
RDN/BTC,1563380690996,2019-07-17T16:24:50.996Z,sell,2.226e-05,3424.0,0.07621824
RDN/BTC,1563380691018,2019-07-17T16:24:51.018Z,buy,2.226e-05,3535.0,0.0786891
RDN/BTC,1563380691950,2019-07-17T16:24:51.950Z,buy,2.232e-05,61.0,0.00136152
RDN/BTC,1563380692285,2019-07-17T16:24:52.285Z,buy,2.233e-05,65.0,0.00145145
RDN/BTC,1563380696109,2019-07-17T16:24:56.109Z,buy,2.244e-05,138.0,0.00309672
RDN/BTC,1563380703261,2019-07-17T16:25:03.261Z,sell,2.244e-05,40.0,0.0008975999999999
RDN/BTC,1563380705511,2019-07-17T16:25:05.511Z,buy,2.236e-05,60.0,0.0013415999999999
RDN/BTC,1563380712964,2019-07-17T16:25:12.964Z,buy,2.234e-05,166.0,0.00370844
RDN/BTC,1563380714953,2019-07-17T16:25:14.953Z,buy,2.235e-05,245.0,0.00547575
RDN/BTC,1563380715963,2019-07-17T16:25:15.963Z,buy,2.237e-05,1029.0,0.02301873
RDN/BTC,1563380717955,2019-07-17T16:25:17.955Z,buy,2.237e-05,1029.0,0.02301873
RDN/BTC,1563380718244,2019-07-17T16:25:18.244Z,buy,2.237e-05,56.0,0.00125272
RDN/BTC,1563380718889,2019-07-17T16:25:18.889Z,buy,2.237e-05,60.0,0.0013422
RDN/BTC,1563380718960,2019-07-17T16:25:18.960Z,buy,2.237e-05,681.0,0.01523397
RDN/BTC,1563380720957,2019-07-17T16:25:20.957Z,buy,2.237e-05,529.0,0.01183373
RDN/BTC,1563380747764,2019-07-17T16:25:47.764Z,buy,2.252e-05,839.0,0.01889428
RDN/BTC,1563380748956,2019-07-17T16:25:48.956Z,buy,2.253e-05,617.0,0.01390101
RDN/BTC,1563380749170,2019-07-17T16:25:49.170Z,buy,2.253e-05,13.0,0.0002928899999999
RDN/BTC,1563380750013,2019-07-17T16:25:50.013Z,buy,2.255e-05,5.0,0.00011275
RDN/BTC,1563380750343,2019-07-17T16:25:50.343Z,sell,2.255e-05,839.0,0.01891945
RDN/BTC,1563380750343,2019-07-17T16:25:50.343Z,sell,2.254e-05,45.0,0.0010143
RDN/BTC,1563380751336,2019-07-17T16:25:51.336Z,sell,2.253e-05,20.0,0.0004506
RDN/BTC,1563380782232,2019-07-17T16:26:22.232Z,sell,2.253e-05,18.0,0.0004055399999999
RDN/BTC,1563380790247,2019-07-17T16:26:30.247Z,buy,2.261e-05,17.0,0.00038437
RDN/BTC,1563380830105,2019-07-17T16:27:10.105Z,sell,2.253e-05,256.0,0.00576768
RDN/BTC,1563380846741,2019-07-17T16:27:26.741Z,buy,2.254e-05,45.0,0.0010143
RDN/BTC,1563380848121,2019-07-17T16:27:28.121Z,buy,2.252e-05,245.0,0.0055174
RDN/BTC,1563380851243,2019-07-17T16:27:31.243Z,buy,2.253e-05,289.0,0.00651117
RDN/BTC,1563380851643,2019-07-17T16:27:31.643Z,buy,2.254e-05,844.0,0.01902376
RDN/BTC,1563380853826,2019-07-17T16:27:33.826Z,sell,2.253e-05,226.0,0.00509178
RDN/BTC,1563380953881,2019-07-17T16:29:13.881Z,sell,2.253e-05,35.0,0.00078855
RDN/BTC,1563381072683,2019-07-17T16:31:12.683Z,sell,2.258e-05,98.0,0.00221284
RDN/BTC,1563381074966,2019-07-17T16:31:14.966Z,buy,2.258e-05,80.0,0.0018064
RDN/BTC,1563381081566,2019-07-17T16:31:21.566Z,buy,2.259e-05,70.0,0.0015813
RDN/BTC,1563381316322,2019-07-17T16:35:16.322Z,sell,2.254e-05,16.0,0.00036064
RDN/BTC,1563381418899,2019-07-17T16:36:58.899Z,buy,2.262e-05,14.0,0.00031668
RDN/BTC,1563381418899,2019-07-17T16:36:58.899Z,buy,2.263e-05,191.0,0.00432233
RDN/BTC,1563381418899,2019-07-17T16:36:58.899Z,buy,2.264e-05,169.0,0.00382616
RDN/BTC,1563381418899,2019-07-17T16:36:58.899Z,buy,2.265e-05,181.0,0.00409965
RDN/BTC,1563381418899,2019-07-17T16:36:58.899Z,buy,2.274e-05,5.0,0.0001137
RDN/BTC,1563381418899,2019-07-17T16:36:58.899Z,buy,2.278e-05,80.0,0.0018223999999999
RDN/BTC,1563381418899,2019-07-17T16:36:58.899Z,buy,2.286e-05,482.0,0.01101852
RDN/BTC,1563381418899,2019-07-17T16:36:58.899Z,buy,2.292e-05,1757.0,0.04027044
RDN/BTC,1563381418899,2019-07-17T16:36:58.899Z,buy,2.293e-05,539.0,0.0123592699999999
RDN/BTC,1563381418899,2019-07-17T16:36:58.899Z,buy,2.294e-05,44.0,0.00100936
RDN/BTC,1563381418899,2019-07-17T16:36:58.899Z,buy,2.295e-05,589.0,0.01351755
RDN/BTC,1563381418899,2019-07-17T16:36:58.899Z,buy,2.297e-05,89.0,0.00204433
RDN/BTC,1563381418899,2019-07-17T16:36:58.899Z,buy,2.3e-05,445.0,0.010235
RDN/BTC,1563381418899,2019-07-17T16:36:58.899Z,buy,2.306e-05,649.0,0.01496594
RDN/BTC,1563381418899,2019-07-17T16:36:58.899Z,buy,2.308e-05,510.0,0.0117708
RDN/BTC,1563381418899,2019-07-17T16:36:58.899Z,buy,2.309e-05,535.0,0.01235315
RDN/BTC,1563381418899,2019-07-17T16:36:58.899Z,buy,2.31e-05,119.0,0.0027489
RDN/BTC,1563381418899,2019-07-17T16:36:58.899Z,buy,2.311e-05,200.0,0.004622
RDN/BTC,1563381418899,2019-07-17T16:36:58.899Z,buy,2.312e-05,137.0,0.0031674399999999
RDN/BTC,1563381418899,2019-07-17T16:36:58.899Z,buy,2.316e-05,223.0,0.00516468
RDN/BTC,1563381418899,2019-07-17T16:36:58.899Z,buy,2.317e-05,863.0,0.01999571
RDN/BTC,1563381419228,2019-07-17T16:36:59.228Z,sell,2.273e-05,988.0,0.02245724
RDN/BTC,1563381419262,2019-07-17T16:36:59.262Z,sell,2.273e-05,151.0,0.00343223
RDN/BTC,1563381419786,2019-07-17T16:36:59.786Z,buy,2.314e-05,66.0,0.00152724
RDN/BTC,1563381420321,2019-07-17T16:37:00.321Z,sell,2.278e-05,60.0,0.0013667999999999
RDN/BTC,1563381420545,2019-07-17T16:37:00.545Z,sell,2.28e-05,91.0,0.0020748
RDN/BTC,1563381420824,2019-07-17T16:37:00.824Z,sell,2.28e-05,107.0,0.0024395999999999
RDN/BTC,1563381421582,2019-07-17T16:37:01.582Z,sell,2.283e-05,96.0,0.00219168
RDN/BTC,1563381421641,2019-07-17T16:37:01.641Z,sell,2.284e-05,60.0,0.0013704
RDN/BTC,1563381421704,2019-07-17T16:37:01.704Z,sell,2.284e-05,10.0,0.0002284
RDN/BTC,1563381421830,2019-07-17T16:37:01.830Z,sell,2.284e-05,34.0,0.00077656
RDN/BTC,1563381421847,2019-07-17T16:37:01.847Z,buy,2.31e-05,130.0,0.003003
RDN/BTC,1563381422818,2019-07-17T16:37:02.818Z,sell,2.293e-05,5.0,0.00011465
RDN/BTC,1563381422818,2019-07-17T16:37:02.818Z,sell,2.286e-05,15.0,0.0003429
RDN/BTC,1563381423952,2019-07-17T16:37:03.952Z,sell,2.288e-05,177.0,0.00404976
RDN/BTC,1563381427457,2019-07-17T16:37:07.457Z,sell,2.289e-05,103.0,0.00235767
RDN/BTC,1563381427457,2019-07-17T16:37:07.457Z,sell,2.288e-05,140.0,0.0032032
RDN/BTC,1563381428580,2019-07-17T16:37:08.580Z,sell,2.288e-05,276.0,0.00631488
RDN/BTC,1563381428580,2019-07-17T16:37:08.580Z,sell,2.283e-05,1577.0,0.03600291
RDN/BTC,1563381433369,2019-07-17T16:37:13.369Z,sell,2.278e-05,48.0,0.00109344
RDN/BTC,1563381451319,2019-07-17T16:37:31.319Z,buy,2.292e-05,60.0,0.0013752
RDN/BTC,1563381483274,2019-07-17T16:38:03.274Z,buy,2.287e-05,12.0,0.00027444
RDN/BTC,1563381483711,2019-07-17T16:38:03.711Z,sell,2.29e-05,16.0,0.0003664
RDN/BTC,1563381483984,2019-07-17T16:38:03.984Z,sell,2.29e-05,25.0,0.0005725
RDN/BTC,1563381605857,2019-07-17T16:40:05.857Z,buy,2.287e-05,14.0,0.00032018
RDN/BTC,1563381605857,2019-07-17T16:40:05.857Z,buy,2.291e-05,287.0,0.00657517
RDN/BTC,1563381605857,2019-07-17T16:40:05.857Z,buy,2.292e-05,754.0,0.01728168
RDN/BTC,1563381605857,2019-07-17T16:40:05.857Z,buy,2.293e-05,756.0,0.01733508
RDN/BTC,1563381611255,2019-07-17T16:40:11.255Z,buy,2.293e-05,451.0,0.0103414299999999
RDN/BTC,1563381615770,2019-07-17T16:40:15.770Z,buy,2.292e-05,112.0,0.00256704
RDN/BTC,1563381660809,2019-07-17T16:41:00.809Z,sell,2.281e-05,59.0,0.00134579
RDN/BTC,1563381671022,2019-07-17T16:41:11.022Z,buy,2.288e-05,287.0,0.00656656
RDN/BTC,1563381671264,2019-07-17T16:41:11.264Z,buy,2.288e-05,740.0,0.0169312
RDN/BTC,1563381689012,2019-07-17T16:41:29.012Z,sell,2.282e-05,95.0,0.0021679
RDN/BTC,1563381689012,2019-07-17T16:41:29.012Z,sell,2.281e-05,135.0,0.00307935
RDN/BTC,1563381689027,2019-07-17T16:41:29.027Z,sell,2.281e-05,138.0,0.00314778
RDN/BTC,1563381689549,2019-07-17T16:41:29.549Z,sell,2.282e-05,91.0,0.00207662
RDN/BTC,1563381747669,2019-07-17T16:42:27.669Z,sell,2.281e-05,197.0,0.00449357
RDN/BTC,1563381756922,2019-07-17T16:42:36.922Z,sell,2.28e-05,220.0,0.005016
RDN/BTC,1563381823001,2019-07-17T16:43:43.001Z,buy,2.278e-05,288.0,0.0065606399999999
RDN/BTC,1563381861636,2019-07-17T16:44:21.636Z,sell,2.277e-05,56.0,0.00127512
RDN/BTC,1563381915177,2019-07-17T16:45:15.177Z,sell,2.274e-05,294.0,0.00668556
RDN/BTC,1563381915177,2019-07-17T16:45:15.177Z,sell,2.273e-05,1400.0,0.031822
RDN/BTC,1563382201017,2019-07-17T16:50:01.017Z,buy,2.271e-05,318.0,0.00722178
RDN/BTC,1563382207016,2019-07-17T16:50:07.016Z,sell,2.264e-05,222.0,0.00502608
RDN/BTC,1563382207016,2019-07-17T16:50:07.016Z,sell,2.264e-05,45.0,0.0010188
RDN/BTC,1563382232853,2019-07-17T16:50:32.853Z,buy,2.278e-05,106.0,0.0024146799999999
RDN/BTC,1563382282504,2019-07-17T16:51:22.504Z,buy,2.278e-05,9.0,0.0002050199999999
RDN/BTC,1563382288023,2019-07-17T16:51:28.023Z,sell,2.276e-05,52.0,0.00118352
RDN/BTC,1563382292001,2019-07-17T16:51:32.001Z,sell,2.265e-05,22.0,0.0004983
RDN/BTC,1563382305606,2019-07-17T16:51:45.606Z,buy,2.278e-05,28.0,0.00063784
RDN/BTC,1563382330444,2019-07-17T16:52:10.444Z,sell,2.27e-05,15.0,0.0003405
RDN/BTC,1563382495457,2019-07-17T16:54:55.457Z,buy,2.277e-05,2.0,4.554e-05
RDN/BTC,1563382552277,2019-07-17T16:55:52.277Z,buy,2.277e-05,2.0,4.554e-05
RDN/BTC,1563382556594,2019-07-17T16:55:56.594Z,buy,2.277e-05,12.0,0.00027324
RDN/BTC,1563382556594,2019-07-17T16:55:56.594Z,buy,2.277e-05,12.0,0.00027324
RDN/BTC,1563382585042,2019-07-17T16:56:25.042Z,buy,2.27e-05,2656.0,0.0602911999999999
RDN/BTC,1563382588034,2019-07-17T16:56:28.034Z,buy,2.27e-05,424.0,0.0096248
RDN/BTC,1563382595949,2019-07-17T16:56:35.949Z,buy,2.283e-05,27.0,0.00061641
RDN/BTC,1563382624993,2019-07-17T16:57:04.993Z,buy,2.276e-05,94.0,0.00213944
RDN/BTC,1563382836811,2019-07-17T17:00:36.811Z,sell,2.276e-05,10.0,0.0002276
RDN/BTC,1563382867697,2019-07-17T17:01:07.697Z,sell,2.281e-05,60.0,0.0013686
RDN/BTC,1563382898955,2019-07-17T17:01:38.955Z,buy,2.286e-05,5.0,0.0001143
RDN/BTC,1563383022809,2019-07-17T17:03:42.809Z,sell,2.276e-05,2.0,4.552e-05
RDN/BTC,1563383037448,2019-07-17T17:03:57.448Z,sell,2.279e-05,60.0,0.0013674
RDN/BTC,1563383040462,2019-07-17T17:04:00.462Z,sell,2.278e-05,60.0,0.0013667999999999
RDN/BTC,1563383045462,2019-07-17T17:04:05.462Z,sell,2.279e-05,60.0,0.0013674
RDN/BTC,1563383053465,2019-07-17T17:04:13.465Z,sell,2.278e-05,60.0,0.0013667999999999
RDN/BTC,1563383060167,2019-07-17T17:04:20.167Z,sell,2.278e-05,105.0,0.0023918999999999
RDN/BTC,1563383064182,2019-07-17T17:04:24.182Z,sell,2.28e-05,43.0,0.0009804
RDN/BTC,1563383064182,2019-07-17T17:04:24.182Z,sell,2.277e-05,17.0,0.00038709
RDN/BTC,1563383123439,2019-07-17T17:05:23.439Z,sell,2.277e-05,101.0,0.00229977
RDN/BTC,1563383138955,2019-07-17T17:05:38.955Z,sell,2.277e-05,30.0,0.0006831
RDN/BTC,1563383139417,2019-07-17T17:05:39.417Z,sell,2.277e-05,35.0,0.00079695
RDN/BTC,1563383141245,2019-07-17T17:05:41.245Z,sell,2.277e-05,37.0,0.00084249
RDN/BTC,1563383147894,2019-07-17T17:05:47.894Z,sell,2.277e-05,194.0,0.00441738
RDN/BTC,1563383152390,2019-07-17T17:05:52.390Z,sell,2.276e-05,62.0,0.0014111199999999
RDN/BTC,1563383234924,2019-07-17T17:07:14.924Z,buy,2.283e-05,99.0,0.00226017
RDN/BTC,1563383234924,2019-07-17T17:07:14.924Z,buy,2.284e-05,1363.0,0.03113092
RDN/BTC,1563383234924,2019-07-17T17:07:14.924Z,buy,2.286e-05,147.0,0.00336042
RDN/BTC,1563383265100,2019-07-17T17:07:45.100Z,sell,2.278e-05,9.0,0.0002050199999999
RDN/BTC,1563383265128,2019-07-17T17:07:45.128Z,sell,2.278e-05,20.0,0.0004555999999999
RDN/BTC,1563383312688,2019-07-17T17:08:32.688Z,buy,2.286e-05,411.0,0.00939546
RDN/BTC,1563383312688,2019-07-17T17:08:32.688Z,buy,2.287e-05,292.0,0.00667804
RDN/BTC,1563383427617,2019-07-17T17:10:27.617Z,sell,2.28e-05,289.0,0.0065892
RDN/BTC,1563383427617,2019-07-17T17:10:27.617Z,sell,2.279e-05,427.0,0.00973133
RDN/BTC,1563383427617,2019-07-17T17:10:27.617Z,sell,2.279e-05,280.0,0.0063812
RDN/BTC,1563383749126,2019-07-17T17:15:49.126Z,buy,2.291e-05,289.0,0.0066209899999999
RDN/BTC,1563383749168,2019-07-17T17:15:49.168Z,sell,2.291e-05,529.0,0.0121193899999999
RDN/BTC,1563383815088,2019-07-17T17:16:55.088Z,sell,2.291e-05,71.0,0.00162661
RDN/BTC,1563384363540,2019-07-17T17:26:03.540Z,sell,2.279e-05,41.0,0.00093439
RDN/BTC,1563384373818,2019-07-17T17:26:13.818Z,sell,2.279e-05,660.0,0.0150414
RDN/BTC,1563384373818,2019-07-17T17:26:13.818Z,sell,2.278e-05,42.0,0.00095676
RDN/BTC,1563384690144,2019-07-17T17:31:30.144Z,sell,2.279e-05,127.0,0.00289433
RDN/BTC,1563384693449,2019-07-17T17:31:33.449Z,buy,2.291e-05,153.0,0.00350523
RDN/BTC,1563384783113,2019-07-17T17:33:03.113Z,sell,2.28e-05,153.0,0.0034883999999999
RDN/BTC,1563384783113,2019-07-17T17:33:03.113Z,sell,2.279e-05,783.0,0.01784457
RDN/BTC,1563384783113,2019-07-17T17:33:03.113Z,sell,2.278e-05,671.0,0.01528538
RDN/BTC,1563384833151,2019-07-17T17:33:53.151Z,sell,2.278e-05,2592.0,0.0590457599999999
RDN/BTC,1563384861164,2019-07-17T17:34:21.164Z,sell,2.278e-05,77.0,0.00175406
RDN/BTC,1563384953163,2019-07-17T17:35:53.163Z,sell,2.276e-05,4929.0,0.11218404
RDN/BTC,1563384961475,2019-07-17T17:36:01.475Z,buy,2.277e-05,50.0,0.0011385
RDN/BTC,1563384984167,2019-07-17T17:36:24.167Z,sell,2.267e-05,538.0,0.01219646
RDN/BTC,1563384988161,2019-07-17T17:36:28.161Z,sell,2.264e-05,373.0,0.00844472
RDN/BTC,1563384990159,2019-07-17T17:36:30.159Z,sell,2.263e-05,60.0,0.0013578
RDN/BTC,1563385003170,2019-07-17T17:36:43.170Z,sell,2.264e-05,133.0,0.00301112
RDN/BTC,1563385067684,2019-07-17T17:37:47.684Z,sell,2.259e-05,92.0,0.00207828
RDN/BTC,1563385313451,2019-07-17T17:41:53.451Z,sell,2.259e-05,313.0,0.0070706699999999
RDN/BTC,1563385313473,2019-07-17T17:41:53.473Z,sell,2.259e-05,227.0,0.00512793
RDN/BTC,1563385329367,2019-07-17T17:42:09.367Z,buy,2.259e-05,60.0,0.0013553999999999
RDN/BTC,1563385503222,2019-07-17T17:45:03.222Z,sell,2.255e-05,5.0,0.00011275
RDN/BTC,1563385503222,2019-07-17T17:45:03.222Z,sell,2.254e-05,128.0,0.00288512
RDN/BTC,1563385506056,2019-07-17T17:45:06.056Z,sell,2.254e-05,73.0,0.00164542
RDN/BTC,1563385506056,2019-07-17T17:45:06.056Z,sell,2.253e-05,60.0,0.0013518
RDN/BTC,1563385541993,2019-07-17T17:45:41.993Z,buy,2.255e-05,38.0,0.0008569
RDN/BTC,1563385578267,2019-07-17T17:46:18.267Z,buy,2.267e-05,105.0,0.00238035
RDN/BTC,1563385579193,2019-07-17T17:46:19.193Z,sell,2.267e-05,207.0,0.00469269
RDN/BTC,1563385639948,2019-07-17T17:47:19.948Z,buy,2.262e-05,60.0,0.0013572
RDN/BTC,1563385884199,2019-07-17T17:51:24.199Z,sell,2.253e-05,345.0,0.0077728499999999
RDN/BTC,1563385885200,2019-07-17T17:51:25.200Z,sell,2.251e-05,91.0,0.00204841
RDN/BTC,1563385887194,2019-07-17T17:51:27.194Z,sell,2.25e-05,64.0,0.00144
RDN/BTC,1563385889201,2019-07-17T17:51:29.201Z,sell,2.254e-05,2813.0,0.06340502
RDN/BTC,1563386052133,2019-07-17T17:54:12.133Z,buy,2.246e-05,17.0,0.0003818199999999
RDN/BTC,1563386056432,2019-07-17T17:54:16.432Z,buy,2.246e-05,563.0,0.0126449799999999
RDN/BTC,1563386062233,2019-07-17T17:54:22.233Z,buy,2.247e-05,472.0,0.01060584
RDN/BTC,1563386136179,2019-07-17T17:55:36.179Z,buy,2.254e-05,287.0,0.00646898
RDN/BTC,1563386136179,2019-07-17T17:55:36.179Z,buy,2.255e-05,1102.0,0.0248501
RDN/BTC,1563386136683,2019-07-17T17:55:36.683Z,buy,2.255e-05,42.0,0.0009471
RDN/BTC,1563386136683,2019-07-17T17:55:36.683Z,buy,2.255e-05,42.0,0.0009471
RDN/BTC,1563386489279,2019-07-17T18:01:29.279Z,sell,2.249e-05,211.0,0.00474539
RDN/BTC,1563386489534,2019-07-17T18:01:29.534Z,sell,2.249e-05,79.0,0.00177671
RDN/BTC,1563386596925,2019-07-17T18:03:16.925Z,sell,2.249e-05,463.0,0.01041287
RDN/BTC,1563386598229,2019-07-17T18:03:18.229Z,sell,2.247e-05,179.0,0.00402213
RDN/BTC,1563386599229,2019-07-17T18:03:19.229Z,sell,2.246e-05,2306.0,0.0517927599999999
RDN/BTC,1563386601221,2019-07-17T18:03:21.221Z,sell,2.243e-05,2120.0,0.0475516
RDN/BTC,1563386602233,2019-07-17T18:03:22.233Z,sell,2.242e-05,544.0,0.0121964799999999
RDN/BTC,1563386604357,2019-07-17T18:03:24.357Z,buy,2.244e-05,215.0,0.0048246
RDN/BTC,1563386604556,2019-07-17T18:03:24.556Z,buy,2.244e-05,60.0,0.0013464
RDN/BTC,1563386605509,2019-07-17T18:03:25.509Z,buy,2.242e-05,20.0,0.0004483999999999
RDN/BTC,1563386605687,2019-07-17T18:03:25.687Z,buy,2.242e-05,162.0,0.00363204
RDN/BTC,1563386605720,2019-07-17T18:03:25.720Z,buy,2.242e-05,108.0,0.00242136
RDN/BTC,1563386605720,2019-07-17T18:03:25.720Z,buy,2.243e-05,235.0,0.00527105
RDN/BTC,1563386606617,2019-07-17T18:03:26.617Z,buy,2.243e-05,185.0,0.00414955
RDN/BTC,1563386606658,2019-07-17T18:03:26.658Z,buy,2.243e-05,429.0,0.00962247
RDN/BTC,1563386606658,2019-07-17T18:03:26.658Z,buy,2.246e-05,556.0,0.0124877599999999
RDN/BTC,1563386607509,2019-07-17T18:03:27.509Z,buy,2.243e-05,277.0,0.00621311
RDN/BTC,1563386607751,2019-07-17T18:03:27.751Z,buy,2.243e-05,147.0,0.00329721
RDN/BTC,1563386608405,2019-07-17T18:03:28.405Z,buy,2.245e-05,135.0,0.00303075
RDN/BTC,1563386608671,2019-07-17T18:03:28.671Z,buy,2.246e-05,212.0,0.00476152
RDN/BTC,1563386609225,2019-07-17T18:03:29.225Z,sell,2.245e-05,88.0,0.0019756
RDN/BTC,1563386625543,2019-07-17T18:03:45.543Z,buy,2.245e-05,14.0,0.0003143
RDN/BTC,1563386630214,2019-07-17T18:03:50.214Z,buy,2.244e-05,42.0,0.00094248
RDN/BTC,1563386630214,2019-07-17T18:03:50.214Z,buy,2.245e-05,847.0,0.01901515
RDN/BTC,1563386652251,2019-07-17T18:04:12.251Z,buy,2.245e-05,889.0,0.01995805
RDN/BTC,1563386751317,2019-07-17T18:05:51.317Z,buy,2.245e-05,481.0,0.01079845
RDN/BTC,1563386773922,2019-07-17T18:06:13.922Z,sell,2.246e-05,291.0,0.0065358599999999
RDN/BTC,1563386774238,2019-07-17T18:06:14.238Z,buy,2.244e-05,3175.0,0.0712469999999999
RDN/BTC,1563386782429,2019-07-17T18:06:22.429Z,buy,2.255e-05,41.0,0.00092455
RDN/BTC,1563386782545,2019-07-17T18:06:22.545Z,buy,2.255e-05,38.0,0.0008569
RDN/BTC,1563386806390,2019-07-17T18:06:46.390Z,buy,2.255e-05,70.0,0.0015785
RDN/BTC,1563387028250,2019-07-17T18:10:28.250Z,sell,2.251e-05,55.0,0.00123805
RDN/BTC,1563387126495,2019-07-17T18:12:06.495Z,buy,2.255e-05,39.0,0.0008794499999999
RDN/BTC,1563387637286,2019-07-17T18:20:37.286Z,sell,2.247e-05,51.0,0.00114597
RDN/BTC,1563387789521,2019-07-17T18:23:09.521Z,sell,2.247e-05,702.0,0.01577394
RDN/BTC,1563387852739,2019-07-17T18:24:12.739Z,buy,2.244e-05,103.0,0.00231132
RDN/BTC,1563387852739,2019-07-17T18:24:12.739Z,buy,2.245e-05,197.0,0.00442265
RDN/BTC,1563387853658,2019-07-17T18:24:13.658Z,buy,2.245e-05,60.0,0.001347
RDN/BTC,1563387854599,2019-07-17T18:24:14.599Z,buy,2.245e-05,60.0,0.001347
RDN/BTC,1563387862992,2019-07-17T18:24:22.992Z,buy,2.252e-05,7.0,0.00015764
RDN/BTC,1563387882940,2019-07-17T18:24:42.940Z,buy,2.249e-05,145.0,0.00326105
RDN/BTC,1563387882940,2019-07-17T18:24:42.940Z,buy,2.25e-05,1667.0,0.0375075
RDN/BTC,1563387882940,2019-07-17T18:24:42.940Z,buy,2.251e-05,400.0,0.009004
RDN/BTC,1563387933016,2019-07-17T18:25:33.016Z,buy,2.25e-05,65.0,0.0014625
RDN/BTC,1563387933016,2019-07-17T18:25:33.016Z,buy,2.251e-05,129.0,0.00290379
RDN/BTC,1563388028191,2019-07-17T18:27:08.191Z,buy,2.251e-05,244.0,0.0054924399999999
RDN/BTC,1563388149691,2019-07-17T18:29:09.691Z,buy,2.251e-05,40.0,0.0009004
RDN/BTC,1563388552004,2019-07-17T18:35:52.004Z,buy,2.251e-05,5305.0,0.11941555
RDN/BTC,1563388580739,2019-07-17T18:36:20.739Z,buy,2.251e-05,2221.0,0.04999471
RDN/BTC,1563388678330,2019-07-17T18:37:58.330Z,buy,2.245e-05,132.0,0.0029634
RDN/BTC,1563388691402,2019-07-17T18:38:11.402Z,buy,2.245e-05,40.0,0.000898
RDN/BTC,1563388709336,2019-07-17T18:38:29.336Z,buy,2.245e-05,226.0,0.0050737
RDN/BTC,1563388732559,2019-07-17T18:38:52.559Z,sell,2.249e-05,11.0,0.00024739
RDN/BTC,1563388787476,2019-07-17T18:39:47.476Z,sell,2.242e-05,204.0,0.00457368
RDN/BTC,1563388892340,2019-07-17T18:41:32.340Z,sell,2.248e-05,59.0,0.00132632
RDN/BTC,1563388897949,2019-07-17T18:41:37.949Z,buy,2.25e-05,62.0,0.001395
RDN/BTC,1563389223850,2019-07-17T18:47:03.850Z,sell,2.239e-05,28.0,0.00062692
RDN/BTC,1563389225346,2019-07-17T18:47:05.346Z,sell,2.239e-05,117.0,0.00261963
RDN/BTC,1563389255847,2019-07-17T18:47:35.847Z,sell,2.238e-05,52.0,0.00116376
RDN/BTC,1563389274350,2019-07-17T18:47:54.350Z,sell,2.238e-05,300.0,0.0067139999999999
RDN/BTC,1563389276355,2019-07-17T18:47:56.355Z,sell,2.237e-05,68.0,0.00152116
RDN/BTC,1563389315858,2019-07-17T18:48:35.858Z,sell,2.236e-05,5.0,0.0001118
RDN/BTC,1563389315858,2019-07-17T18:48:35.858Z,sell,2.233e-05,45.0,0.00100485
RDN/BTC,1563389315858,2019-07-17T18:48:35.858Z,sell,2.231e-05,41.0,0.00091471
RDN/BTC,1563389347578,2019-07-17T18:49:07.578Z,sell,2.231e-05,1021.0,0.02277851
RDN/BTC,1563389348370,2019-07-17T18:49:08.370Z,sell,2.231e-05,212.0,0.00472972
RDN/BTC,1563389358592,2019-07-17T18:49:18.592Z,sell,2.224e-05,72.0,0.00160128
RDN/BTC,1563389358592,2019-07-17T18:49:18.592Z,sell,2.223e-05,163.0,0.0036234899999999
RDN/BTC,1563389358592,2019-07-17T18:49:18.592Z,sell,2.223e-05,5.0,0.0001111499999999
RDN/BTC,1563389358592,2019-07-17T18:49:18.592Z,sell,2.223e-05,50.0,0.0011114999999999
RDN/BTC,1563389358592,2019-07-17T18:49:18.592Z,sell,2.223e-05,129.0,0.0028676699999999
RDN/BTC,1563389730030,2019-07-17T18:55:30.030Z,sell,2.226e-05,120.0,0.0026712
RDN/BTC,1563389730030,2019-07-17T18:55:30.030Z,sell,2.226e-05,120.0,0.0026712
RDN/BTC,1563389761732,2019-07-17T18:56:01.732Z,sell,2.227e-05,510.0,0.0113577
RDN/BTC,1563390057392,2019-07-17T19:00:57.392Z,sell,2.222e-05,499.0,0.01108778
RDN/BTC,1563390058823,2019-07-17T19:00:58.823Z,sell,2.22e-05,92.0,0.0020424
RDN/BTC,1563390065398,2019-07-17T19:01:05.398Z,sell,2.22e-05,2882.0,0.0639804
RDN/BTC,1563390081386,2019-07-17T19:01:21.386Z,sell,2.217e-05,5.0,0.00011085
RDN/BTC,1563390087042,2019-07-17T19:01:27.042Z,sell,2.216e-05,372.0,0.00824352
RDN/BTC,1563390087403,2019-07-17T19:01:27.403Z,sell,2.216e-05,66.0,0.00146256
RDN/BTC,1563390117586,2019-07-17T19:01:57.586Z,sell,2.216e-05,315.0,0.0069804
RDN/BTC,1563390207204,2019-07-17T19:03:27.204Z,sell,2.218e-05,288.0,0.00638784
RDN/BTC,1563390207204,2019-07-17T19:03:27.204Z,sell,2.217e-05,1129.0,0.02502993
RDN/BTC,1563390207204,2019-07-17T19:03:27.204Z,sell,2.216e-05,509.0,0.01127944
RDN/BTC,1563390217402,2019-07-17T19:03:37.402Z,sell,2.216e-05,46.0,0.00101936
RDN/BTC,1563390222527,2019-07-17T19:03:42.527Z,sell,2.216e-05,777.0,0.01721832
RDN/BTC,1563390223255,2019-07-17T19:03:43.255Z,sell,2.216e-05,293.0,0.00649288
RDN/BTC,1563390223397,2019-07-17T19:03:43.397Z,sell,2.216e-05,213.0,0.00472008
RDN/BTC,1563390224720,2019-07-17T19:03:44.720Z,sell,2.216e-05,350.0,0.007756
RDN/BTC,1563390292085,2019-07-17T19:04:52.085Z,sell,2.216e-05,538.0,0.01192208
RDN/BTC,1563390386370,2019-07-17T19:06:26.370Z,sell,2.211e-05,77.0,0.00170247
RDN/BTC,1563390386370,2019-07-17T19:06:26.370Z,sell,2.21e-05,46.0,0.0010165999999999
RDN/BTC,1563390386370,2019-07-17T19:06:26.370Z,sell,2.207e-05,101.0,0.00222907
RDN/BTC,1563390386370,2019-07-17T19:06:26.370Z,sell,2.206e-05,9.0,0.0001985399999999
RDN/BTC,1563390387893,2019-07-17T19:06:27.893Z,sell,2.207e-05,9.0,0.00019863
RDN/BTC,1563390388487,2019-07-17T19:06:28.487Z,buy,2.22e-05,2.0,4.44e-05
RDN/BTC,1563390579342,2019-07-17T19:09:39.342Z,sell,2.205e-05,123.0,0.00271215
RDN/BTC,1563390579342,2019-07-17T19:09:39.342Z,sell,2.201e-05,320.0,0.0070432
RDN/BTC,1563390579342,2019-07-17T19:09:39.342Z,sell,2.199e-05,15.0,0.00032985
RDN/BTC,1563390583494,2019-07-17T19:09:43.494Z,sell,2.201e-05,136.0,0.00299336
RDN/BTC,1563390584504,2019-07-17T19:09:44.504Z,buy,2.201e-05,60.0,0.0013206
RDN/BTC,1563390585185,2019-07-17T19:09:45.185Z,buy,2.201e-05,60.0,0.0013206
RDN/BTC,1563390585635,2019-07-17T19:09:45.635Z,buy,2.201e-05,64.0,0.00140864
RDN/BTC,1563390644618,2019-07-17T19:10:44.618Z,sell,2.203e-05,439.0,0.00967117
RDN/BTC,1563390695485,2019-07-17T19:11:35.485Z,buy,2.207e-05,10.0,0.0002207
RDN/BTC,1563390698506,2019-07-17T19:11:38.506Z,buy,2.208e-05,32.0,0.00070656
RDN/BTC,1563390933215,2019-07-17T19:15:33.215Z,sell,2.199e-05,93.0,0.00204507
RDN/BTC,1563391052579,2019-07-17T19:17:32.579Z,sell,2.2e-05,747.0,0.016434
RDN/BTC,1563391070099,2019-07-17T19:17:50.099Z,buy,2.209e-05,7.0,0.00015463
RDN/BTC,1563391566321,2019-07-17T19:26:06.321Z,sell,2.199e-05,64.0,0.00140736
RDN/BTC,1563392147324,2019-07-17T19:35:47.324Z,sell,2.2e-05,158.0,0.003476
RDN/BTC,1563392148217,2019-07-17T19:35:48.217Z,sell,2.2e-05,60.0,0.00132
RDN/BTC,1563392148330,2019-07-17T19:35:48.330Z,sell,2.2e-05,178.0,0.003916
RDN/BTC,1563392154341,2019-07-17T19:35:54.341Z,sell,2.2e-05,328.0,0.007216
RDN/BTC,1563392177347,2019-07-17T19:36:17.347Z,sell,2.199e-05,489.0,0.01075311
RDN/BTC,1563392465761,2019-07-17T19:41:05.761Z,sell,2.202e-05,36.0,0.00079272
RDN/BTC,1563392556780,2019-07-17T19:42:36.780Z,sell,2.217e-05,37.0,0.00082029
RDN/BTC,1563393174282,2019-07-17T19:52:54.282Z,buy,2.213e-05,18.0,0.00039834
RDN/BTC,1563393197458,2019-07-17T19:53:17.458Z,buy,2.213e-05,18.0,0.00039834
RDN/BTC,1563393197458,2019-07-17T19:53:17.458Z,buy,2.213e-05,18.0,0.00039834
RDN/BTC,1563393364838,2019-07-17T19:56:04.838Z,sell,2.202e-05,35.0,0.0007706999999999
RDN/BTC,1563393708153,2019-07-17T20:01:48.153Z,buy,2.214e-05,8.0,0.00017712
RDN/BTC,1563393712257,2019-07-17T20:01:52.257Z,sell,2.201e-05,1133.0,0.02493733
RDN/BTC,1563393861556,2019-07-17T20:04:21.556Z,sell,2.202e-05,189.0,0.0041617799999999
RDN/BTC,1563393861556,2019-07-17T20:04:21.556Z,sell,2.201e-05,4161.0,0.09158361
RDN/BTC,1563393861593,2019-07-17T20:04:21.593Z,buy,2.201e-05,50.0,0.0011005
RDN/BTC,1563393861621,2019-07-17T20:04:21.621Z,buy,2.201e-05,28.0,0.00061628
RDN/BTC,1563394246614,2019-07-17T20:10:46.614Z,sell,2.209e-05,98.0,0.00216482
RDN/BTC,1563394266254,2019-07-17T20:11:06.254Z,sell,2.199e-05,12.0,0.00026388
RDN/BTC,1563395163950,2019-07-17T20:26:03.950Z,sell,2.201e-05,40.0,0.0008804
RDN/BTC,1563395550740,2019-07-17T20:32:30.740Z,buy,2.213e-05,87.0,0.00192531
RDN/BTC,1563395562818,2019-07-17T20:32:42.818Z,buy,2.213e-05,73.0,0.00161549
RDN/BTC,1563395818920,2019-07-17T20:36:58.920Z,buy,2.213e-05,442.0,0.00978146
RDN/BTC,1563395819098,2019-07-17T20:36:59.098Z,sell,2.213e-05,50.0,0.0011065
RDN/BTC,1563395819706,2019-07-17T20:36:59.706Z,buy,2.214e-05,189.0,0.00418446
RDN/BTC,1563395821702,2019-07-17T20:37:01.702Z,buy,2.215e-05,49.0,0.00108535
RDN/BTC,1563395886113,2019-07-17T20:38:06.113Z,buy,2.22e-05,109.0,0.0024198
RDN/BTC,1563395950709,2019-07-17T20:39:10.709Z,sell,2.22e-05,238.0,0.0052836
RDN/BTC,1563396005276,2019-07-17T20:40:05.276Z,buy,2.221e-05,45.0,0.00099945
RDN/BTC,1563396064315,2019-07-17T20:41:04.315Z,sell,2.212e-05,43.0,0.00095116
RDN/BTC,1563396092752,2019-07-17T20:41:32.752Z,buy,2.224e-05,30.0,0.0006672
RDN/BTC,1563396092752,2019-07-17T20:41:32.752Z,buy,2.224e-05,30.0,0.0006672
RDN/BTC,1563396919940,2019-07-17T20:55:19.940Z,sell,2.215e-05,594.0,0.0131571
RDN/BTC,1563396926128,2019-07-17T20:55:26.128Z,sell,2.215e-05,71.0,0.0015726499999999
RDN/BTC,1563396964165,2019-07-17T20:56:04.165Z,sell,2.215e-05,28.0,0.0006202
RDN/BTC,1563397194834,2019-07-17T20:59:54.834Z,sell,2.215e-05,301.0,0.00666715
RDN/BTC,1563397195795,2019-07-17T20:59:55.795Z,buy,2.215e-05,128.0,0.0028352
RDN/BTC,1563397208806,2019-07-17T21:00:08.806Z,buy,2.215e-05,505.0,0.01118575
RDN/BTC,1563397581725,2019-07-17T21:06:21.725Z,buy,2.224e-05,5.0,0.0001112
RDN/BTC,1563397863664,2019-07-17T21:11:03.664Z,sell,2.214e-05,16.0,0.00035424
RDN/BTC,1563398296879,2019-07-17T21:18:16.879Z,sell,2.214e-05,633.0,0.01401462
RDN/BTC,1563398310165,2019-07-17T21:18:30.165Z,sell,2.214e-05,722.0,0.01598508
RDN/BTC,1563398311240,2019-07-17T21:18:31.240Z,sell,2.214e-05,57.0,0.00126198
RDN/BTC,1563398311281,2019-07-17T21:18:31.281Z,sell,2.214e-05,89.0,0.00197046
RDN/BTC,1563398321291,2019-07-17T21:18:41.291Z,sell,2.214e-05,138.0,0.00305532
RDN/BTC,1563398323521,2019-07-17T21:18:43.521Z,sell,2.214e-05,60.0,0.0013284
RDN/BTC,1563398323561,2019-07-17T21:18:43.561Z,sell,2.214e-05,67.0,0.00148338
RDN/BTC,1563398353599,2019-07-17T21:19:13.599Z,sell,2.214e-05,208.0,0.00460512
RDN/BTC,1563398353786,2019-07-17T21:19:13.786Z,buy,2.219e-05,901.0,0.01999319
RDN/BTC,1563398353921,2019-07-17T21:19:13.921Z,sell,2.214e-05,179.0,0.00396306
RDN/BTC,1563398391514,2019-07-17T21:19:51.514Z,sell,2.214e-05,117.0,0.00259038
RDN/BTC,1563398391620,2019-07-17T21:19:51.620Z,sell,2.214e-05,253.0,0.00560142
RDN/BTC,1563398391719,2019-07-17T21:19:51.719Z,sell,2.214e-05,10.0,0.0002214
RDN/BTC,1563398391772,2019-07-17T21:19:51.772Z,sell,2.214e-05,800.0,0.017712
RDN/BTC,1563398448894,2019-07-17T21:20:48.894Z,sell,2.214e-05,164.0,0.00363096
RDN/BTC,1563398453837,2019-07-17T21:20:53.837Z,buy,2.216e-05,273.0,0.00604968
RDN/BTC,1563398500317,2019-07-17T21:21:40.317Z,sell,2.214e-05,1369.0,0.03030966
RDN/BTC,1563398506175,2019-07-17T21:21:46.175Z,sell,2.214e-05,656.0,0.01452384
RDN/BTC,1563398506175,2019-07-17T21:21:46.175Z,sell,2.201e-05,835.0,0.01837835
RDN/BTC,1563398506175,2019-07-17T21:21:46.175Z,sell,2.2e-05,2016.0,0.0443519999999999
RDN/BTC,1563398508948,2019-07-17T21:21:48.948Z,buy,2.21e-05,216.0,0.0047735999999999
RDN/BTC,1563398511995,2019-07-17T21:21:51.995Z,buy,2.206e-05,50.0,0.001103
RDN/BTC,1563398516033,2019-07-17T21:21:56.033Z,buy,2.203e-05,100.0,0.002203
RDN/BTC,1563398516058,2019-07-17T21:21:56.058Z,buy,2.203e-05,95.0,0.00209285
RDN/BTC,1563398516058,2019-07-17T21:21:56.058Z,buy,2.203e-05,100.0,0.002203
RDN/BTC,1563398516112,2019-07-17T21:21:56.112Z,sell,2.2e-05,23.0,0.0005059999999999
RDN/BTC,1563398516112,2019-07-17T21:21:56.112Z,sell,2.198e-05,60.0,0.0013188
RDN/BTC,1563398516140,2019-07-17T21:21:56.140Z,buy,2.202e-05,100.0,0.002202
RDN/BTC,1563398598330,2019-07-17T21:23:18.330Z,sell,2.198e-05,22.0,0.00048356
RDN/BTC,1563398611258,2019-07-17T21:23:31.258Z,sell,2.196e-05,100.0,0.002196
RDN/BTC,1563398611953,2019-07-17T21:23:31.953Z,sell,2.196e-05,174.0,0.00382104
RDN/BTC,1563398612551,2019-07-17T21:23:32.551Z,sell,2.195e-05,78.0,0.0017121
RDN/BTC,1563398632609,2019-07-17T21:23:52.609Z,buy,2.202e-05,574.0,0.01263948
RDN/BTC,1563398632916,2019-07-17T21:23:52.916Z,sell,2.202e-05,74.0,0.00162948
RDN/BTC,1563398733284,2019-07-17T21:25:33.284Z,buy,2.202e-05,374.0,0.00823548
RDN/BTC,1563398761950,2019-07-17T21:26:01.950Z,sell,2.195e-05,16.0,0.0003512
RDN/BTC,1563398824536,2019-07-17T21:27:04.536Z,buy,2.201e-05,595.0,0.01309595
RDN/BTC,1563398890099,2019-07-17T21:28:10.099Z,buy,2.202e-05,2.0,4.404e-05
RDN/BTC,1563398895088,2019-07-17T21:28:15.088Z,sell,2.195e-05,85.0,0.00186575
RDN/BTC,1563399147955,2019-07-17T21:32:27.955Z,sell,2.196e-05,216.0,0.00474336
RDN/BTC,1563399148267,2019-07-17T21:32:28.267Z,sell,2.196e-05,52.0,0.00114192
RDN/BTC,1563399665301,2019-07-17T21:41:05.301Z,sell,2.196e-05,37.0,0.00081252
RDN/BTC,1563399665301,2019-07-17T21:41:05.301Z,sell,2.196e-05,37.0,0.00081252
RDN/BTC,1563400128709,2019-07-17T21:48:48.709Z,sell,2.196e-05,347.0,0.00762012
RDN/BTC,1563400474756,2019-07-17T21:54:34.756Z,sell,2.202e-05,715.0,0.0157443
RDN/BTC,1563400563072,2019-07-17T21:56:03.072Z,sell,2.205e-05,16.0,0.0003528
RDN/BTC,1563400908969,2019-07-17T22:01:48.969Z,buy,2.222e-05,293.0,0.00651046
RDN/BTC,1563400908969,2019-07-17T22:01:48.969Z,buy,2.223e-05,1060.0,0.0235638
RDN/BTC,1563400908969,2019-07-17T22:01:48.969Z,buy,2.224e-05,790.0,0.0175696
RDN/BTC,1563400908969,2019-07-17T22:01:48.969Z,buy,2.225e-05,335.0,0.0074537499999999
RDN/BTC,1563400908969,2019-07-17T22:01:48.969Z,buy,2.234e-05,1698.0,0.03793332
RDN/BTC,1563400908969,2019-07-17T22:01:48.969Z,buy,2.235e-05,1135.0,0.02536725
RDN/BTC,1563400925840,2019-07-17T22:02:05.840Z,buy,2.234e-05,437.0,0.00976258
RDN/BTC,1563400925895,2019-07-17T22:02:05.895Z,sell,2.234e-05,20.0,0.0004468
RDN/BTC,1563400925897,2019-07-17T22:02:05.897Z,sell,2.234e-05,14.0,0.00031276
RDN/BTC,1563400929148,2019-07-17T22:02:09.148Z,sell,2.225e-05,20.0,0.000445
RDN/BTC,1563400929519,2019-07-17T22:02:09.519Z,sell,2.225e-05,60.0,0.0013349999999999
RDN/BTC,1563400930705,2019-07-17T22:02:10.705Z,sell,2.225e-05,60.0,0.0013349999999999
RDN/BTC,1563400931705,2019-07-17T22:02:11.705Z,sell,2.223e-05,60.0,0.0013338
RDN/BTC,1563400935492,2019-07-17T22:02:15.492Z,sell,2.225e-05,60.0,0.0013349999999999
RDN/BTC,1563400959240,2019-07-17T22:02:39.240Z,sell,2.222e-05,466.0,0.01035452
RDN/BTC,1563400959327,2019-07-17T22:02:39.327Z,sell,2.221e-05,34.0,0.00075514
RDN/BTC,1563401464768,2019-07-17T22:11:04.768Z,sell,2.215e-05,50.0,0.0011075
RDN/BTC,1563401780798,2019-07-17T22:16:20.798Z,buy,2.232e-05,10.0,0.0002232
RDN/BTC,1563401798720,2019-07-17T22:16:38.720Z,buy,2.232e-05,448.0,0.00999936
RDN/BTC,1563401829479,2019-07-17T22:17:09.479Z,buy,2.232e-05,27.0,0.00060264
RDN/BTC,1563401924559,2019-07-17T22:18:44.559Z,sell,2.232e-05,3.0,6.696e-05
RDN/BTC,1563402047553,2019-07-17T22:20:47.553Z,buy,2.22e-05,49.0,0.0010878
RDN/BTC,1563402366586,2019-07-17T22:26:06.586Z,sell,2.217e-05,31.0,0.00068727
RDN/BTC,1563402423129,2019-07-17T22:27:03.129Z,buy,2.221e-05,5.0,0.0001110499999999
RDN/BTC,1563402567176,2019-07-17T22:29:27.176Z,buy,2.227e-05,80.0,0.0017816
RDN/BTC,1563402567176,2019-07-17T22:29:27.176Z,buy,2.228e-05,182.0,0.00405496
RDN/BTC,1563402567335,2019-07-17T22:29:27.335Z,buy,2.228e-05,82.0,0.00182696
RDN/BTC,1563402567494,2019-07-17T22:29:27.494Z,buy,2.228e-05,263.0,0.00585964
RDN/BTC,1563402601399,2019-07-17T22:30:01.399Z,sell,2.22e-05,82.0,0.0018204
RDN/BTC,1563402614491,2019-07-17T22:30:14.491Z,sell,2.219e-05,174.0,0.00386106
RDN/BTC,1563402668090,2019-07-17T22:31:08.090Z,buy,2.225e-05,74.0,0.0016465
RDN/BTC,1563402688085,2019-07-17T22:31:28.085Z,sell,2.219e-05,1027.0,0.0227891299999999
RDN/BTC,1563402688140,2019-07-17T22:31:28.140Z,buy,2.219e-05,697.0,0.01546643
RDN/BTC,1563402700170,2019-07-17T22:31:40.170Z,buy,2.228e-05,20.0,0.0004456
RDN/BTC,1563402700465,2019-07-17T22:31:40.465Z,buy,2.228e-05,61.0,0.00135908
RDN/BTC,1563402702573,2019-07-17T22:31:42.573Z,buy,2.229e-05,64.0,0.00142656
RDN/BTC,1563402704453,2019-07-17T22:31:44.453Z,buy,2.229e-05,60.0,0.0013373999999999
RDN/BTC,1563402773147,2019-07-17T22:32:53.147Z,sell,2.227e-05,146.0,0.0032514199999999
RDN/BTC,1563402780483,2019-07-17T22:33:00.483Z,buy,2.229e-05,60.0,0.0013373999999999
RDN/BTC,1563402780743,2019-07-17T22:33:00.743Z,buy,2.229e-05,360.0,0.0080244
RDN/BTC,1563402781147,2019-07-17T22:33:01.147Z,sell,2.229e-05,40.0,0.0008916
RDN/BTC,1563403201159,2019-07-17T22:40:01.159Z,sell,2.226e-05,146.0,0.00324996
RDN/BTC,1563403201159,2019-07-17T22:40:01.159Z,sell,2.226e-05,146.0,0.00324996
RDN/BTC,1563403265742,2019-07-17T22:41:05.742Z,sell,2.222e-05,14.0,0.00031108
RDN/BTC,1563403493400,2019-07-17T22:44:53.400Z,buy,2.232e-05,60.0,0.0013392
RDN/BTC,1563403495328,2019-07-17T22:44:55.328Z,buy,2.232e-05,60.0,0.0013392
RDN/BTC,1563403499946,2019-07-17T22:44:59.946Z,buy,2.232e-05,106.0,0.00236592
RDN/BTC,1563403499946,2019-07-17T22:44:59.946Z,buy,2.233e-05,177.0,0.00395241
RDN/BTC,1563403499946,2019-07-17T22:44:59.946Z,buy,2.236e-05,5.0,0.0001118
RDN/BTC,1563403499946,2019-07-17T22:44:59.946Z,buy,2.238e-05,346.0,0.00774348
RDN/BTC,1563403499946,2019-07-17T22:44:59.946Z,buy,2.24e-05,920.0,0.0206079999999999
RDN/BTC,1563403531221,2019-07-17T22:45:31.221Z,buy,2.241e-05,60.0,0.0013446
RDN/BTC,1563403532173,2019-07-17T22:45:32.173Z,sell,2.24e-05,365.0,0.008176
RDN/BTC,1563403532186,2019-07-17T22:45:32.186Z,sell,2.24e-05,291.0,0.0065184
RDN/BTC,1563403535377,2019-07-17T22:45:35.377Z,buy,2.241e-05,66.0,0.00147906
RDN/BTC,1563403575448,2019-07-17T22:46:15.448Z,buy,2.241e-05,1245.0,0.02790045
RDN/BTC,1563404076575,2019-07-17T22:54:36.575Z,buy,2.238e-05,17.0,0.00038046
RDN/BTC,1563404099484,2019-07-17T22:54:59.484Z,buy,2.238e-05,17.0,0.00038046
RDN/BTC,1563404099642,2019-07-17T22:54:59.642Z,sell,2.228e-05,295.0,0.0065726
RDN/BTC,1563404111940,2019-07-17T22:55:11.940Z,buy,2.236e-05,60.0,0.0013415999999999
RDN/BTC,1563404112757,2019-07-17T22:55:12.757Z,sell,2.23e-05,60.0,0.001338
RDN/BTC,1563404115099,2019-07-17T22:55:15.099Z,buy,2.228e-05,176.0,0.00392128
RDN/BTC,1563404115941,2019-07-17T22:55:15.941Z,buy,2.227e-05,176.0,0.00391952
RDN/BTC,1563404116662,2019-07-17T22:55:16.662Z,buy,2.227e-05,17.0,0.00037859
RDN/BTC,1563404118131,2019-07-17T22:55:18.131Z,buy,2.227e-05,422.0,0.0093979399999999
RDN/BTC,1563404118137,2019-07-17T22:55:18.137Z,buy,2.227e-05,562.0,0.01251574
RDN/BTC,1563404120094,2019-07-17T22:55:20.094Z,buy,2.226e-05,398.0,0.00885948
RDN/BTC,1563404120094,2019-07-17T22:55:20.094Z,buy,2.227e-05,66.0,0.00146982
RDN/BTC,1563404121941,2019-07-17T22:55:21.941Z,buy,2.225e-05,416.0,0.009256
RDN/BTC,1563404121941,2019-07-17T22:55:21.941Z,buy,2.226e-05,163.0,0.00362838
RDN/BTC,1563404122944,2019-07-17T22:55:22.944Z,buy,2.225e-05,84.0,0.001869
RDN/BTC,1563404123151,2019-07-17T22:55:23.151Z,buy,2.225e-05,110.0,0.0024475
RDN/BTC,1563404125649,2019-07-17T22:55:25.649Z,buy,2.226e-05,17.0,0.00037842
RDN/BTC,1563404165083,2019-07-17T22:56:05.083Z,sell,2.218e-05,26.0,0.00057668
RDN/BTC,1563404452111,2019-07-17T23:00:52.111Z,sell,2.224e-05,59.0,0.00131216
RDN/BTC,1563404555127,2019-07-17T23:02:35.127Z,buy,2.226e-05,24.0,0.00053424
RDN/BTC,1563404625306,2019-07-17T23:03:45.306Z,sell,2.224e-05,8.0,0.00017792
RDN/BTC,1563405064289,2019-07-17T23:11:04.289Z,sell,2.223e-05,32.0,0.00071136
RDN/BTC,1563405692400,2019-07-17T23:21:32.400Z,buy,2.225e-05,50.0,0.0011125
RDN/BTC,1563405692816,2019-07-17T23:21:32.816Z,buy,2.225e-05,150.0,0.0033374999999999
RDN/BTC,1563405712008,2019-07-17T23:21:52.008Z,buy,2.225e-05,609.0,0.01355025
RDN/BTC,1563405712116,2019-07-17T23:21:52.116Z,buy,2.225e-05,89.0,0.00198025
RDN/BTC,1563405741751,2019-07-17T23:22:21.751Z,sell,2.224e-05,14.0,0.00031136
RDN/BTC,1563405963046,2019-07-17T23:26:03.046Z,sell,2.224e-05,45.0,0.0010008
RDN/BTC,1563406014370,2019-07-17T23:26:54.370Z,sell,2.223e-05,346.0,0.00769158
RDN/BTC,1563406235017,2019-07-17T23:30:35.017Z,sell,2.217e-05,5.0,0.00011085
RDN/BTC,1563406237403,2019-07-17T23:30:37.403Z,sell,2.216e-05,66.0,0.00146256
RDN/BTC,1563406237403,2019-07-17T23:30:37.403Z,sell,2.216e-05,66.0,0.00146256
RDN/BTC,1563407681004,2019-07-17T23:54:41.004Z,sell,2.215e-05,251.0,0.00555965
RDN/BTC,1563407681004,2019-07-17T23:54:41.004Z,sell,2.206e-05,96.0,0.0021177599999999
RDN/BTC,1563407681004,2019-07-17T23:54:41.004Z,sell,2.201e-05,233.0,0.00512833
RDN/BTC,1563407681004,2019-07-17T23:54:41.004Z,sell,2.2e-05,251.0,0.005522
RDN/BTC,1563407681004,2019-07-17T23:54:41.004Z,sell,2.199e-05,995.0,0.02188005
RDN/BTC,1563407705431,2019-07-17T23:55:05.431Z,sell,2.208e-05,49.0,0.0010819199999999
RDN/BTC,1563407767990,2019-07-17T23:56:07.990Z,sell,2.216e-05,15.0,0.0003324
RDN/BTC,1563408229707,2019-07-18T00:03:49.707Z,buy,2.218e-05,8.0,0.00017744
RDN/BTC,1563408508529,2019-07-18T00:08:28.529Z,buy,2.218e-05,5.0,0.0001109
RDN/BTC,1563408508529,2019-07-18T00:08:28.529Z,buy,2.219e-05,96.0,0.00213024
RDN/BTC,1563408508529,2019-07-18T00:08:28.529Z,buy,2.22e-05,2123.0,0.0471306
RDN/BTC,1563408663020,2019-07-18T00:11:03.020Z,sell,2.216e-05,12.0,0.00026592
RDN/BTC,1563408716304,2019-07-18T00:11:56.304Z,buy,2.22e-05,179.0,0.0039738
RDN/BTC,1563408716931,2019-07-18T00:11:56.931Z,buy,2.22e-05,181.0,0.0040182
RDN/BTC,1563408729017,2019-07-18T00:12:09.017Z,buy,2.22e-05,117.0,0.0025974
RDN/BTC,1563408729463,2019-07-18T00:12:09.463Z,buy,2.22e-05,45.0,0.000999
RDN/BTC,1563408730109,2019-07-18T00:12:10.109Z,buy,2.22e-05,370.0,0.008214
RDN/BTC,1563408749751,2019-07-18T00:12:29.751Z,buy,2.22e-05,59.0,0.0013098
RDN/BTC,1563408750421,2019-07-18T00:12:30.421Z,buy,2.22e-05,104.0,0.0023088
RDN/BTC,1563408753429,2019-07-18T00:12:33.429Z,buy,2.22e-05,118.0,0.0026196
RDN/BTC,1563409397924,2019-07-18T00:23:17.924Z,sell,2.216e-05,442.0,0.00979472
RDN/BTC,1563409409363,2019-07-18T00:23:29.363Z,sell,2.209e-05,245.0,0.00541205
RDN/BTC,1563409416547,2019-07-18T00:23:36.547Z,sell,2.208e-05,304.0,0.00671232
RDN/BTC,1563409565526,2019-07-18T00:26:05.526Z,sell,2.21e-05,11.0,0.0002430999999999
RDN/BTC,1563409660872,2019-07-18T00:27:40.872Z,buy,2.221e-05,16.0,0.00035536
RDN/BTC,1563409679311,2019-07-18T00:27:59.311Z,buy,2.221e-05,54.0,0.00119934
RDN/BTC,1563409707379,2019-07-18T00:28:27.379Z,buy,2.215e-05,60.0,0.0013289999999999
RDN/BTC,1563409708452,2019-07-18T00:28:28.452Z,buy,2.215e-05,60.0,0.0013289999999999
RDN/BTC,1563409717011,2019-07-18T00:28:37.011Z,buy,2.213e-05,60.0,0.0013278
RDN/BTC,1563409717012,2019-07-18T00:28:37.012Z,buy,2.213e-05,20.0,0.0004426
RDN/BTC,1563409717541,2019-07-18T00:28:37.541Z,buy,2.213e-05,60.0,0.0013278
RDN/BTC,1563409717550,2019-07-18T00:28:37.550Z,buy,2.213e-05,11.0,0.00024343
RDN/BTC,1563409717550,2019-07-18T00:28:37.550Z,buy,2.214e-05,24.0,0.00053136
RDN/BTC,1563409754939,2019-07-18T00:29:14.939Z,buy,2.218e-05,205.0,0.0045469
RDN/BTC,1563409754939,2019-07-18T00:29:14.939Z,buy,2.219e-05,24.0,0.00053256
RDN/BTC,1563409754939,2019-07-18T00:29:14.939Z,buy,2.218e-05,205.0,0.0045469
RDN/BTC,1563409754939,2019-07-18T00:29:14.939Z,buy,2.219e-05,24.0,0.00053256
RDN/BTC,1563409874238,2019-07-18T00:31:14.238Z,buy,2.213e-05,60.0,0.0013278
RDN/BTC,1563409888205,2019-07-18T00:31:28.205Z,buy,2.213e-05,20.0,0.0004426
RDN/BTC,1563409928365,2019-07-18T00:32:08.365Z,sell,2.208e-05,6.0,0.0001324799999999
RDN/BTC,1563409930527,2019-07-18T00:32:10.527Z,sell,2.206e-05,293.0,0.00646358
RDN/BTC,1563409936746,2019-07-18T00:32:16.746Z,buy,2.208e-05,4.0,8.832e-05
RDN/BTC,1563409936746,2019-07-18T00:32:16.746Z,buy,2.215e-05,289.0,0.00640135
RDN/BTC,1563409986961,2019-07-18T00:33:06.961Z,buy,2.211e-05,110.0,0.0024321
RDN/BTC,1563409986991,2019-07-18T00:33:06.991Z,buy,2.211e-05,53.0,0.00117183
RDN/BTC,1563409987454,2019-07-18T00:33:07.454Z,buy,2.211e-05,61.0,0.00134871
RDN/BTC,1563409989387,2019-07-18T00:33:09.387Z,buy,2.21e-05,949.0,0.0209729
RDN/BTC,1563409989485,2019-07-18T00:33:09.485Z,buy,2.21e-05,276.0,0.0060995999999999
RDN/BTC,1563409990362,2019-07-18T00:33:10.362Z,buy,2.211e-05,293.0,0.00647823
RDN/BTC,1563409991277,2019-07-18T00:33:11.277Z,buy,2.211e-05,303.0,0.00669933
RDN/BTC,1563409991372,2019-07-18T00:33:11.372Z,buy,2.211e-05,786.0,0.01737846
RDN/BTC,1563409991480,2019-07-18T00:33:11.480Z,buy,2.211e-05,65.0,0.00143715
RDN/BTC,1563409991517,2019-07-18T00:33:11.517Z,buy,2.211e-05,550.0,0.0121605
RDN/BTC,1563409998392,2019-07-18T00:33:18.392Z,buy,2.213e-05,740.0,0.0163762
RDN/BTC,1563410000387,2019-07-18T00:33:20.387Z,buy,2.213e-05,65.0,0.00143845
RDN/BTC,1563410464668,2019-07-18T00:41:04.668Z,sell,2.199e-05,15.0,0.00032985
RDN/BTC,1563410604783,2019-07-18T00:43:24.783Z,sell,2.199e-05,81.0,0.00178119
RDN/BTC,1563410604783,2019-07-18T00:43:24.783Z,sell,2.196e-05,297.0,0.00652212
RDN/BTC,1563410604783,2019-07-18T00:43:24.783Z,sell,2.195e-05,223.0,0.00489485
RDN/BTC,1563410608316,2019-07-18T00:43:28.316Z,buy,2.192e-05,50.0,0.001096
RDN/BTC,1563410608327,2019-07-18T00:43:28.327Z,buy,2.192e-05,50.0,0.001096
RDN/BTC,1563410608338,2019-07-18T00:43:28.338Z,buy,2.192e-05,50.0,0.001096
RDN/BTC,1563410609241,2019-07-18T00:43:29.241Z,buy,2.192e-05,60.0,0.0013152
RDN/BTC,1563410609427,2019-07-18T00:43:29.427Z,sell,2.188e-05,46.0,0.00100648
RDN/BTC,1563410609427,2019-07-18T00:43:29.427Z,sell,2.186e-05,191.0,0.00417526
RDN/BTC,1563410636133,2019-07-18T00:43:56.133Z,buy,2.192e-05,60.0,0.0013152
RDN/BTC,1563410647101,2019-07-18T00:44:07.101Z,buy,2.192e-05,60.0,0.0013152
RDN/BTC,1563410649464,2019-07-18T00:44:09.464Z,sell,2.186e-05,20.0,0.0004372
RDN/BTC,1563410667534,2019-07-18T00:44:27.534Z,buy,2.194e-05,228.0,0.00500232
RDN/BTC,1563410688284,2019-07-18T00:44:48.284Z,buy,2.194e-05,39.0,0.00085566
RDN/BTC,1563410688922,2019-07-18T00:44:48.922Z,buy,2.194e-05,34.0,0.00074596
RDN/BTC,1563410739202,2019-07-18T00:45:39.202Z,buy,2.195e-05,66.0,0.0014487
RDN/BTC,1563410781804,2019-07-18T00:46:21.804Z,buy,2.195e-05,50.0,0.0010975
RDN/BTC,1563410784318,2019-07-18T00:46:24.318Z,buy,2.195e-05,100.0,0.002195
RDN/BTC,1563410910057,2019-07-18T00:48:30.057Z,buy,2.195e-05,50.0,0.0010975
RDN/BTC,1563410910365,2019-07-18T00:48:30.365Z,buy,2.195e-05,17.0,0.00037315
RDN/BTC,1563410940546,2019-07-18T00:49:00.546Z,sell,2.188e-05,91.0,0.00199108
RDN/BTC,1563411050076,2019-07-18T00:50:50.076Z,buy,2.194e-05,60.0,0.0013164
RDN/BTC,1563411064542,2019-07-18T00:51:04.542Z,buy,2.194e-05,60.0,0.0013164
RDN/BTC,1563411114732,2019-07-18T00:51:54.732Z,sell,2.187e-05,67.0,0.00146529
RDN/BTC,1563411294226,2019-07-18T00:54:54.226Z,buy,2.194e-05,67.0,0.00146998
RDN/BTC,1563411294226,2019-07-18T00:54:54.226Z,buy,2.195e-05,93.0,0.00204135
RDN/BTC,1563411317855,2019-07-18T00:55:17.855Z,buy,2.195e-05,34.0,0.0007463
RDN/BTC,1563411413890,2019-07-18T00:56:53.890Z,buy,2.195e-05,5.0,0.00010975
RDN/BTC,1563411573947,2019-07-18T00:59:33.947Z,sell,2.186e-05,96.0,0.00209856
RDN/BTC,1563411645671,2019-07-18T01:00:45.671Z,buy,2.195e-05,295.0,0.00647525
RDN/BTC,1563411647429,2019-07-18T01:00:47.429Z,buy,2.195e-05,334.0,0.0073313
RDN/BTC,1563411651425,2019-07-18T01:00:51.425Z,buy,2.195e-05,316.0,0.0069362
RDN/BTC,1563411828835,2019-07-18T01:03:48.835Z,buy,2.195e-05,6.0,0.0001317
RDN/BTC,1563411881452,2019-07-18T01:04:41.452Z,buy,2.195e-05,172.0,0.0037754
RDN/BTC,1563411889476,2019-07-18T01:04:49.476Z,buy,2.195e-05,210.0,0.0046095
RDN/BTC,1563411900463,2019-07-18T01:05:00.463Z,buy,2.195e-05,100.0,0.002195
RDN/BTC,1563412262269,2019-07-18T01:11:02.269Z,buy,2.195e-05,50.0,0.0010975
RDN/BTC,1563412263108,2019-07-18T01:11:03.108Z,buy,2.195e-05,196.0,0.0043022
RDN/BTC,1563412264966,2019-07-18T01:11:04.966Z,sell,2.19e-05,7.0,0.0001533
RDN/BTC,1563412830328,2019-07-18T01:20:30.328Z,sell,2.19e-05,149.0,0.0032631
RDN/BTC,1563412830328,2019-07-18T01:20:30.328Z,sell,2.186e-05,13.0,0.00028418
RDN/BTC,1563412830328,2019-07-18T01:20:30.328Z,sell,2.185e-05,87.0,0.00190095
RDN/BTC,1563412830328,2019-07-18T01:20:30.328Z,sell,2.183e-05,302.0,0.00659266
RDN/BTC,1563412830328,2019-07-18T01:20:30.328Z,sell,2.182e-05,821.0,0.01791422
RDN/BTC,1563412830328,2019-07-18T01:20:30.328Z,sell,2.181e-05,1440.0,0.0314064
RDN/BTC,1563412830328,2019-07-18T01:20:30.328Z,sell,2.18e-05,522.0,0.0113796
RDN/BTC,1563412830328,2019-07-18T01:20:30.328Z,sell,2.176e-05,746.0,0.0162329599999999
RDN/BTC,1563412830328,2019-07-18T01:20:30.328Z,sell,2.175e-05,1002.0,0.0217935
RDN/BTC,1563412830328,2019-07-18T01:20:30.328Z,sell,2.172e-05,92.0,0.00199824
RDN/BTC,1563412830328,2019-07-18T01:20:30.328Z,sell,2.171e-05,353.0,0.00766363
RDN/BTC,1563412830328,2019-07-18T01:20:30.328Z,sell,2.168e-05,87.0,0.00188616
RDN/BTC,1563412830328,2019-07-18T01:20:30.328Z,sell,2.166e-05,1290.0,0.0279413999999999
RDN/BTC,1563412830328,2019-07-18T01:20:30.328Z,sell,2.165e-05,97.0,0.00210005
RDN/BTC,1563412830328,2019-07-18T01:20:30.328Z,sell,2.163e-05,345.0,0.00746235
RDN/BTC,1563412830328,2019-07-18T01:20:30.328Z,sell,2.159e-05,292.0,0.00630428
RDN/BTC,1563412830346,2019-07-18T01:20:30.346Z,buy,2.175e-05,249.0,0.00541575
RDN/BTC,1563412830993,2019-07-18T01:20:30.993Z,sell,2.186e-05,411.0,0.00898446
RDN/BTC,1563412831284,2019-07-18T01:20:31.284Z,buy,2.179e-05,879.0,0.01915341
RDN/BTC,1563412833427,2019-07-18T01:20:33.427Z,sell,2.175e-05,320.0,0.00696
RDN/BTC,1563412834003,2019-07-18T01:20:34.003Z,sell,2.176e-05,103.0,0.00224128
RDN/BTC,1563412834003,2019-07-18T01:20:34.003Z,sell,2.175e-05,189.0,0.00411075
RDN/BTC,1563412834033,2019-07-18T01:20:34.033Z,buy,2.175e-05,58.0,0.0012615
RDN/BTC,1563412834915,2019-07-18T01:20:34.915Z,sell,2.179e-05,103.0,0.00224437
RDN/BTC,1563412834915,2019-07-18T01:20:34.915Z,sell,2.178e-05,58.0,0.00126324
RDN/BTC,1563412834915,2019-07-18T01:20:34.915Z,sell,2.171e-05,77.0,0.00167167
RDN/BTC,1563412836968,2019-07-18T01:20:36.968Z,sell,2.172e-05,233.0,0.00506076
RDN/BTC,1563412836968,2019-07-18T01:20:36.968Z,sell,2.171e-05,1677.0,0.03640767
RDN/BTC,1563412837481,2019-07-18T01:20:37.481Z,buy,2.178e-05,95.0,0.0020691
RDN/BTC,1563412837734,2019-07-18T01:20:37.734Z,buy,2.178e-05,54.0,0.00117612
RDN/BTC,1563412841582,2019-07-18T01:20:41.582Z,sell,2.18e-05,76.0,0.0016568
RDN/BTC,1563412841582,2019-07-18T01:20:41.582Z,sell,2.171e-05,561.0,0.01217931
RDN/BTC,1563412856992,2019-07-18T01:20:56.992Z,buy,2.189e-05,230.0,0.0050347
RDN/BTC,1563412878206,2019-07-18T01:21:18.206Z,buy,2.189e-05,72.0,0.0015760799999999
RDN/BTC,1563412879088,2019-07-18T01:21:19.088Z,sell,2.189e-05,54.0,0.00118206
RDN/BTC,1563412881760,2019-07-18T01:21:21.760Z,buy,2.19e-05,2.0,4.38e-05
RDN/BTC,1563412917647,2019-07-18T01:21:57.647Z,sell,2.189e-05,13.0,0.00028457
RDN/BTC,1563412939161,2019-07-18T01:22:19.161Z,buy,2.19e-05,5.0,0.0001095
RDN/BTC,1563412943197,2019-07-18T01:22:23.197Z,sell,2.189e-05,5.0,0.0001094499999999
RDN/BTC,1563412977608,2019-07-18T01:22:57.608Z,buy,2.19e-05,11.0,0.0002409
RDN/BTC,1563412977829,2019-07-18T01:22:57.829Z,buy,2.19e-05,161.0,0.0035259
RDN/BTC,1563412989481,2019-07-18T01:23:09.481Z,buy,2.194e-05,86.0,0.00188684
RDN/BTC,1563412989644,2019-07-18T01:23:09.644Z,buy,2.194e-05,50.0,0.001097
RDN/BTC,1563412993046,2019-07-18T01:23:13.046Z,buy,2.194e-05,100.0,0.002194
RDN/BTC,1563413002585,2019-07-18T01:23:22.585Z,buy,2.195e-05,2.0,4.39e-05
RDN/BTC,1563413002848,2019-07-18T01:23:22.848Z,buy,2.195e-05,100.0,0.002195
RDN/BTC,1563413007774,2019-07-18T01:23:27.774Z,buy,2.194e-05,2.0,4.388e-05
RDN/BTC,1563413059858,2019-07-18T01:24:19.858Z,buy,2.194e-05,68.0,0.00149192
RDN/BTC,1563413165361,2019-07-18T01:26:05.361Z,sell,2.189e-05,11.0,0.0002407899999999
RDN/BTC,1563413185182,2019-07-18T01:26:25.182Z,buy,2.193e-05,166.0,0.00364038
RDN/BTC,1563413185815,2019-07-18T01:26:25.815Z,buy,2.194e-05,673.0,0.01476562
RDN/BTC,1563413185815,2019-07-18T01:26:25.815Z,buy,2.194e-05,673.0,0.01476562
RDN/BTC,1563413514506,2019-07-18T01:31:54.506Z,buy,2.192e-05,2.0,4.384e-05
RDN/BTC,1563414064573,2019-07-18T01:41:04.573Z,sell,2.183e-05,15.0,0.0003274499999999
RDN/BTC,1563414756491,2019-07-18T01:52:36.491Z,buy,2.194e-05,52.0,0.00114088
RDN/BTC,1563414963965,2019-07-18T01:56:03.965Z,sell,2.185e-05,17.0,0.00037145
RDN/BTC,1563415257311,2019-07-18T02:00:57.311Z,sell,2.185e-05,50.0,0.0010925
RDN/BTC,1563415578730,2019-07-18T02:06:18.730Z,buy,2.195e-05,455.0,0.00998725
RDN/BTC,1563415642901,2019-07-18T02:07:22.901Z,buy,2.195e-05,1739.0,0.03817105
RDN/BTC,1563415644906,2019-07-18T02:07:24.906Z,buy,2.196e-05,49.0,0.00107604
RDN/BTC,1563415862390,2019-07-18T02:11:02.390Z,sell,2.2e-05,32.0,0.000704
RDN/BTC,1563415874912,2019-07-18T02:11:14.912Z,sell,2.202e-05,23.0,0.00050646
RDN/BTC,1563416028423,2019-07-18T02:13:48.423Z,sell,2.191e-05,572.0,0.0125325199999999
RDN/BTC,1563416508232,2019-07-18T02:21:48.232Z,buy,2.199e-05,14.0,0.00030786
RDN/BTC,1563416763175,2019-07-18T02:26:03.175Z,sell,2.199e-05,19.0,0.00041781
RDN/BTC,1563416763175,2019-07-18T02:26:03.175Z,sell,2.199e-05,19.0,0.00041781
RDN/BTC,1563416968375,2019-07-18T02:29:28.375Z,sell,2.199e-05,47.0,0.00103353
RDN/BTC,1563417336518,2019-07-18T02:35:36.518Z,buy,2.205e-05,18.0,0.0003969
RDN/BTC,1563417336518,2019-07-18T02:35:36.518Z,buy,2.206e-05,299.0,0.00659594
RDN/BTC,1563417336518,2019-07-18T02:35:36.518Z,buy,2.207e-05,540.0,0.0119178
RDN/BTC,1563417336518,2019-07-18T02:35:36.518Z,buy,2.21e-05,1055.0,0.0233155
RDN/BTC,1563417336872,2019-07-18T02:35:36.872Z,sell,2.211e-05,252.0,0.00557172
RDN/BTC,1563417337001,2019-07-18T02:35:37.001Z,sell,2.211e-05,44.0,0.00097284
RDN/BTC,1563417464460,2019-07-18T02:37:44.460Z,sell,2.21e-05,2654.0,0.0586533999999999
RDN/BTC,1563417464507,2019-07-18T02:37:44.507Z,sell,2.21e-05,471.0,0.0104091
RDN/BTC,1563417464515,2019-07-18T02:37:44.515Z,sell,2.21e-05,1434.0,0.0316913999999999
RDN/BTC,1563417464590,2019-07-18T02:37:44.590Z,sell,2.21e-05,149.0,0.0032928999999999
RDN/BTC,1563417464632,2019-07-18T02:37:44.632Z,sell,2.21e-05,436.0,0.0096356
RDN/BTC,1563417464768,2019-07-18T02:37:44.768Z,sell,2.21e-05,716.0,0.0158236
RDN/BTC,1563417464900,2019-07-18T02:37:44.900Z,sell,2.21e-05,114.0,0.0025193999999999
RDN/BTC,1563417464916,2019-07-18T02:37:44.916Z,sell,2.21e-05,347.0,0.0076687
RDN/BTC,1563417464959,2019-07-18T02:37:44.959Z,sell,2.21e-05,143.0,0.0031602999999999
RDN/BTC,1563417465545,2019-07-18T02:37:45.545Z,sell,2.21e-05,562.0,0.0124202
RDN/BTC,1563417467224,2019-07-18T02:37:47.224Z,sell,2.21e-05,982.0,0.0217021999999999
RDN/BTC,1563417467508,2019-07-18T02:37:47.508Z,sell,2.21e-05,440.0,0.009724
RDN/BTC,1563417469013,2019-07-18T02:37:49.013Z,sell,2.2e-05,389.0,0.008558
RDN/BTC,1563417664160,2019-07-18T02:41:04.160Z,sell,2.202e-05,15.0,0.0003303
RDN/BTC,1563417976505,2019-07-18T02:46:16.505Z,sell,2.203e-05,228.0,0.00502284
RDN/BTC,1563418567808,2019-07-18T02:56:07.808Z,sell,2.204e-05,19.0,0.00041876
RDN/BTC,1563418811321,2019-07-18T03:00:11.321Z,buy,2.22e-05,6.0,0.0001332
RDN/BTC,1563418811398,2019-07-18T03:00:11.398Z,sell,2.221e-05,80.0,0.0017767999999999
RDN/BTC,1563419027558,2019-07-18T03:03:47.558Z,buy,2.22e-05,9.0,0.0001998
RDN/BTC,1563419282328,2019-07-18T03:08:02.328Z,buy,2.219e-05,287.0,0.00636853
RDN/BTC,1563419282328,2019-07-18T03:08:02.328Z,buy,2.22e-05,502.0,0.0111444
RDN/BTC,1563419465576,2019-07-18T03:11:05.576Z,sell,2.22e-05,11.0,0.0002442
RDN/BTC,1563419467575,2019-07-18T03:11:07.575Z,sell,2.207e-05,27.0,0.00059589
RDN/BTC,1563419479842,2019-07-18T03:11:19.842Z,buy,2.212e-05,55.0,0.0012166
RDN/BTC,1563419479842,2019-07-18T03:11:19.842Z,buy,2.22e-05,455.0,0.010101
RDN/BTC,1563419480307,2019-07-18T03:11:20.307Z,buy,2.22e-05,199.0,0.0044178
RDN/BTC,1563419481168,2019-07-18T03:11:21.168Z,buy,2.207e-05,154.0,0.00339878
RDN/BTC,1563419484888,2019-07-18T03:11:24.888Z,buy,2.22e-05,1013.0,0.0224886
RDN/BTC,1563419488681,2019-07-18T03:11:28.681Z,buy,2.226e-05,581.0,0.01293306
RDN/BTC,1563419500864,2019-07-18T03:11:40.864Z,buy,2.224e-05,832.0,0.01850368
RDN/BTC,1563419500864,2019-07-18T03:11:40.864Z,buy,2.225e-05,1.0,2.225e-05
RDN/BTC,1563419500864,2019-07-18T03:11:40.864Z,buy,2.224e-05,832.0,0.01850368
RDN/BTC,1563419500864,2019-07-18T03:11:40.864Z,buy,2.225e-05,1.0,2.225e-05
RDN/BTC,1563420659999,2019-07-18T03:30:59.999Z,buy,2.218e-05,80.0,0.0017744
RDN/BTC,1563420920207,2019-07-18T03:35:20.207Z,sell,2.216e-05,270.0,0.0059832
RDN/BTC,1563420920207,2019-07-18T03:35:20.207Z,sell,2.215e-05,445.0,0.00985675
RDN/BTC,1563420920217,2019-07-18T03:35:20.217Z,sell,2.215e-05,455.0,0.01007825
RDN/BTC,1563420920217,2019-07-18T03:35:20.217Z,sell,2.212e-05,95.0,0.0021014
RDN/BTC,1563420920217,2019-07-18T03:35:20.217Z,sell,2.21e-05,308.0,0.0068067999999999
RDN/BTC,1563420920529,2019-07-18T03:35:20.529Z,sell,2.21e-05,694.0,0.0153374
RDN/BTC,1563420920570,2019-07-18T03:35:20.570Z,buy,2.21e-05,175.0,0.0038675
RDN/BTC,1563420920589,2019-07-18T03:35:20.589Z,buy,2.21e-05,180.0,0.003978
RDN/BTC,1563420920599,2019-07-18T03:35:20.599Z,buy,2.21e-05,228.0,0.0050387999999999
RDN/BTC,1563420920625,2019-07-18T03:35:20.625Z,buy,2.201e-05,69.0,0.00151869
RDN/BTC,1563420920639,2019-07-18T03:35:20.639Z,buy,2.201e-05,26.0,0.00057226
RDN/BTC,1563420928857,2019-07-18T03:35:28.857Z,sell,2.2e-05,347.0,0.007634
RDN/BTC,1563420950954,2019-07-18T03:35:50.954Z,sell,2.201e-05,453.0,0.00997053
RDN/BTC,1563421011806,2019-07-18T03:36:51.806Z,sell,2.201e-05,800.0,0.017608
RDN/BTC,1563421224128,2019-07-18T03:40:24.128Z,sell,2.203e-05,1503.0,0.03311109
RDN/BTC,1563421272409,2019-07-18T03:41:12.409Z,sell,2.207e-05,26.0,0.00057382
RDN/BTC,1563421302894,2019-07-18T03:41:42.894Z,buy,2.21e-05,6.0,0.0001326
RDN/BTC,1563421305297,2019-07-18T03:41:45.297Z,buy,2.21e-05,1344.0,0.0297023999999999
RDN/BTC,1563421321297,2019-07-18T03:42:01.297Z,sell,2.22e-05,26.0,0.0005772
RDN/BTC,1563421384046,2019-07-18T03:43:04.046Z,sell,2.213e-05,80.0,0.0017704
RDN/BTC,1563421488815,2019-07-18T03:44:48.815Z,sell,2.213e-05,6.0,0.0001327799999999
RDN/BTC,1563421497814,2019-07-18T03:44:57.814Z,buy,2.224e-05,567.0,0.01261008
RDN/BTC,1563421497814,2019-07-18T03:44:57.814Z,buy,2.225e-05,599.0,0.01332775
RDN/BTC,1563421497814,2019-07-18T03:44:57.814Z,buy,2.226e-05,254.0,0.00565404
RDN/BTC,1563421502822,2019-07-18T03:45:02.822Z,sell,2.216e-05,73.0,0.00161768
RDN/BTC,1563421520435,2019-07-18T03:45:20.435Z,buy,2.225e-05,73.0,0.0016242499999999
RDN/BTC,1563421520435,2019-07-18T03:45:20.435Z,buy,2.226e-05,218.0,0.00485268
RDN/BTC,1563421520435,2019-07-18T03:45:20.435Z,buy,2.227e-05,618.0,0.0137628599999999
RDN/BTC,1563421520435,2019-07-18T03:45:20.435Z,buy,2.228e-05,502.0,0.01118456
RDN/BTC,1563421520435,2019-07-18T03:45:20.435Z,buy,2.236e-05,5.0,0.0001118
RDN/BTC,1563421520435,2019-07-18T03:45:20.435Z,buy,2.237e-05,1087.0,0.02431619
RDN/BTC,1563421520435,2019-07-18T03:45:20.435Z,buy,2.238e-05,1502.0,0.03361476
RDN/BTC,1563421520446,2019-07-18T03:45:20.446Z,buy,2.238e-05,739.0,0.01653882
RDN/BTC,1563421532259,2019-07-18T03:45:32.259Z,buy,2.234e-05,352.0,0.00786368
RDN/BTC,1563421532259,2019-07-18T03:45:32.259Z,buy,2.236e-05,648.0,0.01448928
RDN/BTC,1563421536922,2019-07-18T03:45:36.922Z,sell,2.224e-05,345.0,0.0076728
RDN/BTC,1563421647249,2019-07-18T03:47:27.249Z,sell,2.224e-05,224.0,0.00498176
RDN/BTC,1563422083992,2019-07-18T03:54:43.992Z,sell,2.218e-05,885.0,0.0196293
RDN/BTC,1563422084329,2019-07-18T03:54:44.329Z,buy,2.218e-05,115.0,0.0025507
RDN/BTC,1563422138952,2019-07-18T03:55:38.952Z,buy,2.222e-05,14.0,0.00031108
RDN/BTC,1563422164034,2019-07-18T03:56:04.034Z,sell,2.223e-05,45.0,0.00100035
RDN/BTC,1563422164511,2019-07-18T03:56:04.511Z,sell,2.223e-05,180.0,0.0040014
RDN/BTC,1563422176803,2019-07-18T03:56:16.803Z,buy,2.231e-05,135.0,0.00301185
RDN/BTC,1563422196330,2019-07-18T03:56:36.330Z,sell,2.231e-05,2720.0,0.0606832
RDN/BTC,1563422198324,2019-07-18T03:56:38.324Z,sell,2.224e-05,135.0,0.0030024
RDN/BTC,1563422237145,2019-07-18T03:57:17.145Z,sell,2.22e-05,14.0,0.0003108
RDN/BTC,1563422433003,2019-07-18T04:00:33.003Z,sell,2.221e-05,90.0,0.0019989
RDN/BTC,1563422433003,2019-07-18T04:00:33.003Z,sell,2.218e-05,180.0,0.0039924
RDN/BTC,1563422433003,2019-07-18T04:00:33.003Z,sell,2.217e-05,5.0,0.00011085
RDN/BTC,1563422439706,2019-07-18T04:00:39.706Z,buy,2.215e-05,296.0,0.0065563999999999
RDN/BTC,1563422450776,2019-07-18T04:00:50.776Z,sell,2.212e-05,296.0,0.00654752
RDN/BTC,1563422450776,2019-07-18T04:00:50.776Z,sell,2.211e-05,599.0,0.01324389
RDN/BTC,1563422450776,2019-07-18T04:00:50.776Z,sell,2.21e-05,389.0,0.0085969
RDN/BTC,1563422450776,2019-07-18T04:00:50.776Z,sell,2.209e-05,1471.0,0.03249439
RDN/BTC,1563422450814,2019-07-18T04:00:50.814Z,buy,2.209e-05,245.0,0.00541205
RDN/BTC,1563422584360,2019-07-18T04:03:04.360Z,buy,2.22e-05,180.0,0.003996
RDN/BTC,1563422633744,2019-07-18T04:03:53.744Z,sell,2.21e-05,1471.0,0.0325091
RDN/BTC,1563422633744,2019-07-18T04:03:53.744Z,sell,2.208e-05,95.0,0.0020976
RDN/BTC,1563422634363,2019-07-18T04:03:54.363Z,buy,2.208e-05,1434.0,0.03166272
RDN/BTC,1563422987045,2019-07-18T04:09:47.045Z,buy,2.22e-05,68.0,0.0015096
RDN/BTC,1563422988541,2019-07-18T04:09:48.541Z,buy,2.22e-05,48.0,0.0010656
RDN/BTC,1563423032260,2019-07-18T04:10:32.260Z,buy,2.23e-05,95.0,0.0021185
RDN/BTC,1563423032260,2019-07-18T04:10:32.260Z,buy,2.233e-05,40.0,0.0008932
RDN/BTC,1563423032260,2019-07-18T04:10:32.260Z,buy,2.23e-05,95.0,0.0021185
RDN/BTC,1563423032260,2019-07-18T04:10:32.260Z,buy,2.233e-05,40.0,0.0008932
RDN/BTC,1563423107766,2019-07-18T04:11:47.766Z,buy,2.231e-05,13.0,0.00029003
RDN/BTC,1563423552525,2019-07-18T04:19:12.525Z,buy,2.231e-05,180.0,0.0040158
RDN/BTC,1563423552525,2019-07-18T04:19:12.525Z,buy,2.235e-05,51.0,0.00113985
RDN/BTC,1563423856391,2019-07-18T04:24:16.391Z,sell,2.223e-05,212.0,0.00471276
RDN/BTC,1563423962203,2019-07-18T04:26:02.203Z,sell,2.221e-05,13.0,0.00028873
RDN/BTC,1563424120575,2019-07-18T04:28:40.575Z,buy,2.231e-05,50.0,0.0011155
RDN/BTC,1563424120881,2019-07-18T04:28:40.881Z,buy,2.231e-05,140.0,0.0031234
RDN/BTC,1563424412364,2019-07-18T04:33:32.364Z,buy,2.227e-05,50.0,0.0011135
RDN/BTC,1563424412905,2019-07-18T04:33:32.905Z,buy,2.227e-05,140.0,0.0031178
RDN/BTC,1563424414805,2019-07-18T04:33:34.805Z,buy,2.227e-05,100.0,0.002227
RDN/BTC,1563424502935,2019-07-18T04:35:02.935Z,buy,2.226e-05,25.0,0.0005565
RDN/BTC,1563424509795,2019-07-18T04:35:09.795Z,buy,2.226e-05,50.0,0.001113
RDN/BTC,1563424509907,2019-07-18T04:35:09.907Z,buy,2.226e-05,19.0,0.00042294
RDN/BTC,1563424525304,2019-07-18T04:35:25.304Z,buy,2.226e-05,89.0,0.00198114
RDN/BTC,1563424526245,2019-07-18T04:35:26.245Z,buy,2.226e-05,11.0,0.00024486
RDN/BTC,1563424576489,2019-07-18T04:36:16.489Z,buy,2.226e-05,31.0,0.00069006
RDN/BTC,1563424578491,2019-07-18T04:36:18.491Z,buy,2.227e-05,259.0,0.0057679299999999
RDN/BTC,1563424623368,2019-07-18T04:37:03.368Z,buy,2.23e-05,104.0,0.0023192
RDN/BTC,1563424628496,2019-07-18T04:37:08.496Z,buy,2.23e-05,76.0,0.0016948
RDN/BTC,1563424641501,2019-07-18T04:37:21.501Z,buy,2.23e-05,1127.0,0.0251321
RDN/BTC,1563424647153,2019-07-18T04:37:27.153Z,sell,2.234e-05,74.0,0.0016531599999999
RDN/BTC,1563424647498,2019-07-18T04:37:27.498Z,sell,2.234e-05,270.0,0.0060317999999999
RDN/BTC,1563424648492,2019-07-18T04:37:28.492Z,sell,2.234e-05,444.0,0.00991896
RDN/BTC,1563424650488,2019-07-18T04:37:30.488Z,sell,2.234e-05,96.0,0.0021446399999999
RDN/BTC,1563424651492,2019-07-18T04:37:31.492Z,sell,2.234e-05,300.0,0.006702
RDN/BTC,1563424653491,2019-07-18T04:37:33.491Z,sell,2.234e-05,384.0,0.0085785599999999
RDN/BTC,1563424655245,2019-07-18T04:37:35.245Z,buy,2.235e-05,11.0,0.00024585
RDN/BTC,1563424655265,2019-07-18T04:37:35.265Z,sell,2.234e-05,62.0,0.00138508
RDN/BTC,1563424655274,2019-07-18T04:37:35.274Z,buy,2.235e-05,42.0,0.0009387
RDN/BTC,1563424655274,2019-07-18T04:37:35.274Z,buy,2.236e-05,5.0,0.0001118
RDN/BTC,1563424655274,2019-07-18T04:37:35.274Z,buy,2.238e-05,500.0,0.01119
RDN/BTC,1563424656488,2019-07-18T04:37:36.488Z,sell,2.238e-05,1773.0,0.03967974
RDN/BTC,1563424657254,2019-07-18T04:37:37.254Z,sell,2.238e-05,296.0,0.0066244799999999
RDN/BTC,1563424711040,2019-07-18T04:38:31.040Z,buy,2.239e-05,17.0,0.00038063
RDN/BTC,1563424711690,2019-07-18T04:38:31.690Z,buy,2.24e-05,17.0,0.0003808
RDN/BTC,1563424724368,2019-07-18T04:38:44.368Z,buy,2.241e-05,166.0,0.00372006
RDN/BTC,1563424731891,2019-07-18T04:38:51.891Z,buy,2.242e-05,11.0,0.0002466199999999
RDN/BTC,1563424731891,2019-07-18T04:38:51.891Z,buy,2.245e-05,1130.0,0.0253685
RDN/BTC,1563424739279,2019-07-18T04:38:59.279Z,buy,2.245e-05,6.0,0.0001347
RDN/BTC,1563424739754,2019-07-18T04:38:59.754Z,buy,2.245e-05,8.0,0.0001796
RDN/BTC,1563424741886,2019-07-18T04:39:01.886Z,buy,2.246e-05,839.0,0.01884394
RDN/BTC,1563424772732,2019-07-18T04:39:32.732Z,buy,2.248e-05,393.0,0.00883464
RDN/BTC,1563424773075,2019-07-18T04:39:33.075Z,sell,2.248e-05,20.0,0.0004496
RDN/BTC,1563424773792,2019-07-18T04:39:33.792Z,sell,2.248e-05,63.0,0.00141624
RDN/BTC,1563424774286,2019-07-18T04:39:34.286Z,buy,2.25e-05,34.0,0.000765
RDN/BTC,1563424775092,2019-07-18T04:39:35.092Z,sell,2.25e-05,60.0,0.00135
RDN/BTC,1563424775099,2019-07-18T04:39:35.099Z,sell,2.25e-05,23.0,0.0005175
RDN/BTC,1563424790304,2019-07-18T04:39:50.304Z,buy,2.254e-05,51.0,0.00114954
RDN/BTC,1563424790932,2019-07-18T04:39:50.932Z,sell,2.254e-05,252.0,0.00568008
RDN/BTC,1563424791126,2019-07-18T04:39:51.126Z,sell,2.254e-05,21.0,0.00047334
RDN/BTC,1563424792143,2019-07-18T04:39:52.143Z,sell,2.254e-05,20.0,0.0004508
RDN/BTC,1563424861277,2019-07-18T04:41:01.277Z,sell,2.254e-05,74.0,0.00166796
RDN/BTC,1563424897124,2019-07-18T04:41:37.124Z,sell,2.254e-05,48.0,0.00108192
RDN/BTC,1563424920973,2019-07-18T04:42:00.973Z,sell,2.254e-05,230.0,0.0051842
RDN/BTC,1563425041665,2019-07-18T04:44:01.665Z,sell,2.254e-05,511.0,0.01151794
RDN/BTC,1563425077099,2019-07-18T04:44:37.099Z,sell,2.254e-05,12.0,0.00027048
RDN/BTC,1563425077348,2019-07-18T04:44:37.348Z,sell,2.254e-05,502.0,0.01131508
RDN/BTC,1563425115460,2019-07-18T04:45:15.460Z,buy,2.252e-05,79.0,0.00177908
RDN/BTC,1563425261024,2019-07-18T04:47:41.024Z,buy,2.252e-05,165.0,0.0037158
RDN/BTC,1563425367451,2019-07-18T04:49:27.451Z,buy,2.252e-05,224.0,0.00504448
RDN/BTC,1563425400516,2019-07-18T04:50:00.516Z,buy,2.255e-05,5.0,0.00011275
RDN/BTC,1563425445550,2019-07-18T04:50:45.550Z,buy,2.256e-05,531.0,0.01197936
RDN/BTC,1563425445550,2019-07-18T04:50:45.550Z,buy,2.256e-05,1.0,2.256e-05
RDN/BTC,1563425445554,2019-07-18T04:50:45.554Z,buy,2.258e-05,415.0,0.0093707
RDN/BTC,1563425514503,2019-07-18T04:51:54.503Z,sell,2.255e-05,6.0,0.0001352999999999
RDN/BTC,1563425630575,2019-07-18T04:53:50.575Z,buy,2.259e-05,117.0,0.0026430299999999
RDN/BTC,1563425630575,2019-07-18T04:53:50.575Z,buy,2.26e-05,479.0,0.0108254
RDN/BTC,1563425650210,2019-07-18T04:54:10.210Z,buy,2.265e-05,903.0,0.02045295
RDN/BTC,1563425650210,2019-07-18T04:54:10.210Z,buy,2.267e-05,7950.0,0.1802265
RDN/BTC,1563425650327,2019-07-18T04:54:10.327Z,sell,2.267e-05,169.0,0.00383123
RDN/BTC,1563425650456,2019-07-18T04:54:10.456Z,sell,2.267e-05,62.0,0.00140554
RDN/BTC,1563425650585,2019-07-18T04:54:10.585Z,sell,2.267e-05,250.0,0.0056675
RDN/BTC,1563425656795,2019-07-18T04:54:16.795Z,sell,2.267e-05,800.0,0.018136
RDN/BTC,1563425660624,2019-07-18T04:54:20.624Z,sell,2.267e-05,180.0,0.0040806
RDN/BTC,1563425660802,2019-07-18T04:54:20.802Z,sell,2.267e-05,183.0,0.00414861
RDN/BTC,1563425665324,2019-07-18T04:54:25.324Z,sell,2.272e-05,10.0,0.0002272
RDN/BTC,1563425671966,2019-07-18T04:54:31.966Z,buy,2.273e-05,590.0,0.0134107
RDN/BTC,1563425685430,2019-07-18T04:54:45.430Z,buy,2.273e-05,81.0,0.00184113
RDN/BTC,1563425700090,2019-07-18T04:55:00.090Z,sell,2.273e-05,200.0,0.004546
RDN/BTC,1563425706114,2019-07-18T04:55:06.114Z,buy,2.274e-05,5.0,0.0001137
RDN/BTC,1563425706114,2019-07-18T04:55:06.114Z,buy,2.275e-05,52.0,0.001183
RDN/BTC,1563425728309,2019-07-18T04:55:28.309Z,sell,2.275e-05,425.0,0.00966875
RDN/BTC,1563425728309,2019-07-18T04:55:28.309Z,sell,2.273e-05,564.0,0.01281972
RDN/BTC,1563425748244,2019-07-18T04:55:48.244Z,sell,2.272e-05,124.0,0.00281728
RDN/BTC,1563425764602,2019-07-18T04:56:04.602Z,sell,2.267e-05,23.0,0.00052141
RDN/BTC,1563425766609,2019-07-18T04:56:06.609Z,sell,2.257e-05,28.0,0.00063196
RDN/BTC,1563425785132,2019-07-18T04:56:25.132Z,sell,2.26e-05,258.0,0.0058308
RDN/BTC,1563425785152,2019-07-18T04:56:25.152Z,buy,2.26e-05,752.0,0.0169952
RDN/BTC,1563425832732,2019-07-18T04:57:12.732Z,sell,2.26e-05,646.0,0.0145996
RDN/BTC,1563425832758,2019-07-18T04:57:12.758Z,buy,2.26e-05,534.0,0.0120684
RDN/BTC,1563425832786,2019-07-18T04:57:12.786Z,buy,2.26e-05,320.0,0.007232
RDN/BTC,1563425832786,2019-07-18T04:57:12.786Z,buy,2.26e-05,1.0,2.26e-05
RDN/BTC,1563425832806,2019-07-18T04:57:12.806Z,sell,2.259e-05,80.0,0.0018072
RDN/BTC,1563425832987,2019-07-18T04:57:12.987Z,sell,2.256e-05,160.0,0.0036096
RDN/BTC,1563425845392,2019-07-18T04:57:25.392Z,sell,2.256e-05,76.0,0.00171456
RDN/BTC,1563425927304,2019-07-18T04:58:47.304Z,buy,2.261e-05,614.0,0.0138825399999999
RDN/BTC,1563426040817,2019-07-18T05:00:40.817Z,buy,2.269e-05,395.0,0.00896255
RDN/BTC,1563426040857,2019-07-18T05:00:40.857Z,sell,2.269e-05,664.0,0.01506616
RDN/BTC,1563426040865,2019-07-18T05:00:40.865Z,sell,2.269e-05,240.0,0.0054456
RDN/BTC,1563426040904,2019-07-18T05:00:40.904Z,sell,2.269e-05,744.0,0.01688136
RDN/BTC,1563426040955,2019-07-18T05:00:40.955Z,sell,2.262e-05,124.0,0.00280488
RDN/BTC,1563426133370,2019-07-18T05:02:13.370Z,sell,2.263e-05,33.0,0.00074679
RDN/BTC,1563426203869,2019-07-18T05:03:23.869Z,buy,2.273e-05,124.0,0.00281852
RDN/BTC,1563426203869,2019-07-18T05:03:23.869Z,buy,2.274e-05,1142.0,0.02596908
RDN/BTC,1563426221534,2019-07-18T05:03:41.534Z,sell,2.264e-05,8.0,0.00018112
RDN/BTC,1563426286023,2019-07-18T05:04:46.023Z,buy,2.277e-05,1427.0,0.03249279
RDN/BTC,1563426286023,2019-07-18T05:04:46.023Z,buy,2.278e-05,573.0,0.0130529399999999
RDN/BTC,1563426370440,2019-07-18T05:06:10.440Z,buy,2.277e-05,25.0,0.00056925
RDN/BTC,1563426414155,2019-07-18T05:06:54.155Z,buy,2.277e-05,757.0,0.01723689
RDN/BTC,1563426415003,2019-07-18T05:06:55.003Z,buy,2.278e-05,43.0,0.0009795399999999
RDN/BTC,1563426415810,2019-07-18T05:06:55.810Z,sell,2.278e-05,101.0,0.0023007799999999
RDN/BTC,1563426418895,2019-07-18T05:06:58.895Z,sell,2.278e-05,132.0,0.00300696
RDN/BTC,1563426452575,2019-07-18T05:07:32.575Z,sell,2.278e-05,659.0,0.01501202
RDN/BTC,1563426457375,2019-07-18T05:07:37.375Z,sell,2.277e-05,443.0,0.01008711
RDN/BTC,1563426491538,2019-07-18T05:08:11.538Z,sell,2.264e-05,627.0,0.01419528
RDN/BTC,1563426508196,2019-07-18T05:08:28.196Z,buy,2.276e-05,123.0,0.00279948
RDN/BTC,1563426508196,2019-07-18T05:08:28.196Z,buy,2.276e-05,123.0,0.00279948
RDN/BTC,1563426663909,2019-07-18T05:11:03.909Z,sell,2.265e-05,5.0,0.00011325
RDN/BTC,1563426667642,2019-07-18T05:11:07.642Z,sell,2.265e-05,120.0,0.002718
RDN/BTC,1563426667642,2019-07-18T05:11:07.642Z,sell,2.264e-05,283.0,0.00640712
RDN/BTC,1563426667642,2019-07-18T05:11:07.642Z,sell,2.263e-05,1227.0,0.0277670099999999
RDN/BTC,1563427094385,2019-07-18T05:18:14.385Z,buy,2.262e-05,331.0,0.00748722
RDN/BTC,1563427094458,2019-07-18T05:18:14.458Z,buy,2.262e-05,44.0,0.00099528
RDN/BTC,1563427141038,2019-07-18T05:19:01.038Z,buy,2.262e-05,106.0,0.00239772
RDN/BTC,1563427148938,2019-07-18T05:19:08.938Z,buy,2.263e-05,516.0,0.01167708
RDN/BTC,1563427262707,2019-07-18T05:21:02.707Z,sell,2.262e-05,12.0,0.00027144
RDN/BTC,1563427329919,2019-07-18T05:22:09.919Z,sell,2.263e-05,47.0,0.00106361
RDN/BTC,1563427403018,2019-07-18T05:23:23.018Z,sell,2.268e-05,286.0,0.00648648
RDN/BTC,1563427403018,2019-07-18T05:23:23.018Z,sell,2.267e-05,1425.0,0.03230475
RDN/BTC,1563427403018,2019-07-18T05:23:23.018Z,sell,2.264e-05,1006.0,0.02277584
RDN/BTC,1563427577063,2019-07-18T05:26:17.063Z,buy,2.27e-05,6.0,0.0001362
RDN/BTC,1563427670247,2019-07-18T05:27:50.247Z,buy,2.272e-05,96.0,0.00218112
RDN/BTC,1563428717615,2019-07-18T05:45:17.615Z,sell,2.27e-05,212.0,0.0048124
RDN/BTC,1563428717984,2019-07-18T05:45:17.984Z,sell,2.27e-05,277.0,0.0062879
RDN/BTC,1563429097714,2019-07-18T05:51:37.714Z,sell,2.27e-05,47.0,0.0010669
RDN/BTC,1563429111995,2019-07-18T05:51:51.995Z,sell,2.27e-05,230.0,0.005221
RDN/BTC,1563429240343,2019-07-18T05:54:00.343Z,sell,2.27e-05,60.0,0.001362
RDN/BTC,1563429353860,2019-07-18T05:55:53.860Z,buy,2.268e-05,72.0,0.00163296
RDN/BTC,1563429400552,2019-07-18T05:56:40.552Z,buy,2.268e-05,5.0,0.0001133999999999
RDN/BTC,1563429420556,2019-07-18T05:57:00.556Z,buy,2.268e-05,50.0,0.001134
RDN/BTC,1563429420871,2019-07-18T05:57:00.871Z,buy,2.268e-05,49.0,0.00111132
RDN/BTC,1563429561217,2019-07-18T05:59:21.217Z,buy,2.269e-05,20.0,0.0004538
RDN/BTC,1563429680232,2019-07-18T06:01:20.232Z,sell,2.266e-05,10.0,0.0002266
RDN/BTC,1563429869206,2019-07-18T06:04:29.206Z,sell,2.267e-05,96.0,0.00217632
RDN/BTC,1563429869206,2019-07-18T06:04:29.206Z,sell,2.266e-05,556.0,0.01259896
RDN/BTC,1563429869206,2019-07-18T06:04:29.206Z,sell,2.267e-05,96.0,0.00217632
RDN/BTC,1563429869206,2019-07-18T06:04:29.206Z,sell,2.266e-05,556.0,0.01259896
RDN/BTC,1563430260393,2019-07-18T06:11:00.393Z,sell,2.27e-05,28.0,0.0006355999999999
RDN/BTC,1563430339354,2019-07-18T06:12:19.354Z,buy,2.275e-05,47.0,0.00106925
RDN/BTC,1563430339354,2019-07-18T06:12:19.354Z,buy,2.281e-05,67.0,0.00152827
RDN/BTC,1563430341458,2019-07-18T06:12:21.458Z,buy,2.283e-05,88.0,0.00200904
RDN/BTC,1563430377491,2019-07-18T06:12:57.491Z,buy,2.282e-05,219.0,0.00499758
RDN/BTC,1563430377836,2019-07-18T06:12:57.836Z,sell,2.282e-05,183.0,0.00417606
RDN/BTC,1563430398421,2019-07-18T06:13:18.421Z,sell,2.282e-05,131.0,0.0029894199999999
RDN/BTC,1563430557119,2019-07-18T06:15:57.119Z,buy,2.279e-05,405.0,0.00922995
RDN/BTC,1563430557119,2019-07-18T06:15:57.119Z,buy,2.28e-05,280.0,0.006384
RDN/BTC,1563430557119,2019-07-18T06:15:57.119Z,buy,2.281e-05,232.0,0.00529192
RDN/BTC,1563430671726,2019-07-18T06:17:51.726Z,buy,2.281e-05,262.0,0.00597622
RDN/BTC,1563430707882,2019-07-18T06:18:27.882Z,buy,2.281e-05,754.0,0.01719874
RDN/BTC,1563430829313,2019-07-18T06:20:29.313Z,buy,2.281e-05,1455.0,0.03318855
RDN/BTC,1563430829517,2019-07-18T06:20:29.517Z,buy,2.282e-05,818.0,0.0186667599999999
RDN/BTC,1563430853055,2019-07-18T06:20:53.055Z,buy,2.288e-05,1400.0,0.032032
RDN/BTC,1563430863670,2019-07-18T06:21:03.670Z,buy,2.289e-05,66.0,0.00151074
RDN/BTC,1563430863670,2019-07-18T06:21:03.670Z,buy,2.292e-05,222.0,0.00508824
RDN/BTC,1563430863715,2019-07-18T06:21:03.715Z,sell,2.292e-05,115.0,0.0026358
RDN/BTC,1563430863730,2019-07-18T06:21:03.730Z,sell,2.292e-05,211.0,0.00483612
RDN/BTC,1563430863817,2019-07-18T06:21:03.817Z,sell,2.292e-05,196.0,0.00449232
RDN/BTC,1563430864207,2019-07-18T06:21:04.207Z,sell,2.292e-05,75.0,0.001719
RDN/BTC,1563430865510,2019-07-18T06:21:05.510Z,sell,2.292e-05,100.0,0.002292
RDN/BTC,1563430866534,2019-07-18T06:21:06.534Z,sell,2.292e-05,90.0,0.0020628
RDN/BTC,1563430868607,2019-07-18T06:21:08.607Z,sell,2.292e-05,60.0,0.0013752
RDN/BTC,1563430870352,2019-07-18T06:21:10.352Z,buy,2.293e-05,5.0,0.00011465
RDN/BTC,1563430884373,2019-07-18T06:21:24.373Z,sell,2.293e-05,44.0,0.00100892
RDN/BTC,1563430891061,2019-07-18T06:21:31.061Z,buy,2.298e-05,49.0,0.00112602
RDN/BTC,1563430891061,2019-07-18T06:21:31.061Z,buy,2.299e-05,1502.0,0.0345309799999999
RDN/BTC,1563430891189,2019-07-18T06:21:31.189Z,sell,2.299e-05,246.0,0.00565554
RDN/BTC,1563430891291,2019-07-18T06:21:31.291Z,sell,2.299e-05,86.0,0.00197714
RDN/BTC,1563430901253,2019-07-18T06:21:41.253Z,sell,2.299e-05,1147.0,0.02636953
RDN/BTC,1563430901931,2019-07-18T06:21:41.931Z,sell,2.299e-05,991.0,0.02278309
RDN/BTC,1563430901938,2019-07-18T06:21:41.938Z,buy,2.299e-05,1616.0,0.03715184
RDN/BTC,1563431050586,2019-07-18T06:24:10.586Z,sell,2.299e-05,7.0,0.00016093
RDN/BTC,1563431126878,2019-07-18T06:25:26.878Z,buy,2.3e-05,75.0,0.001725
RDN/BTC,1563431160068,2019-07-18T06:26:00.068Z,sell,2.299e-05,82.0,0.00188518
RDN/BTC,1563431165294,2019-07-18T06:26:05.294Z,sell,2.299e-05,88.0,0.0020231199999999
RDN/BTC,1563431201421,2019-07-18T06:26:41.421Z,sell,2.299e-05,380.0,0.0087362
RDN/BTC,1563431211343,2019-07-18T06:26:51.343Z,sell,2.299e-05,864.0,0.01986336
RDN/BTC,1563431252778,2019-07-18T06:27:32.778Z,buy,2.301e-05,122.0,0.00280722
RDN/BTC,1563431264634,2019-07-18T06:27:44.634Z,buy,2.304e-05,87.0,0.00200448
RDN/BTC,1563431293520,2019-07-18T06:28:13.520Z,buy,2.298e-05,75.0,0.0017235
RDN/BTC,1563431293520,2019-07-18T06:28:13.520Z,buy,2.299e-05,821.0,0.01887479
RDN/BTC,1563431293520,2019-07-18T06:28:13.520Z,buy,2.3e-05,572.0,0.013156
RDN/BTC,1563431359164,2019-07-18T06:29:19.164Z,sell,2.301e-05,115.0,0.00264615
RDN/BTC,1563431424259,2019-07-18T06:30:24.259Z,sell,2.302e-05,21.0,0.00048342
RDN/BTC,1563431434202,2019-07-18T06:30:34.202Z,sell,2.302e-05,28.0,0.00064456
RDN/BTC,1563431436201,2019-07-18T06:30:36.201Z,sell,2.302e-05,229.0,0.00527158
RDN/BTC,1563431441452,2019-07-18T06:30:41.452Z,sell,2.302e-05,632.0,0.01454864
RDN/BTC,1563431441835,2019-07-18T06:30:41.835Z,sell,2.302e-05,1205.0,0.0277391
RDN/BTC,1563431496146,2019-07-18T06:31:36.146Z,buy,2.303e-05,26.0,0.00059878
RDN/BTC,1563431498781,2019-07-18T06:31:38.781Z,buy,2.303e-05,39.0,0.00089817
RDN/BTC,1563431687007,2019-07-18T06:34:47.007Z,sell,2.302e-05,36.0,0.00082872
RDN/BTC,1563431690423,2019-07-18T06:34:50.423Z,buy,2.302e-05,295.0,0.0067909
RDN/BTC,1563431690423,2019-07-18T06:34:50.423Z,buy,2.303e-05,411.0,0.00946533
RDN/BTC,1563431708181,2019-07-18T06:35:08.181Z,buy,2.304e-05,5.0,0.0001152
RDN/BTC,1563431726039,2019-07-18T06:35:26.039Z,buy,2.304e-05,433.0,0.00997632
RDN/BTC,1563431729718,2019-07-18T06:35:29.718Z,sell,2.304e-05,108.0,0.00248832
RDN/BTC,1563431741797,2019-07-18T06:35:41.797Z,sell,2.304e-05,12.0,0.00027648
RDN/BTC,1563432032463,2019-07-18T06:40:32.463Z,sell,2.304e-05,300.0,0.006912
RDN/BTC,1563432057629,2019-07-18T06:40:57.629Z,buy,2.305e-05,1300.0,0.029965
RDN/BTC,1563432061582,2019-07-18T06:41:01.582Z,sell,2.305e-05,21.0,0.00048405
RDN/BTC,1563432062849,2019-07-18T06:41:02.849Z,sell,2.305e-05,4032.0,0.0929376
RDN/BTC,1563432062849,2019-07-18T06:41:02.849Z,sell,2.304e-05,3682.0,0.08483328
RDN/BTC,1563432064528,2019-07-18T06:41:04.528Z,sell,2.305e-05,60.0,0.001383
RDN/BTC,1563432075294,2019-07-18T06:41:15.294Z,sell,2.305e-05,45.0,0.00103725
RDN/BTC,1563432079019,2019-07-18T06:41:19.019Z,sell,2.305e-05,288.0,0.0066384
RDN/BTC,1563432079019,2019-07-18T06:41:19.019Z,sell,2.304e-05,629.0,0.01449216
RDN/BTC,1563432079019,2019-07-18T06:41:19.019Z,sell,2.303e-05,625.0,0.01439375
RDN/BTC,1563432094715,2019-07-18T06:41:34.715Z,buy,2.304e-05,624.0,0.01437696
RDN/BTC,1563432094715,2019-07-18T06:41:34.715Z,buy,2.305e-05,887.0,0.02044535
RDN/BTC,1563432123744,2019-07-18T06:42:03.744Z,sell,2.305e-05,2995.0,0.06903475
RDN/BTC,1563432178015,2019-07-18T06:42:58.015Z,buy,2.306e-05,132.0,0.00304392
RDN/BTC,1563432180403,2019-07-18T06:43:00.403Z,buy,2.31e-05,100.0,0.00231
RDN/BTC,1563432180490,2019-07-18T06:43:00.490Z,sell,2.31e-05,30.0,0.0006929999999999
RDN/BTC,1563432199534,2019-07-18T06:43:19.534Z,buy,2.311e-05,574.0,0.01326514
RDN/BTC,1563432209865,2019-07-18T06:43:29.865Z,buy,2.312e-05,594.0,0.0137332799999999
RDN/BTC,1563432216870,2019-07-18T06:43:36.870Z,sell,2.312e-05,358.0,0.00827696
RDN/BTC,1563432216870,2019-07-18T06:43:36.870Z,sell,2.311e-05,21.0,0.00048531
RDN/BTC,1563432219881,2019-07-18T06:43:39.881Z,sell,2.312e-05,297.0,0.0068666399999999
RDN/BTC,1563432234888,2019-07-18T06:43:54.888Z,buy,2.316e-05,9.0,0.0002084399999999
RDN/BTC,1563432247688,2019-07-18T06:44:07.688Z,buy,2.315e-05,776.0,0.0179644
RDN/BTC,1563432247688,2019-07-18T06:44:07.688Z,buy,2.316e-05,7140.0,0.1653624
RDN/BTC,1563432341667,2019-07-18T06:45:41.667Z,buy,2.32e-05,200.0,0.00464
RDN/BTC,1563432341667,2019-07-18T06:45:41.667Z,buy,2.322e-05,67.0,0.00155574
RDN/BTC,1563432341667,2019-07-18T06:45:41.667Z,buy,2.324e-05,57.0,0.00132468
RDN/BTC,1563432341667,2019-07-18T06:45:41.667Z,buy,2.331e-05,115.0,0.0026806499999999
RDN/BTC,1563432341667,2019-07-18T06:45:41.667Z,buy,2.332e-05,561.0,0.01308252
RDN/BTC,1563432342577,2019-07-18T06:45:42.577Z,sell,2.32e-05,47.0,0.0010904
RDN/BTC,1563432342845,2019-07-18T06:45:42.845Z,sell,2.32e-05,157.0,0.0036424
RDN/BTC,1563432344081,2019-07-18T06:45:44.081Z,sell,2.32e-05,5.0,0.000116
RDN/BTC,1563432352577,2019-07-18T06:45:52.577Z,sell,2.324e-05,69.0,0.00160356
RDN/BTC,1563432352577,2019-07-18T06:45:52.577Z,sell,2.323e-05,224.0,0.00520352
RDN/BTC,1563432455638,2019-07-18T06:47:35.638Z,buy,2.331e-05,278.0,0.0064801799999999
RDN/BTC,1563432455638,2019-07-18T06:47:35.638Z,buy,2.332e-05,365.0,0.0085118
RDN/BTC,1563432482279,2019-07-18T06:48:02.279Z,buy,2.332e-05,321.0,0.00748572
RDN/BTC,1563432482315,2019-07-18T06:48:02.315Z,sell,2.332e-05,264.0,0.00615648
RDN/BTC,1563432573324,2019-07-18T06:49:33.324Z,buy,2.336e-05,33.0,0.00077088
RDN/BTC,1563432613299,2019-07-18T06:50:13.299Z,buy,2.335e-05,1027.0,0.0239804499999999
RDN/BTC,1563432625031,2019-07-18T06:50:25.031Z,buy,2.335e-05,308.0,0.0071918
RDN/BTC,1563432640200,2019-07-18T06:50:40.200Z,sell,2.321e-05,72.0,0.00167112
RDN/BTC,1563432640740,2019-07-18T06:50:40.740Z,sell,2.321e-05,5.0,0.00011605
RDN/BTC,1563432641710,2019-07-18T06:50:41.710Z,sell,2.321e-05,35.0,0.00081235
RDN/BTC,1563432641710,2019-07-18T06:50:41.710Z,sell,2.32e-05,52.0,0.0012064
RDN/BTC,1563432673783,2019-07-18T06:51:13.783Z,buy,2.328e-05,61.0,0.00142008
RDN/BTC,1563432673783,2019-07-18T06:51:13.783Z,buy,2.335e-05,1223.0,0.0285570499999999
RDN/BTC,1563432679195,2019-07-18T06:51:19.195Z,buy,2.334e-05,86.0,0.00200724
RDN/BTC,1563432686092,2019-07-18T06:51:26.092Z,buy,2.334e-05,498.0,0.01162332
RDN/BTC,1563432686092,2019-07-18T06:51:26.092Z,buy,2.335e-05,73.0,0.00170455
RDN/BTC,1563432686092,2019-07-18T06:51:26.092Z,buy,2.336e-05,2853.0,0.06664608
RDN/BTC,1563432804700,2019-07-18T06:53:24.700Z,sell,2.329e-05,628.0,0.01462612
RDN/BTC,1563432882096,2019-07-18T06:54:42.096Z,buy,2.337e-05,66.0,0.00154242
RDN/BTC,1563432882096,2019-07-18T06:54:42.096Z,buy,2.342e-05,28.0,0.00065576
RDN/BTC,1563432885405,2019-07-18T06:54:45.405Z,buy,2.342e-05,9.0,0.0002107799999999
RDN/BTC,1563432885697,2019-07-18T06:54:45.697Z,buy,2.342e-05,6.0,0.00014052
RDN/BTC,1563432890248,2019-07-18T06:54:50.248Z,buy,2.342e-05,585.0,0.0137007
RDN/BTC,1563432890248,2019-07-18T06:54:50.248Z,buy,2.343e-05,47.0,0.00110121
RDN/BTC,1563432957587,2019-07-18T06:55:57.587Z,sell,2.329e-05,23.0,0.00053567
RDN/BTC,1563432962553,2019-07-18T06:56:02.553Z,sell,2.33e-05,74.0,0.0017242
RDN/BTC,1563433388728,2019-07-18T07:03:08.728Z,buy,2.343e-05,2.0,4.686e-05
RDN/BTC,1563433414706,2019-07-18T07:03:34.706Z,sell,2.33e-05,20.0,0.000466
RDN/BTC,1563433414985,2019-07-18T07:03:34.985Z,sell,2.33e-05,19.0,0.0004427
RDN/BTC,1563433423625,2019-07-18T07:03:43.625Z,sell,2.325e-05,30.0,0.0006975
RDN/BTC,1563433460760,2019-07-18T07:04:20.760Z,sell,2.327e-05,125.0,0.00290875
RDN/BTC,1563433460760,2019-07-18T07:04:20.760Z,sell,2.327e-05,125.0,0.00290875
RDN/BTC,1563433489275,2019-07-18T07:04:49.275Z,sell,2.327e-05,60.0,0.0013962
RDN/BTC,1563433489445,2019-07-18T07:04:49.445Z,sell,2.327e-05,60.0,0.0013962
RDN/BTC,1563433490635,2019-07-18T07:04:50.635Z,sell,2.328e-05,60.0,0.0013968
RDN/BTC,1563433535522,2019-07-18T07:05:35.522Z,buy,2.342e-05,32.0,0.00074944
RDN/BTC,1563433581682,2019-07-18T07:06:21.682Z,buy,2.342e-05,260.0,0.0060891999999999
RDN/BTC,1563433581682,2019-07-18T07:06:21.682Z,buy,2.343e-05,1487.0,0.03484041
RDN/BTC,1563433581707,2019-07-18T07:06:21.707Z,sell,2.343e-05,328.0,0.00768504
RDN/BTC,1563433581758,2019-07-18T07:06:21.758Z,sell,2.343e-05,24.0,0.00056232
RDN/BTC,1563433581839,2019-07-18T07:06:21.839Z,sell,2.343e-05,15.0,0.00035145
RDN/BTC,1563433582400,2019-07-18T07:06:22.400Z,sell,2.343e-05,539.0,0.01262877
RDN/BTC,1563433582427,2019-07-18T07:06:22.427Z,sell,2.343e-05,499.0,0.01169157
RDN/BTC,1563433582971,2019-07-18T07:06:22.971Z,sell,2.343e-05,79.0,0.00185097
RDN/BTC,1563433583239,2019-07-18T07:06:23.239Z,sell,2.343e-05,362.0,0.00848166
RDN/BTC,1563433583244,2019-07-18T07:06:23.244Z,sell,2.343e-05,263.0,0.00616209
RDN/BTC,1563433585647,2019-07-18T07:06:25.647Z,buy,2.345e-05,128.0,0.0030016
RDN/BTC,1563433605566,2019-07-18T07:06:45.566Z,buy,2.345e-05,127.0,0.00297815
RDN/BTC,1563433605566,2019-07-18T07:06:45.566Z,buy,2.348e-05,265.0,0.0062222
RDN/BTC,1563433605566,2019-07-18T07:06:45.566Z,buy,2.35e-05,660.0,0.01551
RDN/BTC,1563433608918,2019-07-18T07:06:48.918Z,buy,2.35e-05,661.0,0.0155334999999999
RDN/BTC,1563433608918,2019-07-18T07:06:48.918Z,buy,2.359e-05,126.0,0.00297234
RDN/BTC,1563433613383,2019-07-18T07:06:53.383Z,buy,2.358e-05,340.0,0.0080172
RDN/BTC,1563433613383,2019-07-18T07:06:53.383Z,buy,2.36e-05,248.0,0.0058528
RDN/BTC,1563433677364,2019-07-18T07:07:57.364Z,sell,2.344e-05,52.0,0.0012188799999999
RDN/BTC,1563433680606,2019-07-18T07:08:00.606Z,sell,2.344e-05,74.0,0.00173456
RDN/BTC,1563433697879,2019-07-18T07:08:17.879Z,sell,2.346e-05,12.0,0.00028152
RDN/BTC,1563433862024,2019-07-18T07:11:02.024Z,sell,2.347e-05,42.0,0.00098574
RDN/BTC,1563433875633,2019-07-18T07:11:15.633Z,buy,2.355e-05,85.0,0.00200175
RDN/BTC,1563433941902,2019-07-18T07:12:21.902Z,sell,2.347e-05,35.0,0.00082145
RDN/BTC,1563433960836,2019-07-18T07:12:40.836Z,buy,2.339e-05,43.0,0.00100577
RDN/BTC,1563433961211,2019-07-18T07:12:41.211Z,sell,2.348e-05,245.0,0.0057526
RDN/BTC,1563433969583,2019-07-18T07:12:49.583Z,sell,2.348e-05,722.0,0.01695256
RDN/BTC,1563433984507,2019-07-18T07:13:04.507Z,sell,2.348e-05,77.0,0.00180796
RDN/BTC,1563434008374,2019-07-18T07:13:28.374Z,sell,2.347e-05,722.0,0.01694534
RDN/BTC,1563434073184,2019-07-18T07:14:33.184Z,sell,2.333e-05,448.0,0.0104518399999999
RDN/BTC,1563434128513,2019-07-18T07:15:28.513Z,sell,2.331e-05,533.0,0.01242423
RDN/BTC,1563434128513,2019-07-18T07:15:28.513Z,sell,2.331e-05,1160.0,0.0270395999999999
RDN/BTC,1563434128513,2019-07-18T07:15:28.513Z,sell,2.33e-05,263.0,0.0061279
RDN/BTC,1563434128513,2019-07-18T07:15:28.513Z,sell,2.327e-05,266.0,0.0061898199999999
RDN/BTC,1563434128782,2019-07-18T07:15:28.782Z,buy,2.326e-05,1987.0,0.04621762
RDN/BTC,1563434160723,2019-07-18T07:16:00.723Z,buy,2.33e-05,60.0,0.001398
RDN/BTC,1563434189389,2019-07-18T07:16:29.389Z,buy,2.32e-05,14.0,0.0003248
RDN/BTC,1563434189490,2019-07-18T07:16:29.490Z,buy,2.32e-05,14.0,0.0003248
RDN/BTC,1563434189590,2019-07-18T07:16:29.590Z,buy,2.32e-05,14.0,0.0003248
RDN/BTC,1563434189702,2019-07-18T07:16:29.702Z,buy,2.32e-05,14.0,0.0003248
RDN/BTC,1563434189818,2019-07-18T07:16:29.818Z,buy,2.32e-05,14.0,0.0003248
RDN/BTC,1563434189924,2019-07-18T07:16:29.924Z,buy,2.32e-05,14.0,0.0003248
RDN/BTC,1563434190121,2019-07-18T07:16:30.121Z,buy,2.32e-05,14.0,0.0003248
RDN/BTC,1563434190212,2019-07-18T07:16:30.212Z,buy,2.32e-05,14.0,0.0003248
RDN/BTC,1563434190312,2019-07-18T07:16:30.312Z,buy,2.32e-05,14.0,0.0003248
RDN/BTC,1563434200960,2019-07-18T07:16:40.960Z,buy,2.316e-05,6.0,0.0001389599999999
RDN/BTC,1563434365934,2019-07-18T07:19:25.934Z,sell,2.315e-05,64.0,0.0014816
RDN/BTC,1563434365934,2019-07-18T07:19:25.934Z,sell,2.314e-05,344.0,0.0079601599999999
RDN/BTC,1563434365934,2019-07-18T07:19:25.934Z,sell,2.313e-05,993.0,0.02296809
RDN/BTC,1563434365934,2019-07-18T07:19:25.934Z,sell,2.313e-05,412.0,0.00952956
RDN/BTC,1563434365934,2019-07-18T07:19:25.934Z,sell,2.312e-05,5.0,0.0001155999999999
RDN/BTC,1563434365934,2019-07-18T07:19:25.934Z,sell,2.311e-05,174.0,0.00402114
RDN/BTC,1563434365934,2019-07-18T07:19:25.934Z,sell,2.31e-05,1448.0,0.0334488
RDN/BTC,1563434648716,2019-07-18T07:24:08.716Z,sell,2.311e-05,344.0,0.00794984
RDN/BTC,1563434648716,2019-07-18T07:24:08.716Z,sell,2.31e-05,856.0,0.0197736
RDN/BTC,1563434659664,2019-07-18T07:24:19.664Z,buy,2.32e-05,1157.0,0.0268424
RDN/BTC,1563434768683,2019-07-18T07:26:08.683Z,buy,2.324e-05,12.0,0.00027888
RDN/BTC,1563434771485,2019-07-18T07:26:11.485Z,buy,2.327e-05,100.0,0.002327
RDN/BTC,1563434780790,2019-07-18T07:26:20.790Z,buy,2.325e-05,306.0,0.0071145
RDN/BTC,1563434796221,2019-07-18T07:26:36.221Z,buy,2.322e-05,19.0,0.00044118
RDN/BTC,1563434843942,2019-07-18T07:27:23.942Z,sell,2.314e-05,6.0,0.00013884
RDN/BTC,1563435023298,2019-07-18T07:30:23.298Z,buy,2.327e-05,154.0,0.00358358
RDN/BTC,1563435030782,2019-07-18T07:30:30.782Z,buy,2.331e-05,5.0,0.0001165499999999
RDN/BTC,1563435036708,2019-07-18T07:30:36.708Z,buy,2.333e-05,134.0,0.00312622
RDN/BTC,1563435125164,2019-07-18T07:32:05.164Z,sell,2.333e-05,40.0,0.0009331999999999
RDN/BTC,1563435125164,2019-07-18T07:32:05.164Z,sell,2.328e-05,278.0,0.00647184
RDN/BTC,1563435125164,2019-07-18T07:32:05.164Z,sell,2.327e-05,1015.0,0.02361905
RDN/BTC,1563435260512,2019-07-18T07:34:20.512Z,sell,2.327e-05,139.0,0.00323453
RDN/BTC,1563435346713,2019-07-18T07:35:46.713Z,buy,2.335e-05,543.0,0.0126790499999999
RDN/BTC,1563435346713,2019-07-18T07:35:46.713Z,buy,2.336e-05,135.0,0.0031536
RDN/BTC,1563435374388,2019-07-18T07:36:14.388Z,buy,2.336e-05,373.0,0.00871328
RDN/BTC,1563435374388,2019-07-18T07:36:14.388Z,buy,2.337e-05,799.0,0.01867263
RDN/BTC,1563435374534,2019-07-18T07:36:14.534Z,sell,2.337e-05,100.0,0.002337
RDN/BTC,1563435384991,2019-07-18T07:36:24.991Z,buy,2.345e-05,776.0,0.0181972
RDN/BTC,1563435402221,2019-07-18T07:36:42.221Z,buy,2.348e-05,433.0,0.01016684
RDN/BTC,1563435402269,2019-07-18T07:36:42.269Z,sell,2.348e-05,95.0,0.0022305999999999
RDN/BTC,1563435402709,2019-07-18T07:36:42.709Z,buy,2.348e-05,167.0,0.00392116
RDN/BTC,1563435441634,2019-07-18T07:37:21.634Z,buy,2.348e-05,1122.0,0.02634456
RDN/BTC,1563435441634,2019-07-18T07:37:21.634Z,buy,2.35e-05,5.0,0.0001175
RDN/BTC,1563435441675,2019-07-18T07:37:21.675Z,sell,2.35e-05,20.0,0.00047
RDN/BTC,1563435442156,2019-07-18T07:37:22.156Z,sell,2.351e-05,181.0,0.00425531
RDN/BTC,1563435442466,2019-07-18T07:37:22.466Z,sell,2.351e-05,49.0,0.00115199
RDN/BTC,1563435442985,2019-07-18T07:37:22.985Z,sell,2.352e-05,60.0,0.0014111999999999
RDN/BTC,1563435443173,2019-07-18T07:37:23.173Z,sell,2.352e-05,20.0,0.0004703999999999
RDN/BTC,1563435443242,2019-07-18T07:37:23.242Z,sell,2.352e-05,170.0,0.0039984
RDN/BTC,1563435443244,2019-07-18T07:37:23.244Z,buy,2.353e-05,499.0,0.01174147
RDN/BTC,1563435443473,2019-07-18T07:37:23.473Z,sell,2.353e-05,160.0,0.0037648
RDN/BTC,1563435443524,2019-07-18T07:37:23.524Z,sell,2.354e-05,58.0,0.00136532
RDN/BTC,1563435443536,2019-07-18T07:37:23.536Z,sell,2.354e-05,84.0,0.00197736
RDN/BTC,1563435443553,2019-07-18T07:37:23.553Z,sell,2.354e-05,134.0,0.00315436
RDN/BTC,1563435443553,2019-07-18T07:37:23.553Z,sell,2.353e-05,121.0,0.00284713
RDN/BTC,1563435443894,2019-07-18T07:37:23.894Z,sell,2.353e-05,67.0,0.00157651
RDN/BTC,1563435443894,2019-07-18T07:37:23.894Z,sell,2.35e-05,34.0,0.0007989999999999
RDN/BTC,1563435457122,2019-07-18T07:37:37.122Z,buy,2.355e-05,21.0,0.00049455
RDN/BTC,1563435457243,2019-07-18T07:37:37.243Z,sell,2.355e-05,10.0,0.0002355
RDN/BTC,1563435457696,2019-07-18T07:37:37.696Z,sell,2.355e-05,5.0,0.00011775
RDN/BTC,1563435464028,2019-07-18T07:37:44.028Z,sell,2.355e-05,849.0,0.01999395
RDN/BTC,1563435464074,2019-07-18T07:37:44.074Z,sell,2.355e-05,908.0,0.0213834
RDN/BTC,1563435466904,2019-07-18T07:37:46.904Z,sell,2.355e-05,25.0,0.00058875
RDN/BTC,1563435471133,2019-07-18T07:37:51.133Z,sell,2.355e-05,331.0,0.0077950499999999
