symbol,timestamp,datetime,side,price,amount,btc_volume
RDN/BTC,1556467908114,2019-04-28T16:11:48.114Z,buy,5.349e-05,22.0,0.0011767799999999
RDN/BTC,1556468332348,2019-04-28T16:18:52.348Z,sell,5.32e-05,30.0,0.001596
RDN/BTC,1556468332348,2019-04-28T16:18:52.348Z,sell,5.319e-05,224.0,0.01191456
RDN/BTC,1556468332348,2019-04-28T16:18:52.348Z,sell,5.317e-05,150.0,0.0079755
RDN/BTC,1556468333349,2019-04-28T16:18:53.349Z,sell,5.318e-05,67.0,0.00356306
RDN/BTC,1556468333349,2019-04-28T16:18:53.349Z,sell,5.317e-05,38.0,0.00202046
RDN/BTC,1556468333349,2019-04-28T16:18:53.349Z,sell,5.312e-05,80.0,0.0042496
RDN/BTC,1556468464737,2019-04-28T16:21:04.737Z,buy,5.339e-05,374.0,0.01996786
RDN/BTC,1556468474311,2019-04-28T16:21:14.311Z,buy,5.339e-05,47.0,0.00250933
RDN/BTC,1556468480176,2019-04-28T16:21:20.176Z,buy,5.339e-05,21.0,0.00112119
RDN/BTC,1556468547142,2019-04-28T16:22:27.142Z,sell,5.318e-05,96.0,0.00510528
RDN/BTC,1556468547142,2019-04-28T16:22:27.142Z,sell,5.317e-05,98.0,0.00521066
RDN/BTC,1556468547142,2019-04-28T16:22:27.142Z,sell,5.316e-05,395.0,0.0209981999999999
RDN/BTC,1556468807904,2019-04-28T16:26:47.904Z,sell,5.317e-05,270.0,0.0143559
RDN/BTC,1556470006762,2019-04-28T16:46:46.762Z,buy,5.332e-05,21.0,0.00111972
RDN/BTC,1556470207224,2019-04-28T16:50:07.224Z,buy,5.331e-05,375.0,0.01999125
RDN/BTC,1556470207324,2019-04-28T16:50:07.324Z,buy,5.331e-05,75.0,0.00399825
RDN/BTC,1556470207359,2019-04-28T16:50:07.359Z,buy,5.331e-05,52.0,0.00277212
RDN/BTC,1556470207873,2019-04-28T16:50:07.873Z,buy,5.331e-05,441.0,0.02350971
RDN/BTC,1556470484597,2019-04-28T16:54:44.597Z,buy,5.332e-05,351.0,0.01871532
RDN/BTC,1556470484597,2019-04-28T16:54:44.597Z,buy,5.332e-05,351.0,0.01871532
RDN/BTC,1556470772610,2019-04-28T16:59:32.610Z,sell,5.332e-05,25.0,0.001333
RDN/BTC,1556470778162,2019-04-28T16:59:38.162Z,sell,5.319e-05,25.0,0.00132975
RDN/BTC,1556470815951,2019-04-28T17:00:15.951Z,sell,5.323e-05,19.0,0.00101137
RDN/BTC,1556470815951,2019-04-28T17:00:15.951Z,sell,5.319e-05,5.0,0.00026595
RDN/BTC,1556470815951,2019-04-28T17:00:15.951Z,sell,5.317e-05,502.0,0.02669134
RDN/BTC,1556470865330,2019-04-28T17:01:05.330Z,sell,5.317e-05,25.0,0.00132925
RDN/BTC,1556471385095,2019-04-28T17:09:45.095Z,sell,5.318e-05,19.0,0.00101042
RDN/BTC,1556471385095,2019-04-28T17:09:45.095Z,sell,5.317e-05,166.0,0.00882622
RDN/BTC,1556471456940,2019-04-28T17:10:56.940Z,sell,5.328e-05,36.0,0.00191808
RDN/BTC,1556471456940,2019-04-28T17:10:56.940Z,sell,5.317e-05,309.0,0.01642953
RDN/BTC,1556471459575,2019-04-28T17:10:59.575Z,sell,5.317e-05,283.0,0.01504711
RDN/BTC,1556471459575,2019-04-28T17:10:59.575Z,sell,5.316e-05,21.0,0.00111636
RDN/BTC,1556471459575,2019-04-28T17:10:59.575Z,sell,5.308e-05,27.0,0.00143316
RDN/BTC,1556471459575,2019-04-28T17:10:59.575Z,sell,5.307e-05,169.0,0.00896883
RDN/BTC,1556471484367,2019-04-28T17:11:24.367Z,buy,5.309e-05,275.0,0.01459975
RDN/BTC,1556472012207,2019-04-28T17:20:12.207Z,buy,5.317e-05,101.0,0.00537017
RDN/BTC,1556472053966,2019-04-28T17:20:53.966Z,sell,5.331e-05,38.0,0.00202578
RDN/BTC,1556472254162,2019-04-28T17:24:14.162Z,buy,5.337e-05,65.0,0.00346905
RDN/BTC,1556472254162,2019-04-28T17:24:14.162Z,buy,5.338e-05,201.0,0.01072938
RDN/BTC,1556472254162,2019-04-28T17:24:14.162Z,buy,5.339e-05,241.0,0.01286699
RDN/BTC,1556472410860,2019-04-28T17:26:50.860Z,buy,5.351e-05,654.0,0.03499554
RDN/BTC,1556472468127,2019-04-28T17:27:48.127Z,buy,5.341e-05,289.0,0.01543549
RDN/BTC,1556473169899,2019-04-28T17:39:29.899Z,buy,5.331e-05,892.0,0.04755252
RDN/BTC,1556473169899,2019-04-28T17:39:29.899Z,buy,5.331e-05,3.0,0.00015993
RDN/BTC,1556473169904,2019-04-28T17:39:29.904Z,buy,5.332e-05,677.0,0.03609764
RDN/BTC,1556473169936,2019-04-28T17:39:29.936Z,buy,5.332e-05,72.0,0.0038390399999999
RDN/BTC,1556473169952,2019-04-28T17:39:29.952Z,buy,5.332e-05,5.0,0.0002666
RDN/BTC,1556473169952,2019-04-28T17:39:29.952Z,buy,5.334e-05,557.0,0.02971038
RDN/BTC,1556473170016,2019-04-28T17:39:30.016Z,buy,5.334e-05,562.0,0.02997708
RDN/BTC,1556473170068,2019-04-28T17:39:30.068Z,buy,5.334e-05,562.0,0.02997708
RDN/BTC,1556473170068,2019-04-28T17:39:30.068Z,buy,5.334e-05,24.0,0.00128016
RDN/BTC,1556473170100,2019-04-28T17:39:30.100Z,buy,5.334e-05,562.0,0.02997708
RDN/BTC,1556473170153,2019-04-28T17:39:30.153Z,buy,5.334e-05,562.0,0.02997708
RDN/BTC,1556473170166,2019-04-28T17:39:30.166Z,buy,5.334e-05,215.0,0.0114681
RDN/BTC,1556473170202,2019-04-28T17:39:30.202Z,buy,5.334e-05,562.0,0.02997708
RDN/BTC,1556473170262,2019-04-28T17:39:30.262Z,buy,5.334e-05,562.0,0.02997708
RDN/BTC,1556473170292,2019-04-28T17:39:30.292Z,buy,5.334e-05,215.0,0.0114681
RDN/BTC,1556473170314,2019-04-28T17:39:30.314Z,buy,5.334e-05,562.0,0.02997708
RDN/BTC,1556473170340,2019-04-28T17:39:30.340Z,buy,5.334e-05,215.0,0.0114681
RDN/BTC,1556473170495,2019-04-28T17:39:30.495Z,buy,5.334e-05,1394.0,0.07435596
RDN/BTC,1556473179355,2019-04-28T17:39:39.355Z,sell,5.311e-05,56.0,0.00297416
RDN/BTC,1556473196281,2019-04-28T17:39:56.281Z,sell,5.315e-05,287.0,0.01525405
RDN/BTC,1556473196281,2019-04-28T17:39:56.281Z,sell,5.314e-05,577.0,0.03066178
RDN/BTC,1556473196281,2019-04-28T17:39:56.281Z,sell,5.313e-05,332.0,0.01763916
RDN/BTC,1556473196281,2019-04-28T17:39:56.281Z,sell,5.312e-05,374.0,0.01986688
RDN/BTC,1556473492991,2019-04-28T17:44:52.991Z,sell,5.314e-05,281.0,0.01493234
RDN/BTC,1556473501118,2019-04-28T17:45:01.118Z,sell,5.314e-05,100.0,0.005314
RDN/BTC,1556473558603,2019-04-28T17:45:58.603Z,buy,5.338e-05,310.0,0.0165478
RDN/BTC,1556473572945,2019-04-28T17:46:12.945Z,buy,5.338e-05,21.0,0.00112098
RDN/BTC,1556473595846,2019-04-28T17:46:35.846Z,sell,5.314e-05,281.0,0.01493234
RDN/BTC,1556473967949,2019-04-28T17:52:47.949Z,sell,5.322e-05,330.0,0.0175626
RDN/BTC,1556473967949,2019-04-28T17:52:47.949Z,sell,5.322e-05,330.0,0.0175626
RDN/BTC,1556474449695,2019-04-28T18:00:49.695Z,sell,5.322e-05,237.0,0.01261314
RDN/BTC,1556474887420,2019-04-28T18:08:07.420Z,buy,5.334e-05,31.0,0.00165354
RDN/BTC,1556475048218,2019-04-28T18:10:48.218Z,buy,5.315e-05,40.0,0.002126
RDN/BTC,1556475802297,2019-04-28T18:23:22.297Z,sell,5.312e-05,236.0,0.01253632
RDN/BTC,1556477059042,2019-04-28T18:44:19.042Z,sell,5.317e-05,134.0,0.00712478
RDN/BTC,1556477219140,2019-04-28T18:46:59.140Z,buy,5.351e-05,21.0,0.00112371
RDN/BTC,1556477219166,2019-04-28T18:46:59.166Z,sell,5.351e-05,407.0,0.02177857
RDN/BTC,1556477472458,2019-04-28T18:51:12.458Z,buy,5.316e-05,40.0,0.0021264
RDN/BTC,1556477472458,2019-04-28T18:51:12.458Z,buy,5.316e-05,40.0,0.0021264
RDN/BTC,1556479223066,2019-04-28T19:20:23.066Z,sell,5.31e-05,57.0,0.0030267
RDN/BTC,1556479223066,2019-04-28T19:20:23.066Z,sell,5.308e-05,228.0,0.01210224
RDN/BTC,1556479252447,2019-04-28T19:20:52.447Z,sell,5.309e-05,376.0,0.01996184
RDN/BTC,1556479252447,2019-04-28T19:20:52.447Z,sell,5.308e-05,1617.0,0.08583036
RDN/BTC,1556479255161,2019-04-28T19:20:55.161Z,buy,5.306e-05,60.0,0.0031836
RDN/BTC,1556479255482,2019-04-28T19:20:55.482Z,buy,5.306e-05,376.0,0.01995056
RDN/BTC,1556479255896,2019-04-28T19:20:55.896Z,buy,5.306e-05,52.0,0.00275912
RDN/BTC,1556479256672,2019-04-28T19:20:56.672Z,buy,5.306e-05,139.0,0.0073753399999999
RDN/BTC,1556479257596,2019-04-28T19:20:57.596Z,buy,5.306e-05,11.0,0.00058366
RDN/BTC,1556479257596,2019-04-28T19:20:57.596Z,buy,5.307e-05,47.0,0.00249429
RDN/BTC,1556479259317,2019-04-28T19:20:59.317Z,buy,5.312e-05,23.0,0.00122176
RDN/BTC,1556479268173,2019-04-28T19:21:08.173Z,sell,5.308e-05,376.0,0.01995808
RDN/BTC,1556479268173,2019-04-28T19:21:08.173Z,sell,5.304e-05,302.0,0.01601808
RDN/BTC,1556479268173,2019-04-28T19:21:08.173Z,sell,5.303e-05,404.0,0.0214241199999999
RDN/BTC,1556479268173,2019-04-28T19:21:08.173Z,sell,5.301e-05,19.0,0.00100719
RDN/BTC,1556479268173,2019-04-28T19:21:08.173Z,sell,5.3e-05,257.0,0.013621
RDN/BTC,1556479268173,2019-04-28T19:21:08.173Z,sell,5.29e-05,152.0,0.0080407999999999
RDN/BTC,1556479268201,2019-04-28T19:21:08.201Z,buy,5.29e-05,500.0,0.0264499999999999
RDN/BTC,1556479268219,2019-04-28T19:21:08.219Z,buy,5.29e-05,362.0,0.0191497999999999
RDN/BTC,1556479268225,2019-04-28T19:21:08.225Z,buy,5.29e-05,24.0,0.0012696
RDN/BTC,1556479268260,2019-04-28T19:21:08.260Z,buy,5.29e-05,405.0,0.0214245
RDN/BTC,1556479268377,2019-04-28T19:21:08.377Z,buy,5.29e-05,75.0,0.0039675
RDN/BTC,1556479268595,2019-04-28T19:21:08.595Z,sell,5.289e-05,33.0,0.00174537
RDN/BTC,1556479269209,2019-04-28T19:21:09.209Z,buy,5.29e-05,152.0,0.0080407999999999
RDN/BTC,1556479269209,2019-04-28T19:21:09.209Z,buy,5.3e-05,349.0,0.018497
RDN/BTC,1556479269225,2019-04-28T19:21:09.225Z,buy,5.3e-05,71.0,0.003763
RDN/BTC,1556479269599,2019-04-28T19:21:09.599Z,buy,5.3e-05,74.0,0.003922
RDN/BTC,1556479270322,2019-04-28T19:21:10.322Z,buy,5.3e-05,87.0,0.004611
RDN/BTC,1556479271278,2019-04-28T19:21:11.278Z,sell,5.285e-05,55.0,0.00290675
RDN/BTC,1556479271278,2019-04-28T19:21:11.278Z,sell,5.284e-05,21.0,0.00110964
RDN/BTC,1556479271291,2019-04-28T19:21:11.291Z,buy,5.3e-05,30.0,0.00159
RDN/BTC,1556479272977,2019-04-28T19:21:12.977Z,sell,5.296e-05,350.0,0.018536
RDN/BTC,1556479273054,2019-04-28T19:21:13.054Z,buy,5.308e-05,113.0,0.00599804
RDN/BTC,1556479273054,2019-04-28T19:21:13.054Z,buy,5.31e-05,18.0,0.0009558
RDN/BTC,1556479274402,2019-04-28T19:21:14.402Z,sell,5.284e-05,96.0,0.00507264
RDN/BTC,1556479278341,2019-04-28T19:21:18.341Z,buy,5.306e-05,83.0,0.00440398
RDN/BTC,1556479279323,2019-04-28T19:21:19.323Z,buy,5.306e-05,45.0,0.0023877
RDN/BTC,1556479280165,2019-04-28T19:21:20.165Z,buy,5.306e-05,30.0,0.0015918
RDN/BTC,1556479361695,2019-04-28T19:22:41.695Z,buy,5.306e-05,93.0,0.00493458
RDN/BTC,1556479362313,2019-04-28T19:22:42.313Z,buy,5.306e-05,95.0,0.0050406999999999
RDN/BTC,1556479363596,2019-04-28T19:22:43.596Z,buy,5.306e-05,17.0,0.0009020199999999
RDN/BTC,1556479395124,2019-04-28T19:23:15.124Z,buy,5.313e-05,35.0,0.00185955
RDN/BTC,1556479455405,2019-04-28T19:24:15.405Z,buy,5.312e-05,83.0,0.00440896
RDN/BTC,1556479455405,2019-04-28T19:24:15.405Z,buy,5.313e-05,83.0,0.00440979
RDN/BTC,1556480145997,2019-04-28T19:35:45.997Z,sell,5.3e-05,92.0,0.004876
RDN/BTC,1556480146277,2019-04-28T19:35:46.277Z,sell,5.297e-05,73.0,0.00386681
RDN/BTC,1556480160115,2019-04-28T19:36:00.115Z,buy,5.315e-05,659.0,0.03502585
RDN/BTC,1556480160115,2019-04-28T19:36:00.115Z,buy,5.316e-05,1037.0,0.0551269199999999
RDN/BTC,1556480160115,2019-04-28T19:36:00.115Z,buy,5.325e-05,1149.0,0.06118425
RDN/BTC,1556480160115,2019-04-28T19:36:00.115Z,buy,5.353e-05,303.0,0.01621959
RDN/BTC,1556480160115,2019-04-28T19:36:00.115Z,buy,5.354e-05,554.0,0.02966116
RDN/BTC,1556480160115,2019-04-28T19:36:00.115Z,buy,5.355e-05,317.0,0.01697535
RDN/BTC,1556480398812,2019-04-28T19:39:58.812Z,sell,5.31e-05,391.0,0.0207621
RDN/BTC,1556480404797,2019-04-28T19:40:04.797Z,buy,5.343e-05,74.0,0.00395382
RDN/BTC,1556480404828,2019-04-28T19:40:04.828Z,buy,5.343e-05,74.0,0.00395382
RDN/BTC,1556480405029,2019-04-28T19:40:05.029Z,buy,5.343e-05,1.0,5.343e-05
RDN/BTC,1556480405029,2019-04-28T19:40:05.029Z,buy,5.348e-05,27.0,0.00144396
RDN/BTC,1556480405399,2019-04-28T19:40:05.399Z,buy,5.345e-05,74.0,0.0039553
RDN/BTC,1556480405796,2019-04-28T19:40:05.796Z,buy,5.345e-05,74.0,0.0039553
RDN/BTC,1556480406202,2019-04-28T19:40:06.202Z,buy,5.348e-05,74.0,0.00395752
RDN/BTC,1556480407010,2019-04-28T19:40:07.010Z,buy,5.348e-05,74.0,0.00395752
RDN/BTC,1556480407087,2019-04-28T19:40:07.087Z,buy,5.348e-05,16.0,0.00085568
RDN/BTC,1556480407132,2019-04-28T19:40:07.132Z,sell,5.348e-05,58.0,0.00310184
RDN/BTC,1556480407451,2019-04-28T19:40:07.451Z,buy,5.346e-05,58.0,0.00310068
RDN/BTC,1556480407896,2019-04-28T19:40:07.896Z,sell,5.346e-05,16.0,0.00085536
RDN/BTC,1556480407922,2019-04-28T19:40:07.922Z,buy,5.345e-05,21.0,0.0011224499999999
RDN/BTC,1556480407949,2019-04-28T19:40:07.949Z,sell,5.347e-05,238.0,0.01272586
RDN/BTC,1556480408570,2019-04-28T19:40:08.570Z,buy,5.348e-05,58.0,0.00310184
RDN/BTC,1556480408570,2019-04-28T19:40:08.570Z,buy,5.349e-05,53.0,0.00283497
RDN/BTC,1556480408849,2019-04-28T19:40:08.849Z,sell,5.347e-05,30.0,0.0016041
RDN/BTC,1556480409090,2019-04-28T19:40:09.090Z,sell,5.347e-05,51.0,0.00272697
RDN/BTC,1556480409355,2019-04-28T19:40:09.355Z,sell,5.348e-05,30.0,0.0016044
RDN/BTC,1556480409827,2019-04-28T19:40:09.827Z,sell,5.348e-05,60.0,0.0032088
RDN/BTC,1556480412541,2019-04-28T19:40:12.541Z,buy,5.361e-05,97.0,0.00520017
RDN/BTC,1556480419706,2019-04-28T19:40:19.706Z,sell,5.354e-05,27.0,0.00144558
RDN/BTC,1556480422558,2019-04-28T19:40:22.558Z,buy,5.36e-05,373.0,0.0199928
RDN/BTC,1556480425575,2019-04-28T19:40:25.575Z,buy,5.362e-05,372.0,0.0199466399999999
RDN/BTC,1556480427819,2019-04-28T19:40:27.819Z,sell,5.359e-05,40.0,0.0021436
RDN/BTC,1556480428526,2019-04-28T19:40:28.526Z,sell,5.36e-05,40.0,0.002144
RDN/BTC,1556480428828,2019-04-28T19:40:28.828Z,sell,5.36e-05,156.0,0.0083616
RDN/BTC,1556480429477,2019-04-28T19:40:29.477Z,sell,5.361e-05,136.0,0.0072909599999999
RDN/BTC,1556480429477,2019-04-28T19:40:29.477Z,sell,5.36e-05,20.0,0.001072
RDN/BTC,1556480429629,2019-04-28T19:40:29.629Z,sell,5.36e-05,186.0,0.0099696
RDN/BTC,1556480429908,2019-04-28T19:40:29.908Z,sell,5.36e-05,156.0,0.0083616
RDN/BTC,1556480430377,2019-04-28T19:40:30.377Z,sell,5.36e-05,156.0,0.0083616
RDN/BTC,1556480430857,2019-04-28T19:40:30.857Z,sell,5.361e-05,89.0,0.00477129
RDN/BTC,1556480430857,2019-04-28T19:40:30.857Z,sell,5.36e-05,67.0,0.0035912
RDN/BTC,1556480431566,2019-04-28T19:40:31.566Z,sell,5.36e-05,156.0,0.0083616
RDN/BTC,1556480432717,2019-04-28T19:40:32.717Z,sell,5.36e-05,156.0,0.0083616
RDN/BTC,1556480433856,2019-04-28T19:40:33.856Z,sell,5.36e-05,156.0,0.0083616
RDN/BTC,1556480434218,2019-04-28T19:40:34.218Z,sell,5.36e-05,280.0,0.015008
RDN/BTC,1556480443302,2019-04-28T19:40:43.302Z,buy,5.35e-05,74.0,0.003959
RDN/BTC,1556480443605,2019-04-28T19:40:43.605Z,buy,5.35e-05,74.0,0.003959
RDN/BTC,1556480467347,2019-04-28T19:41:07.347Z,sell,5.324e-05,149.0,0.00793276
RDN/BTC,1556480479644,2019-04-28T19:41:19.644Z,sell,5.325e-05,35.0,0.00186375
RDN/BTC,1556480497371,2019-04-28T19:41:37.371Z,sell,5.332e-05,93.0,0.0049587599999999
RDN/BTC,1556480497371,2019-04-28T19:41:37.371Z,sell,5.331e-05,52.0,0.00277212
RDN/BTC,1556480497423,2019-04-28T19:41:37.423Z,sell,5.331e-05,75.0,0.00399825
RDN/BTC,1556480497423,2019-04-28T19:41:37.423Z,sell,5.331e-05,75.0,0.00399825
RDN/BTC,1556481198560,2019-04-28T19:53:18.560Z,sell,5.32e-05,590.0,0.031388
RDN/BTC,1556481198560,2019-04-28T19:53:18.560Z,sell,5.318e-05,56.0,0.00297808
RDN/BTC,1556481201564,2019-04-28T19:53:21.564Z,sell,5.317e-05,391.0,0.02078947
RDN/BTC,1556481204571,2019-04-28T19:53:24.571Z,sell,5.306e-05,338.0,0.01793428
RDN/BTC,1556481258541,2019-04-28T19:54:18.541Z,buy,5.311e-05,25.0,0.00132775
RDN/BTC,1556481259159,2019-04-28T19:54:19.159Z,sell,5.306e-05,99.0,0.0052529399999999
RDN/BTC,1556481269243,2019-04-28T19:54:29.243Z,buy,5.307e-05,40.0,0.0021227999999999
RDN/BTC,1556481270281,2019-04-28T19:54:30.281Z,buy,5.307e-05,40.0,0.0021227999999999
RDN/BTC,1556481285771,2019-04-28T19:54:45.771Z,sell,5.306e-05,376.0,0.01995056
RDN/BTC,1556481286375,2019-04-28T19:54:46.375Z,buy,5.306e-05,129.0,0.0068447399999999
RDN/BTC,1556481286599,2019-04-28T19:54:46.599Z,buy,5.306e-05,254.0,0.01347724
RDN/BTC,1556481288101,2019-04-28T19:54:48.101Z,buy,5.305e-05,24.0,0.0012732
RDN/BTC,1556481288101,2019-04-28T19:54:48.101Z,buy,5.307e-05,13.0,0.00068991
RDN/BTC,1556481474137,2019-04-28T19:57:54.137Z,buy,5.308e-05,93.0,0.00493644
RDN/BTC,1556481745617,2019-04-28T20:02:25.617Z,sell,5.307e-05,603.0,0.03200121
RDN/BTC,1556481745617,2019-04-28T20:02:25.617Z,sell,5.305e-05,1152.0,0.0611136
RDN/BTC,1556481790703,2019-04-28T20:03:10.703Z,sell,5.307e-05,579.0,0.03072753
RDN/BTC,1556481790703,2019-04-28T20:03:10.703Z,sell,5.306e-05,376.0,0.01995056
RDN/BTC,1556481790703,2019-04-28T20:03:10.703Z,sell,5.301e-05,545.0,0.02889045
RDN/BTC,1556482109979,2019-04-28T20:08:29.979Z,sell,5.306e-05,268.0,0.01422008
RDN/BTC,1556482176183,2019-04-28T20:09:36.183Z,sell,5.301e-05,100.0,0.005301
RDN/BTC,1556482200814,2019-04-28T20:10:00.814Z,sell,5.3e-05,31.0,0.001643
RDN/BTC,1556482200814,2019-04-28T20:10:00.814Z,sell,5.299e-05,525.0,0.02781975
RDN/BTC,1556482202341,2019-04-28T20:10:02.341Z,sell,5.3e-05,31.0,0.001643
RDN/BTC,1556482203867,2019-04-28T20:10:03.867Z,sell,5.3e-05,31.0,0.001643
RDN/BTC,1556482206866,2019-04-28T20:10:06.866Z,sell,5.3e-05,31.0,0.001643
RDN/BTC,1556482206866,2019-04-28T20:10:06.866Z,sell,5.299e-05,1.0,5.299e-05
RDN/BTC,1556482208395,2019-04-28T20:10:08.395Z,sell,5.3e-05,31.0,0.001643
RDN/BTC,1556482213041,2019-04-28T20:10:13.041Z,sell,5.3e-05,31.0,0.001643
RDN/BTC,1556482214574,2019-04-28T20:10:14.574Z,sell,5.3e-05,31.0,0.001643
RDN/BTC,1556482216102,2019-04-28T20:10:16.102Z,sell,5.3e-05,31.0,0.001643
RDN/BTC,1556482296754,2019-04-28T20:11:36.754Z,sell,5.301e-05,31.0,0.00164331
RDN/BTC,1556482296849,2019-04-28T20:11:36.849Z,sell,5.3e-05,61.0,0.003233
RDN/BTC,1556482298277,2019-04-28T20:11:38.277Z,sell,5.298e-05,31.0,0.00164238
RDN/BTC,1556482298364,2019-04-28T20:11:38.364Z,sell,5.288e-05,31.0,0.00163928
RDN/BTC,1556482298368,2019-04-28T20:11:38.368Z,buy,5.3e-05,129.0,0.006837
RDN/BTC,1556482298572,2019-04-28T20:11:38.572Z,buy,5.3e-05,411.0,0.021783
RDN/BTC,1556482299797,2019-04-28T20:11:39.797Z,sell,5.288e-05,31.0,0.00163928
RDN/BTC,1556482312049,2019-04-28T20:11:52.049Z,sell,5.286e-05,278.0,0.01469508
RDN/BTC,1556482319436,2019-04-28T20:11:59.436Z,sell,5.284e-05,379.0,0.02002636
RDN/BTC,1556482319436,2019-04-28T20:11:59.436Z,sell,5.283e-05,814.0,0.04300362
RDN/BTC,1556482319436,2019-04-28T20:11:59.436Z,sell,5.28e-05,152.0,0.0080256
RDN/BTC,1556482319436,2019-04-28T20:11:59.436Z,sell,5.272e-05,655.0,0.0345315999999999
RDN/BTC,1556482319436,2019-04-28T20:11:59.436Z,sell,5.271e-05,75.0,0.00395325
RDN/BTC,1556482319459,2019-04-28T20:11:59.459Z,buy,5.268e-05,524.0,0.0276043199999999
RDN/BTC,1556482319500,2019-04-28T20:11:59.500Z,buy,5.268e-05,56.0,0.00295008
RDN/BTC,1556482319501,2019-04-28T20:11:59.501Z,buy,5.268e-05,495.0,0.0260766
RDN/BTC,1556482319505,2019-04-28T20:11:59.505Z,buy,5.268e-05,81.0,0.0042670799999999
RDN/BTC,1556482319521,2019-04-28T20:11:59.521Z,buy,5.268e-05,111.0,0.0058474799999999
RDN/BTC,1556482319523,2019-04-28T20:11:59.523Z,buy,5.268e-05,27.0,0.00142236
RDN/BTC,1556482319529,2019-04-28T20:11:59.529Z,buy,5.268e-05,428.0,0.0225470399999999
RDN/BTC,1556482319530,2019-04-28T20:11:59.530Z,buy,5.268e-05,116.0,0.00611088
RDN/BTC,1556482319809,2019-04-28T20:11:59.809Z,buy,5.268e-05,919.0,0.04841292
RDN/BTC,1556482319839,2019-04-28T20:11:59.839Z,buy,5.268e-05,722.0,0.03803496
RDN/BTC,1556482319845,2019-04-28T20:11:59.845Z,sell,5.267e-05,155.0,0.00816385
RDN/BTC,1556482319911,2019-04-28T20:11:59.911Z,buy,5.267e-05,89.0,0.00468763
RDN/BTC,1556482320178,2019-04-28T20:12:00.178Z,buy,5.267e-05,51.0,0.00268617
RDN/BTC,1556482320324,2019-04-28T20:12:00.324Z,buy,5.267e-05,30.0,0.0015801
RDN/BTC,1556482321436,2019-04-28T20:12:01.436Z,sell,5.263e-05,257.0,0.01352591
RDN/BTC,1556482321473,2019-04-28T20:12:01.473Z,buy,5.267e-05,124.0,0.00653108
RDN/BTC,1556482321844,2019-04-28T20:12:01.844Z,sell,5.262e-05,104.0,0.00547248
RDN/BTC,1556482322031,2019-04-28T20:12:02.031Z,sell,5.262e-05,150.0,0.007893
RDN/BTC,1556482322384,2019-04-28T20:12:02.384Z,buy,5.262e-05,63.0,0.00331506
RDN/BTC,1556482323014,2019-04-28T20:12:03.014Z,sell,5.261e-05,352.0,0.01851872
RDN/BTC,1556482323014,2019-04-28T20:12:03.014Z,sell,5.26e-05,132.0,0.0069432
RDN/BTC,1556482323014,2019-04-28T20:12:03.014Z,sell,5.257e-05,27.0,0.00141939
RDN/BTC,1556482323014,2019-04-28T20:12:03.014Z,sell,5.255e-05,11.0,0.00057805
RDN/BTC,1556482323097,2019-04-28T20:12:03.097Z,sell,5.255e-05,66.0,0.0034682999999999
RDN/BTC,1556482323097,2019-04-28T20:12:03.097Z,sell,5.25e-05,204.0,0.01071
RDN/BTC,1556482323097,2019-04-28T20:12:03.097Z,sell,5.245e-05,1037.0,0.05439065
RDN/BTC,1556482323097,2019-04-28T20:12:03.097Z,sell,5.24e-05,20.0,0.0010479999999999
RDN/BTC,1556482323097,2019-04-28T20:12:03.097Z,sell,5.239e-05,336.0,0.01760304
RDN/BTC,1556482323318,2019-04-28T20:12:03.318Z,buy,5.262e-05,33.0,0.00173646
RDN/BTC,1556482324094,2019-04-28T20:12:04.094Z,sell,5.247e-05,26.0,0.00136422
RDN/BTC,1556482324274,2019-04-28T20:12:04.274Z,sell,5.247e-05,298.0,0.01563606
RDN/BTC,1556482324274,2019-04-28T20:12:04.274Z,sell,5.24e-05,488.0,0.0255712
RDN/BTC,1556482325535,2019-04-28T20:12:05.535Z,sell,5.243e-05,67.0,0.00351281
RDN/BTC,1556482328564,2019-04-28T20:12:08.564Z,sell,5.245e-05,90.0,0.0047205
RDN/BTC,1556482328609,2019-04-28T20:12:08.609Z,buy,5.245e-05,90.0,0.0047205
RDN/BTC,1556482328614,2019-04-28T20:12:08.614Z,buy,5.245e-05,97.0,0.00508765
RDN/BTC,1556482328617,2019-04-28T20:12:08.617Z,buy,5.245e-05,73.0,0.00382885
RDN/BTC,1556482328731,2019-04-28T20:12:08.731Z,buy,5.261e-05,88.0,0.00462968
RDN/BTC,1556482336811,2019-04-28T20:12:16.811Z,sell,5.24e-05,105.0,0.005502
RDN/BTC,1556482353006,2019-04-28T20:12:33.006Z,sell,5.255e-05,30.0,0.0015765
RDN/BTC,1556482358182,2019-04-28T20:12:38.182Z,sell,5.255e-05,69.0,0.0036259499999999
RDN/BTC,1556482440167,2019-04-28T20:14:00.167Z,sell,5.255e-05,200.0,0.0105099999999999
RDN/BTC,1556482440473,2019-04-28T20:14:00.473Z,buy,5.262e-05,53.0,0.00278886
RDN/BTC,1556482440473,2019-04-28T20:14:00.473Z,buy,5.266e-05,141.0,0.00742506
RDN/BTC,1556482440473,2019-04-28T20:14:00.473Z,buy,5.268e-05,118.0,0.00621624
RDN/BTC,1556482602086,2019-04-28T20:16:42.086Z,buy,5.264e-05,32.0,0.00168448
RDN/BTC,1556482744839,2019-04-28T20:19:04.839Z,sell,5.259e-05,255.0,0.01341045
RDN/BTC,1556482744839,2019-04-28T20:19:04.839Z,sell,5.258e-05,816.0,0.04290528
RDN/BTC,1556482873075,2019-04-28T20:21:13.075Z,buy,5.264e-05,36.0,0.00189504
RDN/BTC,1556483029133,2019-04-28T20:23:49.133Z,sell,5.263e-05,428.0,0.02252564
RDN/BTC,1556483032520,2019-04-28T20:23:52.520Z,sell,5.263e-05,86.0,0.00452618
RDN/BTC,1556483944421,2019-04-28T20:39:04.421Z,sell,5.254e-05,2793.0,0.14674422
RDN/BTC,1556484015061,2019-04-28T20:40:15.061Z,buy,5.263e-05,72.0,0.00378936
RDN/BTC,1556484059259,2019-04-28T20:40:59.259Z,buy,5.262e-05,45.0,0.0023679
RDN/BTC,1556484065823,2019-04-28T20:41:05.823Z,buy,5.263e-05,58.0,0.00305254
RDN/BTC,1556484065823,2019-04-28T20:41:05.823Z,buy,5.263e-05,58.0,0.00305254
RDN/BTC,1556484167901,2019-04-28T20:42:47.901Z,buy,5.263e-05,76.0,0.00399988
RDN/BTC,1556484260866,2019-04-28T20:44:20.866Z,sell,5.254e-05,59.0,0.00309986
RDN/BTC,1556484480224,2019-04-28T20:48:00.224Z,sell,5.254e-05,100.0,0.005254
RDN/BTC,1556484606980,2019-04-28T20:50:06.980Z,buy,5.263e-05,21.0,0.00110523
RDN/BTC,1556484916589,2019-04-28T20:55:16.589Z,sell,5.253e-05,100.0,0.005253
RDN/BTC,1556484929664,2019-04-28T20:55:29.664Z,sell,5.253e-05,47.0,0.00246891
RDN/BTC,1556484992002,2019-04-28T20:56:32.002Z,buy,5.263e-05,287.0,0.01510481
RDN/BTC,1556484994028,2019-04-28T20:56:34.028Z,buy,5.263e-05,59.0,0.00310517
RDN/BTC,1556485140984,2019-04-28T20:59:00.984Z,buy,5.26e-05,57.0,0.0029982
RDN/BTC,1556485171764,2019-04-28T20:59:31.764Z,sell,5.254e-05,209.0,0.01098086
RDN/BTC,1556485171764,2019-04-28T20:59:31.764Z,sell,5.253e-05,330.0,0.0173349
RDN/BTC,1556485171764,2019-04-28T20:59:31.764Z,sell,5.252e-05,37.0,0.00194324
RDN/BTC,1556485171764,2019-04-28T20:59:31.764Z,sell,5.251e-05,374.0,0.01963874
RDN/BTC,1556485171764,2019-04-28T20:59:31.764Z,sell,5.25e-05,1888.0,0.09912
RDN/BTC,1556485171764,2019-04-28T20:59:31.764Z,sell,5.246e-05,36.0,0.00188856
RDN/BTC,1556485171764,2019-04-28T20:59:31.764Z,sell,5.242e-05,21.0,0.00110082
RDN/BTC,1556485171764,2019-04-28T20:59:31.764Z,sell,5.238e-05,21.0,0.00109998
RDN/BTC,1556485171764,2019-04-28T20:59:31.764Z,sell,5.226e-05,9.0,0.0004703399999999
RDN/BTC,1556485174882,2019-04-28T20:59:34.882Z,sell,5.23e-05,132.0,0.0069035999999999
RDN/BTC,1556485176810,2019-04-28T20:59:36.810Z,buy,5.255e-05,20.0,0.0010509999999999
RDN/BTC,1556485200170,2019-04-28T21:00:00.170Z,buy,5.255e-05,102.0,0.0053601
RDN/BTC,1556485207372,2019-04-28T21:00:07.372Z,buy,5.255e-05,80.0,0.0042039999999999
RDN/BTC,1556485218009,2019-04-28T21:00:18.009Z,buy,5.255e-05,61.0,0.0032055499999999
RDN/BTC,1556485249128,2019-04-28T21:00:49.128Z,sell,5.252e-05,48.0,0.00252096
RDN/BTC,1556485257294,2019-04-28T21:00:57.294Z,buy,5.25e-05,34.0,0.001785
RDN/BTC,1556485261034,2019-04-28T21:01:01.034Z,buy,5.249e-05,52.0,0.00272948
RDN/BTC,1556485261231,2019-04-28T21:01:01.231Z,buy,5.249e-05,36.0,0.00188964
RDN/BTC,1556485262025,2019-04-28T21:01:02.025Z,buy,5.249e-05,30.0,0.0015747
RDN/BTC,1556485278634,2019-04-28T21:01:18.634Z,buy,5.248e-05,40.0,0.0020992
RDN/BTC,1556485279002,2019-04-28T21:01:19.002Z,buy,5.248e-05,58.0,0.00304384
RDN/BTC,1556485320126,2019-04-28T21:02:00.126Z,buy,5.248e-05,37.0,0.00194176
RDN/BTC,1556485346568,2019-04-28T21:02:26.568Z,buy,5.248e-05,80.0,0.0041984
RDN/BTC,1556485347540,2019-04-28T21:02:27.540Z,buy,5.248e-05,41.0,0.00215168
RDN/BTC,1556485358508,2019-04-28T21:02:38.508Z,buy,5.247e-05,167.0,0.00876249
RDN/BTC,1556485359386,2019-04-28T21:02:39.386Z,buy,5.247e-05,167.0,0.00876249
RDN/BTC,1556485360549,2019-04-28T21:02:40.549Z,buy,5.247e-05,167.0,0.00876249
RDN/BTC,1556485361511,2019-04-28T21:02:41.511Z,buy,5.247e-05,116.0,0.00608652
RDN/BTC,1556485362377,2019-04-28T21:02:42.377Z,buy,5.247e-05,61.0,0.0032006699999999
RDN/BTC,1556485363392,2019-04-28T21:02:43.392Z,buy,5.247e-05,10.0,0.0005247
RDN/BTC,1556485363392,2019-04-28T21:02:43.392Z,buy,5.25e-05,22.0,0.001155
RDN/BTC,1556485594147,2019-04-28T21:06:34.147Z,buy,5.248e-05,3.0,0.00015744
RDN/BTC,1556485597642,2019-04-28T21:06:37.642Z,sell,5.232e-05,53.0,0.00277296
RDN/BTC,1556485654555,2019-04-28T21:07:34.555Z,buy,5.244e-05,30.0,0.0015732
RDN/BTC,1556485904227,2019-04-28T21:11:44.227Z,buy,5.238e-05,46.0,0.00240948
RDN/BTC,1556486013189,2019-04-28T21:13:33.189Z,sell,5.233e-05,62.0,0.00324446
RDN/BTC,1556486130901,2019-04-28T21:15:30.901Z,sell,5.233e-05,63.0,0.00329679
RDN/BTC,1556486206518,2019-04-28T21:16:46.518Z,sell,5.233e-05,51.0,0.00266883
RDN/BTC,1556486209205,2019-04-28T21:16:49.205Z,buy,5.225e-05,75.0,0.00391875
RDN/BTC,1556486213988,2019-04-28T21:16:53.988Z,buy,5.233e-05,25.0,0.00130825
RDN/BTC,1556486261981,2019-04-28T21:17:41.981Z,buy,5.233e-05,26.0,0.00136058
RDN/BTC,1556486358128,2019-04-28T21:19:18.128Z,sell,5.216e-05,55.0,0.0028688
RDN/BTC,1556486358128,2019-04-28T21:19:18.128Z,sell,5.215e-05,493.0,0.02570995
RDN/BTC,1556486358266,2019-04-28T21:19:18.266Z,sell,5.211e-05,352.0,0.01834272
RDN/BTC,1556486358377,2019-04-28T21:19:18.377Z,sell,5.211e-05,55.0,0.00286605
RDN/BTC,1556486358377,2019-04-28T21:19:18.377Z,sell,5.21e-05,1640.0,0.0854439999999999
RDN/BTC,1556486359119,2019-04-28T21:19:19.119Z,sell,5.212e-05,57.0,0.00297084
RDN/BTC,1556486359119,2019-04-28T21:19:19.119Z,sell,5.21e-05,55.0,0.0028655
RDN/BTC,1556486359119,2019-04-28T21:19:19.119Z,sell,5.207e-05,28.0,0.00145796
RDN/BTC,1556486359119,2019-04-28T21:19:19.119Z,sell,5.2e-05,410.0,0.02132
RDN/BTC,1556486361264,2019-04-28T21:19:21.264Z,sell,5.203e-05,350.0,0.0182105
RDN/BTC,1556486361352,2019-04-28T21:19:21.352Z,sell,5.204e-05,69.0,0.00359076
RDN/BTC,1556486361352,2019-04-28T21:19:21.352Z,sell,5.203e-05,25.0,0.00130075
RDN/BTC,1556486363495,2019-04-28T21:19:23.495Z,buy,5.208e-05,23.0,0.00119784
RDN/BTC,1556486367621,2019-04-28T21:19:27.621Z,sell,5.203e-05,43.0,0.00223729
RDN/BTC,1556486369235,2019-04-28T21:19:29.235Z,buy,5.228e-05,20.0,0.0010456
RDN/BTC,1556486389402,2019-04-28T21:19:49.402Z,sell,5.221e-05,544.0,0.02840224
RDN/BTC,1556486389657,2019-04-28T21:19:49.657Z,sell,5.203e-05,20.0,0.0010406
RDN/BTC,1556486405395,2019-04-28T21:20:05.395Z,sell,5.224e-05,375.0,0.01959
RDN/BTC,1556486406389,2019-04-28T21:20:06.389Z,buy,5.221e-05,276.0,0.01440996
RDN/BTC,1556486406418,2019-04-28T21:20:06.418Z,sell,5.224e-05,165.0,0.0086196
RDN/BTC,1556486406453,2019-04-28T21:20:06.453Z,sell,5.203e-05,165.0,0.00858495
RDN/BTC,1556486462791,2019-04-28T21:21:02.791Z,buy,5.226e-05,67.0,0.00350142
RDN/BTC,1556486464917,2019-04-28T21:21:04.917Z,buy,5.226e-05,86.0,0.00449436
RDN/BTC,1556486466466,2019-04-28T21:21:06.466Z,buy,5.226e-05,39.0,0.00203814
RDN/BTC,1556486796080,2019-04-28T21:26:36.080Z,buy,5.218e-05,237.0,0.01236666
RDN/BTC,1556486796080,2019-04-28T21:26:36.080Z,buy,5.22e-05,727.0,0.0379494
RDN/BTC,1556486796080,2019-04-28T21:26:36.080Z,buy,5.221e-05,570.0,0.0297597
RDN/BTC,1556486796111,2019-04-28T21:26:36.111Z,buy,5.221e-05,125.0,0.00652625
RDN/BTC,1556487497660,2019-04-28T21:38:17.660Z,sell,5.213e-05,209.0,0.01089517
RDN/BTC,1556487497660,2019-04-28T21:38:17.660Z,sell,5.205e-05,29.0,0.0015094499999999
RDN/BTC,1556487497660,2019-04-28T21:38:17.660Z,sell,5.203e-05,50.0,0.0026015
RDN/BTC,1556487497660,2019-04-28T21:38:17.660Z,sell,5.201e-05,62.0,0.00322462
RDN/BTC,1556487507619,2019-04-28T21:38:27.619Z,buy,5.221e-05,95.0,0.00495995
RDN/BTC,1556487507657,2019-04-28T21:38:27.657Z,buy,5.221e-05,32.0,0.00167072
RDN/BTC,1556487529824,2019-04-28T21:38:49.824Z,buy,5.221e-05,59.0,0.00308039
RDN/BTC,1556487529824,2019-04-28T21:38:49.824Z,buy,5.221e-05,59.0,0.00308039
RDN/BTC,1556487669632,2019-04-28T21:41:09.632Z,buy,5.221e-05,60.0,0.0031326
RDN/BTC,1556487911577,2019-04-28T21:45:11.577Z,buy,5.221e-05,67.0,0.00349807
RDN/BTC,1556488261401,2019-04-28T21:51:01.401Z,sell,5.215e-05,39.0,0.00203385
RDN/BTC,1556488275116,2019-04-28T21:51:15.116Z,buy,5.218e-05,44.0,0.00229592
RDN/BTC,1556488743480,2019-04-28T21:59:03.480Z,sell,5.217e-05,20.0,0.0010433999999999
RDN/BTC,1556488743480,2019-04-28T21:59:03.480Z,sell,5.2e-05,1807.0,0.0939639999999999
RDN/BTC,1556488743480,2019-04-28T21:59:03.480Z,sell,5.2e-05,680.0,0.0353599999999999
RDN/BTC,1556488752412,2019-04-28T21:59:12.412Z,buy,5.2e-05,5.0,0.00026
RDN/BTC,1556488752412,2019-04-28T21:59:12.412Z,buy,5.215e-05,131.0,0.00683165
RDN/BTC,1556488859474,2019-04-28T22:00:59.474Z,sell,5.214e-05,45.0,0.0023463
RDN/BTC,1556489499076,2019-04-28T22:11:39.076Z,buy,5.217e-05,24.0,0.00125208
RDN/BTC,1556489600343,2019-04-28T22:13:20.343Z,sell,5.199e-05,216.0,0.01122984
RDN/BTC,1556489600367,2019-04-28T22:13:20.367Z,buy,5.199e-05,119.0,0.00618681
RDN/BTC,1556489627137,2019-04-28T22:13:47.137Z,sell,5.203e-05,20.0,0.0010406
RDN/BTC,1556489640559,2019-04-28T22:14:00.559Z,buy,5.217e-05,263.0,0.0137207099999999
RDN/BTC,1556489640567,2019-04-28T22:14:00.567Z,buy,5.217e-05,263.0,0.0137207099999999
RDN/BTC,1556489640584,2019-04-28T22:14:00.584Z,buy,5.217e-05,67.0,0.0034953899999999
RDN/BTC,1556489647589,2019-04-28T22:14:07.589Z,buy,5.219e-05,485.0,0.02531215
RDN/BTC,1556489672480,2019-04-28T22:14:32.480Z,sell,5.217e-05,60.0,0.0031301999999999
RDN/BTC,1556490057405,2019-04-28T22:20:57.405Z,buy,5.221e-05,50.0,0.0026105
RDN/BTC,1556490057583,2019-04-28T22:20:57.583Z,sell,5.219e-05,39.0,0.00203541
RDN/BTC,1556490525890,2019-04-28T22:28:45.890Z,buy,5.226e-05,3.0,0.00015678
RDN/BTC,1556490525890,2019-04-28T22:28:45.890Z,buy,5.226e-05,3.0,0.00015678
RDN/BTC,1556491284282,2019-04-28T22:41:24.282Z,sell,5.197e-05,438.0,0.02276286
RDN/BTC,1556491845745,2019-04-28T22:50:45.745Z,sell,5.217e-05,41.0,0.00213897
RDN/BTC,1556491850403,2019-04-28T22:50:50.403Z,sell,5.215e-05,117.0,0.00610155
RDN/BTC,1556492150638,2019-04-28T22:55:50.638Z,sell,5.215e-05,49.0,0.00255535
RDN/BTC,1556493648828,2019-04-28T23:20:48.828Z,sell,5.205e-05,54.0,0.0028106999999999
RDN/BTC,1556493649056,2019-04-28T23:20:49.056Z,buy,5.205e-05,20.0,0.001041
RDN/BTC,1556493649056,2019-04-28T23:20:49.056Z,buy,5.209e-05,142.0,0.0073967799999999
RDN/BTC,1556493650122,2019-04-28T23:20:50.122Z,sell,5.202e-05,39.0,0.00202878
RDN/BTC,1556493651168,2019-04-28T23:20:51.168Z,sell,5.198e-05,74.0,0.00384652
RDN/BTC,1556493658629,2019-04-28T23:20:58.629Z,buy,5.199e-05,36.0,0.00187164
RDN/BTC,1556493663595,2019-04-28T23:21:03.595Z,sell,5.198e-05,44.0,0.00228712
RDN/BTC,1556493692299,2019-04-28T23:21:32.299Z,sell,5.19e-05,35.0,0.0018165
RDN/BTC,1556493706904,2019-04-28T23:21:46.904Z,sell,5.19e-05,30.0,0.001557
RDN/BTC,1556493706904,2019-04-28T23:21:46.904Z,sell,5.19e-05,30.0,0.001557
RDN/BTC,1556494130919,2019-04-28T23:28:50.919Z,buy,5.209e-05,61.0,0.00317749
RDN/BTC,1556494130929,2019-04-28T23:28:50.929Z,buy,5.209e-05,532.0,0.0277118799999999
RDN/BTC,1556494130929,2019-04-28T23:28:50.929Z,buy,5.218e-05,341.0,0.01779338
RDN/BTC,1556494130929,2019-04-28T23:28:50.929Z,buy,5.22e-05,55.0,0.002871
RDN/BTC,1556494130929,2019-04-28T23:28:50.929Z,buy,5.221e-05,998.0,0.05210558
RDN/BTC,1556494130947,2019-04-28T23:28:50.947Z,buy,5.221e-05,169.0,0.00882349
RDN/BTC,1556494130947,2019-04-28T23:28:50.947Z,buy,5.225e-05,23.0,0.00120175
RDN/BTC,1556494130947,2019-04-28T23:28:50.947Z,buy,5.225e-05,289.0,0.01510025
RDN/BTC,1556494131384,2019-04-28T23:28:51.384Z,buy,5.225e-05,443.0,0.02314675
RDN/BTC,1556494131450,2019-04-28T23:28:51.450Z,buy,5.225e-05,175.0,0.00914375
RDN/BTC,1556494131450,2019-04-28T23:28:51.450Z,buy,5.23e-05,17.0,0.0008891
RDN/BTC,1556494133735,2019-04-28T23:28:53.735Z,buy,5.229e-05,57.0,0.00298053
RDN/BTC,1556494156974,2019-04-28T23:29:16.974Z,sell,5.216e-05,72.0,0.00375552
RDN/BTC,1556494202895,2019-04-28T23:30:02.895Z,buy,5.213e-05,72.0,0.00375336
RDN/BTC,1556494202895,2019-04-28T23:30:02.895Z,buy,5.214e-05,623.0,0.03248322
RDN/BTC,1556494278105,2019-04-28T23:31:18.105Z,buy,5.225e-05,43.0,0.00224675
RDN/BTC,1556494435177,2019-04-28T23:33:55.177Z,buy,5.226e-05,97.0,0.00506922
RDN/BTC,1556494444406,2019-04-28T23:34:04.406Z,sell,5.19e-05,81.0,0.0042039
RDN/BTC,1556494544027,2019-04-28T23:35:44.027Z,sell,5.191e-05,24.0,0.00124584
RDN/BTC,1556494544176,2019-04-28T23:35:44.176Z,buy,5.223e-05,163.0,0.00851349
RDN/BTC,1556495462109,2019-04-28T23:51:02.109Z,sell,5.217e-05,45.0,0.0023476499999999
RDN/BTC,1556495616368,2019-04-28T23:53:36.368Z,buy,5.223e-05,1793.0,0.09364839
RDN/BTC,1556495616368,2019-04-28T23:53:36.368Z,buy,5.224e-05,630.0,0.0329112
RDN/BTC,1556495616368,2019-04-28T23:53:36.368Z,buy,5.226e-05,483.0,0.02524158
RDN/BTC,1556495616368,2019-04-28T23:53:36.368Z,buy,5.227e-05,586.0,0.03063022
RDN/BTC,1556495635590,2019-04-28T23:53:55.590Z,buy,5.227e-05,678.0,0.03543906
RDN/BTC,1556495636296,2019-04-28T23:53:56.296Z,sell,5.22e-05,67.0,0.0034974
RDN/BTC,1556495638590,2019-04-28T23:53:58.590Z,buy,5.231e-05,67.0,0.00350477
RDN/BTC,1556495638590,2019-04-28T23:53:58.590Z,buy,5.232e-05,201.0,0.01051632
RDN/BTC,1556496124387,2019-04-29T00:02:04.387Z,sell,5.217e-05,74.0,0.0038605799999999
RDN/BTC,1556496124656,2019-04-29T00:02:04.656Z,sell,5.217e-05,770.0,0.0401708999999999
RDN/BTC,1556496125026,2019-04-29T00:02:05.026Z,sell,5.212e-05,74.0,0.00385688
RDN/BTC,1556496125194,2019-04-29T00:02:05.194Z,sell,5.238e-05,20.0,0.0010476
RDN/BTC,1556496125233,2019-04-29T00:02:05.233Z,sell,5.238e-05,8.0,0.00041904
RDN/BTC,1556496127037,2019-04-29T00:02:07.037Z,sell,5.202e-05,37.0,0.00192474
RDN/BTC,1556496127088,2019-04-29T00:02:07.088Z,buy,5.202e-05,37.0,0.00192474
RDN/BTC,1556496127333,2019-04-29T00:02:07.333Z,sell,5.204e-05,28.0,0.00145712
RDN/BTC,1556496127406,2019-04-29T00:02:07.406Z,sell,5.201e-05,20.0,0.0010402
RDN/BTC,1556496128222,2019-04-29T00:02:08.222Z,sell,5.191e-05,74.0,0.00384134
RDN/BTC,1556496166896,2019-04-29T00:02:46.896Z,sell,5.192e-05,56.0,0.00290752
RDN/BTC,1556496167704,2019-04-29T00:02:47.704Z,sell,5.192e-05,54.0,0.00280368
RDN/BTC,1556496169842,2019-04-29T00:02:49.842Z,sell,5.19e-05,605.0,0.0313995
RDN/BTC,1556496169842,2019-04-29T00:02:49.842Z,sell,5.189e-05,246.0,0.01276494
RDN/BTC,1556496169842,2019-04-29T00:02:49.842Z,sell,5.188e-05,109.0,0.00565492
RDN/BTC,1556496169842,2019-04-29T00:02:49.842Z,sell,5.187e-05,70.0,0.0036309
RDN/BTC,1556496169842,2019-04-29T00:02:49.842Z,sell,5.185e-05,34.0,0.0017629
RDN/BTC,1556496169842,2019-04-29T00:02:49.842Z,sell,5.184e-05,837.0,0.04339008
RDN/BTC,1556496169842,2019-04-29T00:02:49.842Z,sell,5.18e-05,332.0,0.0171976
RDN/BTC,1556496169842,2019-04-29T00:02:49.842Z,sell,5.177e-05,105.0,0.00543585
RDN/BTC,1556496169842,2019-04-29T00:02:49.842Z,sell,5.175e-05,56.0,0.002898
RDN/BTC,1556496169842,2019-04-29T00:02:49.842Z,sell,5.171e-05,262.0,0.01354802
RDN/BTC,1556496169842,2019-04-29T00:02:49.842Z,sell,5.17e-05,145.0,0.0074965
RDN/BTC,1556496169842,2019-04-29T00:02:49.842Z,sell,5.169e-05,632.0,0.03266808
RDN/BTC,1556496169842,2019-04-29T00:02:49.842Z,sell,5.167e-05,20.0,0.0010333999999999
RDN/BTC,1556496169842,2019-04-29T00:02:49.842Z,sell,5.164e-05,135.0,0.0069714
RDN/BTC,1556496169842,2019-04-29T00:02:49.842Z,sell,5.157e-05,28.0,0.00144396
RDN/BTC,1556496169842,2019-04-29T00:02:49.842Z,sell,5.156e-05,38.0,0.00195928
RDN/BTC,1556496169842,2019-04-29T00:02:49.842Z,sell,5.154e-05,1191.0,0.06138414
RDN/BTC,1556496169842,2019-04-29T00:02:49.842Z,sell,5.153e-05,172.0,0.00886316
RDN/BTC,1556496169842,2019-04-29T00:02:49.842Z,sell,5.152e-05,485.0,0.0249872
RDN/BTC,1556496169842,2019-04-29T00:02:49.842Z,sell,5.15e-05,228.0,0.0117419999999999
RDN/BTC,1556496169842,2019-04-29T00:02:49.842Z,sell,5.149e-05,4834.0,0.24890266
RDN/BTC,1556496169842,2019-04-29T00:02:49.842Z,sell,5.145e-05,345.0,0.01775025
RDN/BTC,1556496169842,2019-04-29T00:02:49.842Z,sell,5.144e-05,312.0,0.01604928
RDN/BTC,1556496169842,2019-04-29T00:02:49.842Z,sell,5.14e-05,584.0,0.0300176
RDN/BTC,1556496169842,2019-04-29T00:02:49.842Z,sell,5.139e-05,1588.0,0.08160732
RDN/BTC,1556496169842,2019-04-29T00:02:49.842Z,sell,5.134e-05,1143.0,0.05868162
RDN/BTC,1556496169842,2019-04-29T00:02:49.842Z,sell,5.131e-05,2000.0,0.10262
RDN/BTC,1556496169842,2019-04-29T00:02:49.842Z,sell,5.124e-05,1103.0,0.05651772
RDN/BTC,1556496169842,2019-04-29T00:02:49.842Z,sell,5.123e-05,194.0,0.00993862
RDN/BTC,1556496169842,2019-04-29T00:02:49.842Z,sell,5.12e-05,177.0,0.0090624
RDN/BTC,1556496169842,2019-04-29T00:02:49.842Z,sell,5.119e-05,28.0,0.00143332
RDN/BTC,1556496169842,2019-04-29T00:02:49.842Z,sell,5.118e-05,1094.0,0.05599092
RDN/BTC,1556496169842,2019-04-29T00:02:49.842Z,sell,5.116e-05,193.0,0.00987388
RDN/BTC,1556496169842,2019-04-29T00:02:49.842Z,sell,5.115e-05,56.0,0.0028644
RDN/BTC,1556496169842,2019-04-29T00:02:49.842Z,sell,5.108e-05,788.0,0.04025104
RDN/BTC,1556496169842,2019-04-29T00:02:49.842Z,sell,5.105e-05,393.0,0.02006265
RDN/BTC,1556496169842,2019-04-29T00:02:49.842Z,sell,5.102e-05,6852.0,0.34958904
RDN/BTC,1556496169842,2019-04-29T00:02:49.842Z,sell,5.101e-05,512.0,0.02611712
RDN/BTC,1556496169842,2019-04-29T00:02:49.842Z,sell,5.1e-05,304.0,0.015504
RDN/BTC,1556496169842,2019-04-29T00:02:49.842Z,sell,5.099e-05,3219.0,0.16413681
RDN/BTC,1556496169865,2019-04-29T00:02:49.865Z,buy,5.13e-05,2458.0,0.1260954
RDN/BTC,1556496169930,2019-04-29T00:02:49.930Z,sell,5.105e-05,1100.0,0.056155
RDN/BTC,1556496170195,2019-04-29T00:02:50.195Z,buy,5.152e-05,117.0,0.00602784
RDN/BTC,1556496170196,2019-04-29T00:02:50.196Z,buy,5.152e-05,4.0,0.00020608
RDN/BTC,1556496170440,2019-04-29T00:02:50.440Z,sell,5.154e-05,121.0,0.00623634
RDN/BTC,1556496171456,2019-04-29T00:02:51.456Z,sell,5.145e-05,788.0,0.0405426
RDN/BTC,1556496172437,2019-04-29T00:02:52.437Z,sell,5.145e-05,20.0,0.001029
RDN/BTC,1556496172451,2019-04-29T00:02:52.451Z,sell,5.145e-05,564.0,0.0290178
RDN/BTC,1556496172907,2019-04-29T00:02:52.907Z,sell,5.145e-05,250.0,0.0128624999999999
RDN/BTC,1556496172911,2019-04-29T00:02:52.911Z,sell,5.145e-05,178.0,0.0091580999999999
RDN/BTC,1556496172911,2019-04-29T00:02:52.911Z,sell,5.144e-05,1359.0,0.06990696
RDN/BTC,1556496172925,2019-04-29T00:02:52.925Z,sell,5.144e-05,441.0,0.02268504
RDN/BTC,1556496174330,2019-04-29T00:02:54.330Z,sell,5.145e-05,20.0,0.001029
RDN/BTC,1556496175410,2019-04-29T00:02:55.410Z,sell,5.145e-05,630.0,0.0324135
RDN/BTC,1556496175410,2019-04-29T00:02:55.410Z,sell,5.14e-05,211.0,0.0108454
RDN/BTC,1556496175474,2019-04-29T00:02:55.474Z,sell,5.14e-05,350.0,0.01799
RDN/BTC,1556496175923,2019-04-29T00:02:55.923Z,sell,5.14e-05,284.0,0.0145976
RDN/BTC,1556496177338,2019-04-29T00:02:57.338Z,buy,5.144e-05,103.0,0.00529832
RDN/BTC,1556496178427,2019-04-29T00:02:58.427Z,sell,5.14e-05,28.0,0.0014392
RDN/BTC,1556496179408,2019-04-29T00:02:59.408Z,sell,5.14e-05,653.0,0.0335642
RDN/BTC,1556496181654,2019-04-29T00:03:01.654Z,buy,5.144e-05,90.0,0.0046296
RDN/BTC,1556496181876,2019-04-29T00:03:01.876Z,sell,5.144e-05,153.0,0.00787032
RDN/BTC,1556496181878,2019-04-29T00:03:01.878Z,sell,5.144e-05,109.0,0.00560696
RDN/BTC,1556496181989,2019-04-29T00:03:01.989Z,buy,5.151e-05,20.0,0.0010302
RDN/BTC,1556496182220,2019-04-29T00:03:02.220Z,buy,5.151e-05,99.0,0.00509949
RDN/BTC,1556496182220,2019-04-29T00:03:02.220Z,buy,5.152e-05,391.0,0.02014432
RDN/BTC,1556496182220,2019-04-29T00:03:02.220Z,buy,5.156e-05,264.0,0.01361184
RDN/BTC,1556496182220,2019-04-29T00:03:02.220Z,buy,5.158e-05,249.0,0.01284342
RDN/BTC,1556496182220,2019-04-29T00:03:02.220Z,buy,5.161e-05,144.0,0.00743184
RDN/BTC,1556496182220,2019-04-29T00:03:02.220Z,buy,5.162e-05,1100.0,0.056782
RDN/BTC,1556496182220,2019-04-29T00:03:02.220Z,buy,5.164e-05,194.0,0.01001816
RDN/BTC,1556496182220,2019-04-29T00:03:02.220Z,buy,5.165e-05,50.0,0.0025825
RDN/BTC,1556496182220,2019-04-29T00:03:02.220Z,buy,5.166e-05,122.0,0.00630252
RDN/BTC,1556496188618,2019-04-29T00:03:08.618Z,buy,5.166e-05,7.0,0.00036162
RDN/BTC,1556496188618,2019-04-29T00:03:08.618Z,buy,5.169e-05,13.0,0.00067197
RDN/BTC,1556496200183,2019-04-29T00:03:20.183Z,sell,5.163e-05,55.0,0.00283965
RDN/BTC,1556496208573,2019-04-29T00:03:28.573Z,buy,5.169e-05,3.0,0.00015507
RDN/BTC,1556496218630,2019-04-29T00:03:38.630Z,sell,5.164e-05,20.0,0.0010328
RDN/BTC,1556496219539,2019-04-29T00:03:39.539Z,buy,5.166e-05,172.0,0.00888552
RDN/BTC,1556496219539,2019-04-29T00:03:39.539Z,buy,5.169e-05,88.0,0.00454872
RDN/BTC,1556496219883,2019-04-29T00:03:39.883Z,buy,5.169e-05,54.0,0.00279126
RDN/BTC,1556496220239,2019-04-29T00:03:40.239Z,buy,5.169e-05,92.0,0.00475548
RDN/BTC,1556496221110,2019-04-29T00:03:41.110Z,buy,5.169e-05,186.0,0.00961434
RDN/BTC,1556496222000,2019-04-29T00:03:42.000Z,buy,5.169e-05,90.0,0.0046521
RDN/BTC,1556496250998,2019-04-29T00:04:10.998Z,sell,5.174e-05,185.0,0.0095719
RDN/BTC,1556496265673,2019-04-29T00:04:25.673Z,buy,5.181e-05,20.0,0.0010362
RDN/BTC,1556496271008,2019-04-29T00:04:31.008Z,sell,5.174e-05,57.0,0.00294918
RDN/BTC,1556496288548,2019-04-29T00:04:48.548Z,sell,5.174e-05,198.0,0.01024452
RDN/BTC,1556496298268,2019-04-29T00:04:58.268Z,sell,5.174e-05,46.0,0.00238004
RDN/BTC,1556496313868,2019-04-29T00:05:13.868Z,sell,5.174e-05,153.0,0.00791622
RDN/BTC,1556496317755,2019-04-29T00:05:17.755Z,buy,5.174e-05,109.0,0.00563966
RDN/BTC,1556496318654,2019-04-29T00:05:18.654Z,sell,5.174e-05,513.0,0.02654262
RDN/BTC,1556496406461,2019-04-29T00:06:46.461Z,buy,5.174e-05,533.0,0.02757742
RDN/BTC,1556496406667,2019-04-29T00:06:46.667Z,buy,5.174e-05,104.0,0.00538096
RDN/BTC,1556496408110,2019-04-29T00:06:48.110Z,sell,5.173e-05,321.0,0.01660533
RDN/BTC,1556496408110,2019-04-29T00:06:48.110Z,sell,5.172e-05,54.0,0.00279288
RDN/BTC,1556496408110,2019-04-29T00:06:48.110Z,sell,5.171e-05,1203.0,0.06220713
RDN/BTC,1556496408110,2019-04-29T00:06:48.110Z,sell,5.169e-05,3051.0,0.15770619
RDN/BTC,1556496408110,2019-04-29T00:06:48.110Z,sell,5.163e-05,3060.0,0.1579877999999999
RDN/BTC,1556496408110,2019-04-29T00:06:48.110Z,sell,5.156e-05,967.0,0.04985852
RDN/BTC,1556496410366,2019-04-29T00:06:50.366Z,buy,5.17e-05,110.0,0.005687
RDN/BTC,1556496410439,2019-04-29T00:06:50.439Z,buy,5.17e-05,110.0,0.005687
RDN/BTC,1556496410449,2019-04-29T00:06:50.449Z,buy,5.17e-05,110.0,0.005687
RDN/BTC,1556496413291,2019-04-29T00:06:53.291Z,buy,5.17e-05,4.0,0.0002068
RDN/BTC,1556496476845,2019-04-29T00:07:56.845Z,buy,5.16e-05,63.0,0.0032508
RDN/BTC,1556496500447,2019-04-29T00:08:20.447Z,sell,5.158e-05,696.0,0.0358996799999999
RDN/BTC,1556496524784,2019-04-29T00:08:44.784Z,buy,5.177e-05,22.0,0.00113894
RDN/BTC,1556496565542,2019-04-29T00:09:25.542Z,sell,5.177e-05,21.0,0.00108717
RDN/BTC,1556496648026,2019-04-29T00:10:48.026Z,sell,5.179e-05,146.0,0.00756134
RDN/BTC,1556496672134,2019-04-29T00:11:12.134Z,buy,5.18e-05,69.0,0.0035742
RDN/BTC,1556496699204,2019-04-29T00:11:39.204Z,sell,5.177e-05,50.0,0.0025885
RDN/BTC,1556496703972,2019-04-29T00:11:43.972Z,sell,5.177e-05,172.0,0.00890444
RDN/BTC,1556496709875,2019-04-29T00:11:49.875Z,buy,5.178e-05,42.0,0.00217476
RDN/BTC,1556496731610,2019-04-29T00:12:11.610Z,sell,5.177e-05,13.0,0.00067301
RDN/BTC,1556496731610,2019-04-29T00:12:11.610Z,sell,5.158e-05,6.0,0.00030948
RDN/BTC,1556496731610,2019-04-29T00:12:11.610Z,sell,5.157e-05,169.0,0.00871533
RDN/BTC,1556496742714,2019-04-29T00:12:22.714Z,buy,5.178e-05,22.0,0.00113916
RDN/BTC,1556497103533,2019-04-29T00:18:23.533Z,sell,5.155e-05,28.0,0.0014434
RDN/BTC,1556497264626,2019-04-29T00:21:04.626Z,buy,5.177e-05,83.0,0.00429691
RDN/BTC,1556497268705,2019-04-29T00:21:08.705Z,buy,5.177e-05,93.0,0.00481461
RDN/BTC,1556497287295,2019-04-29T00:21:27.295Z,buy,5.177e-05,129.0,0.00667833
RDN/BTC,1556497287295,2019-04-29T00:21:27.295Z,buy,5.177e-05,129.0,0.00667833
RDN/BTC,1556497387977,2019-04-29T00:23:07.977Z,buy,5.175e-05,4.0,0.000207
RDN/BTC,1556497496783,2019-04-29T00:24:56.783Z,sell,5.173e-05,272.0,0.01407056
RDN/BTC,1556497738787,2019-04-29T00:28:58.787Z,sell,5.173e-05,307.0,0.01588111
RDN/BTC,1556497824418,2019-04-29T00:30:24.418Z,buy,5.174e-05,55.0,0.0028457
RDN/BTC,1556497886032,2019-04-29T00:31:26.032Z,buy,5.175e-05,53.0,0.00274275
RDN/BTC,1556497912037,2019-04-29T00:31:52.037Z,buy,5.167e-05,47.0,0.0024284899999999
RDN/BTC,1556497993893,2019-04-29T00:33:13.893Z,sell,5.174e-05,156.0,0.00807144
RDN/BTC,1556498114243,2019-04-29T00:35:14.243Z,sell,5.172e-05,149.0,0.00770628
RDN/BTC,1556498122815,2019-04-29T00:35:22.815Z,buy,5.172e-05,105.0,0.0054306
RDN/BTC,1556498153353,2019-04-29T00:35:53.353Z,sell,5.173e-05,44.0,0.00227612
RDN/BTC,1556498299116,2019-04-29T00:38:19.116Z,sell,5.171e-05,149.0,0.0077047899999999
RDN/BTC,1556498299116,2019-04-29T00:38:19.116Z,sell,5.165e-05,51.0,0.00263415
RDN/BTC,1556498457389,2019-04-29T00:40:57.389Z,buy,5.173e-05,76.0,0.00393148
RDN/BTC,1556498463310,2019-04-29T00:41:03.310Z,buy,5.173e-05,31.0,0.00160363
RDN/BTC,1556498463390,2019-04-29T00:41:03.390Z,sell,5.173e-05,47.0,0.00243131
RDN/BTC,1556498475387,2019-04-29T00:41:15.387Z,sell,5.173e-05,73.0,0.00377629
RDN/BTC,1556498653118,2019-04-29T00:44:13.118Z,sell,5.171e-05,104.0,0.00537784
RDN/BTC,1556499008944,2019-04-29T00:50:08.944Z,buy,5.172e-05,20.0,0.0010344
RDN/BTC,1556499045413,2019-04-29T00:50:45.413Z,sell,5.169e-05,39.0,0.00201591
RDN/BTC,1556499483235,2019-04-29T00:58:03.235Z,buy,5.172e-05,93.0,0.00480996
RDN/BTC,1556499627825,2019-04-29T01:00:27.825Z,sell,5.165e-05,174.0,0.0089871
RDN/BTC,1556499627903,2019-04-29T01:00:27.903Z,sell,5.165e-05,142.0,0.0073343
RDN/BTC,1556499630875,2019-04-29T01:00:30.875Z,sell,5.165e-05,68.0,0.0035122
RDN/BTC,1556499646465,2019-04-29T01:00:46.465Z,buy,5.172e-05,29.0,0.0014998799999999
RDN/BTC,1556499676250,2019-04-29T01:01:16.250Z,buy,5.171e-05,38.0,0.00196498
RDN/BTC,1556499677490,2019-04-29T01:01:17.490Z,sell,5.171e-05,36.0,0.00186156
RDN/BTC,1556500258098,2019-04-29T01:10:58.098Z,sell,5.168e-05,39.0,0.00201552
RDN/BTC,1556500272566,2019-04-29T01:11:12.566Z,sell,5.157e-05,374.0,0.01928718
RDN/BTC,1556500817160,2019-04-29T01:20:17.160Z,sell,5.158e-05,150.0,0.007737
RDN/BTC,1556500827333,2019-04-29T01:20:27.333Z,buy,5.157e-05,150.0,0.0077355
RDN/BTC,1556500853193,2019-04-29T01:20:53.193Z,buy,5.157e-05,27.0,0.00139239
RDN/BTC,1556500857780,2019-04-29T01:20:57.780Z,buy,5.157e-05,88.0,0.00453816
RDN/BTC,1556500860735,2019-04-29T01:21:00.735Z,buy,5.157e-05,30.0,0.0015471
RDN/BTC,1556500860735,2019-04-29T01:21:00.735Z,buy,5.157e-05,30.0,0.0015471
RDN/BTC,1556501193985,2019-04-29T01:26:33.985Z,buy,5.157e-05,21.0,0.00108297
RDN/BTC,1556501241594,2019-04-29T01:27:21.594Z,buy,5.156e-05,150.0,0.007734
RDN/BTC,1556501241594,2019-04-29T01:27:21.594Z,buy,5.157e-05,286.0,0.01474902
RDN/BTC,1556501467417,2019-04-29T01:31:07.417Z,buy,5.157e-05,83.0,0.00428031
RDN/BTC,1556501467483,2019-04-29T01:31:07.483Z,buy,5.157e-05,64.0,0.00330048
RDN/BTC,1556501490190,2019-04-29T01:31:30.190Z,buy,5.157e-05,96.0,0.00495072
RDN/BTC,1556501490232,2019-04-29T01:31:30.232Z,buy,5.157e-05,72.0,0.00371304
RDN/BTC,1556501640648,2019-04-29T01:34:00.648Z,sell,5.155e-05,51.0,0.00262905
RDN/BTC,1556502055188,2019-04-29T01:40:55.188Z,buy,5.158e-05,72.0,0.00371376
RDN/BTC,1556502513263,2019-04-29T01:48:33.263Z,buy,5.158e-05,178.0,0.00918124
RDN/BTC,1556502656773,2019-04-29T01:50:56.773Z,buy,5.158e-05,81.0,0.0041779799999999
RDN/BTC,1556502659467,2019-04-29T01:50:59.467Z,buy,5.158e-05,87.0,0.0044874599999999
RDN/BTC,1556502662373,2019-04-29T01:51:02.373Z,buy,5.158e-05,77.0,0.00397166
RDN/BTC,1556502725854,2019-04-29T01:52:05.854Z,buy,5.158e-05,120.0,0.0061896
RDN/BTC,1556502764260,2019-04-29T01:52:44.260Z,buy,5.158e-05,40.0,0.0020632
RDN/BTC,1556503002654,2019-04-29T01:56:42.654Z,buy,5.158e-05,23.0,0.00118634
RDN/BTC,1556503053568,2019-04-29T01:57:33.568Z,buy,5.158e-05,61.0,0.00314638
RDN/BTC,1556503067829,2019-04-29T01:57:47.829Z,buy,5.158e-05,1758.0,0.0906776399999999
RDN/BTC,1556503262395,2019-04-29T02:01:02.395Z,sell,5.162e-05,67.0,0.00345854
RDN/BTC,1556503858757,2019-04-29T02:10:58.757Z,buy,5.161e-05,40.0,0.0020644
RDN/BTC,1556503860941,2019-04-29T02:11:00.941Z,buy,5.161e-05,43.0,0.00221923
RDN/BTC,1556503868495,2019-04-29T02:11:08.495Z,buy,5.161e-05,53.0,0.00273533
RDN/BTC,1556504078659,2019-04-29T02:14:38.659Z,buy,5.161e-05,4.0,0.00020644
RDN/BTC,1556504078659,2019-04-29T02:14:38.659Z,buy,5.161e-05,4.0,0.00020644
RDN/BTC,1556504753506,2019-04-29T02:25:53.506Z,sell,5.156e-05,194.0,0.01000264
RDN/BTC,1556505058942,2019-04-29T02:30:58.942Z,buy,5.164e-05,70.0,0.0036148
RDN/BTC,1556505062934,2019-04-29T02:31:02.934Z,sell,5.163e-05,31.0,0.00160053
RDN/BTC,1556505063134,2019-04-29T02:31:03.134Z,buy,5.164e-05,43.0,0.00222052
RDN/BTC,1556505066029,2019-04-29T02:31:06.029Z,buy,5.164e-05,33.0,0.00170412
RDN/BTC,1556505189385,2019-04-29T02:33:09.385Z,sell,5.162e-05,578.0,0.02983636
RDN/BTC,1556505189426,2019-04-29T02:33:09.426Z,sell,5.162e-05,520.0,0.0268424
RDN/BTC,1556505189433,2019-04-29T02:33:09.433Z,sell,5.162e-05,20.0,0.0010324
RDN/BTC,1556505191413,2019-04-29T02:33:11.413Z,sell,5.162e-05,602.0,0.0310752399999999
RDN/BTC,1556505191684,2019-04-29T02:33:11.684Z,sell,5.162e-05,1707.0,0.08811534
RDN/BTC,1556505191688,2019-04-29T02:33:11.688Z,sell,5.162e-05,1800.0,0.092916
RDN/BTC,1556505191690,2019-04-29T02:33:11.690Z,sell,5.162e-05,1526.0,0.07877212
RDN/BTC,1556505194144,2019-04-29T02:33:14.144Z,sell,5.162e-05,887.0,0.04578694
RDN/BTC,1556505247910,2019-04-29T02:34:07.910Z,buy,5.164e-05,33.0,0.00170412
RDN/BTC,1556505250211,2019-04-29T02:34:10.211Z,sell,5.155e-05,422.0,0.0217541
RDN/BTC,1556505267064,2019-04-29T02:34:27.064Z,buy,5.16e-05,355.0,0.018318
RDN/BTC,1556505317698,2019-04-29T02:35:17.698Z,sell,5.155e-05,355.0,0.01830025
RDN/BTC,1556505993306,2019-04-29T02:46:33.306Z,sell,5.155e-05,600.0,0.03093
RDN/BTC,1556506250216,2019-04-29T02:50:50.216Z,sell,5.163e-05,110.0,0.0056793
RDN/BTC,1556506272219,2019-04-29T02:51:12.219Z,buy,5.165e-05,77.0,0.00397705
RDN/BTC,1556506272229,2019-04-29T02:51:12.229Z,buy,5.165e-05,67.0,0.00346055
RDN/BTC,1556506444246,2019-04-29T02:54:04.246Z,sell,5.155e-05,97.0,0.00500035
RDN/BTC,1556506630986,2019-04-29T02:57:10.986Z,sell,5.161e-05,149.0,0.00768989
RDN/BTC,1556507456419,2019-04-29T03:10:56.419Z,buy,5.165e-05,80.0,0.004132
RDN/BTC,1556507462864,2019-04-29T03:11:02.864Z,buy,5.165e-05,63.0,0.00325395
RDN/BTC,1556507497314,2019-04-29T03:11:37.314Z,buy,5.165e-05,54.0,0.0027891
RDN/BTC,1556507610374,2019-04-29T03:13:30.374Z,buy,5.165e-05,266.0,0.0137389
RDN/BTC,1556507610374,2019-04-29T03:13:30.374Z,buy,5.165e-05,266.0,0.0137389
RDN/BTC,1556507773552,2019-04-29T03:16:13.552Z,buy,5.165e-05,4811.0,0.24848815
RDN/BTC,1556507773552,2019-04-29T03:16:13.552Z,buy,5.166e-05,209.0,0.01079694
RDN/BTC,1556507799322,2019-04-29T03:16:39.322Z,buy,5.174e-05,144.0,0.00745056
RDN/BTC,1556507799322,2019-04-29T03:16:39.322Z,buy,5.178e-05,501.0,0.02594178
RDN/BTC,1556507799322,2019-04-29T03:16:39.322Z,buy,5.179e-05,2707.0,0.1401955299999999
RDN/BTC,1556507836417,2019-04-29T03:17:16.417Z,buy,5.18e-05,66.0,0.0034188
RDN/BTC,1556507836417,2019-04-29T03:17:16.417Z,buy,5.183e-05,20.0,0.0010366
RDN/BTC,1556507836417,2019-04-29T03:17:16.417Z,buy,5.184e-05,201.0,0.01041984
RDN/BTC,1556507836417,2019-04-29T03:17:16.417Z,buy,5.185e-05,290.0,0.0150365
RDN/BTC,1556507838070,2019-04-29T03:17:18.070Z,buy,5.184e-05,663.0,0.03436992
RDN/BTC,1556507838070,2019-04-29T03:17:18.070Z,buy,5.185e-05,17.0,0.00088145
RDN/BTC,1556507838070,2019-04-29T03:17:18.070Z,buy,5.186e-05,145.0,0.0075197
RDN/BTC,1556507838070,2019-04-29T03:17:18.070Z,buy,5.187e-05,38.0,0.00197106
RDN/BTC,1556507838070,2019-04-29T03:17:18.070Z,buy,5.189e-05,94.0,0.00487766
RDN/BTC,1556507838070,2019-04-29T03:17:18.070Z,buy,5.19e-05,802.0,0.0416238
RDN/BTC,1556507838070,2019-04-29T03:17:18.070Z,buy,5.191e-05,729.0,0.03784239
RDN/BTC,1556507838070,2019-04-29T03:17:18.070Z,buy,5.193e-05,442.0,0.02295306
RDN/BTC,1556507841747,2019-04-29T03:17:21.747Z,buy,5.198e-05,1336.0,0.06944528
RDN/BTC,1556507841747,2019-04-29T03:17:21.747Z,buy,5.199e-05,501.0,0.02604699
RDN/BTC,1556507841747,2019-04-29T03:17:21.747Z,buy,5.2e-05,96.0,0.004992
RDN/BTC,1556507841747,2019-04-29T03:17:21.747Z,buy,5.201e-05,3588.0,0.18661188
RDN/BTC,1556507841747,2019-04-29T03:17:21.747Z,buy,5.202e-05,3062.0,0.15928524
RDN/BTC,1556507856352,2019-04-29T03:17:36.352Z,sell,5.2e-05,74.0,0.003848
RDN/BTC,1556507858652,2019-04-29T03:17:38.652Z,sell,5.2e-05,29.0,0.001508
RDN/BTC,1556507859405,2019-04-29T03:17:39.405Z,buy,5.203e-05,218.0,0.01134254
RDN/BTC,1556507888214,2019-04-29T03:18:08.214Z,buy,5.195e-05,20.0,0.001039
RDN/BTC,1556507902454,2019-04-29T03:18:22.454Z,buy,5.206e-05,479.0,0.02493674
RDN/BTC,1556507902454,2019-04-29T03:18:22.454Z,buy,5.207e-05,97.0,0.00505079
RDN/BTC,1556507902454,2019-04-29T03:18:22.454Z,buy,5.21e-05,375.0,0.0195375
RDN/BTC,1556507905613,2019-04-29T03:18:25.613Z,buy,5.222e-05,23.0,0.0012010599999999
RDN/BTC,1556507920774,2019-04-29T03:18:40.774Z,sell,5.195e-05,20.0,0.001039
RDN/BTC,1556507929744,2019-04-29T03:18:49.744Z,buy,5.222e-05,3.0,0.0001566599999999
RDN/BTC,1556507929744,2019-04-29T03:18:49.744Z,buy,5.224e-05,20.0,0.0010448
RDN/BTC,1556507929744,2019-04-29T03:18:49.744Z,buy,5.225e-05,902.0,0.0471295
RDN/BTC,1556508046696,2019-04-29T03:20:46.696Z,buy,5.196e-05,87.0,0.00452052
RDN/BTC,1556508046926,2019-04-29T03:20:46.926Z,buy,5.199e-05,102.0,0.00530298
RDN/BTC,1556508056231,2019-04-29T03:20:56.231Z,buy,5.197e-05,160.0,0.0083152
RDN/BTC,1556509307458,2019-04-29T03:41:47.458Z,sell,5.189e-05,47.0,0.00243883
RDN/BTC,1556509379337,2019-04-29T03:42:59.337Z,sell,5.189e-05,47.0,0.00243883
RDN/BTC,1556509886650,2019-04-29T03:51:26.650Z,buy,5.214e-05,37.0,0.00192918
RDN/BTC,1556509927061,2019-04-29T03:52:07.061Z,buy,5.214e-05,88.0,0.00458832
RDN/BTC,1556509929093,2019-04-29T03:52:09.093Z,buy,5.215e-05,154.0,0.0080311
RDN/BTC,1556509931405,2019-04-29T03:52:11.405Z,buy,5.222e-05,51.0,0.00266322
RDN/BTC,1556509997164,2019-04-29T03:53:17.164Z,sell,5.188e-05,332.0,0.01722416
RDN/BTC,1556509997164,2019-04-29T03:53:17.164Z,sell,5.181e-05,57.0,0.00295317
RDN/BTC,1556509997164,2019-04-29T03:53:17.164Z,sell,5.18e-05,1178.0,0.0610203999999999
RDN/BTC,1556509997164,2019-04-29T03:53:17.164Z,sell,5.166e-05,549.0,0.02836134
RDN/BTC,1556509997164,2019-04-29T03:53:17.164Z,sell,5.165e-05,618.0,0.0319197
RDN/BTC,1556509997179,2019-04-29T03:53:17.179Z,buy,5.165e-05,741.0,0.03827265
RDN/BTC,1556509997187,2019-04-29T03:53:17.187Z,buy,5.165e-05,13.0,0.00067145
RDN/BTC,1556509999181,2019-04-29T03:53:19.181Z,sell,5.168e-05,171.0,0.00883728
RDN/BTC,1556510437363,2019-04-29T04:00:37.363Z,sell,5.176e-05,99.0,0.0051242399999999
RDN/BTC,1556510437363,2019-04-29T04:00:37.363Z,sell,5.175e-05,52.0,0.002691
RDN/BTC,1556510473512,2019-04-29T04:01:13.512Z,buy,5.179e-05,63.0,0.00326277
RDN/BTC,1556510725922,2019-04-29T04:05:25.922Z,sell,5.164e-05,376.0,0.01941664
RDN/BTC,1556510813961,2019-04-29T04:06:53.961Z,buy,5.173e-05,3.0,0.00015519
RDN/BTC,1556510874601,2019-04-29T04:07:54.601Z,buy,5.172e-05,243.0,0.01256796
RDN/BTC,1556510874601,2019-04-29T04:07:54.601Z,buy,5.186e-05,5.0,0.0002593
RDN/BTC,1556510877531,2019-04-29T04:07:57.531Z,buy,5.186e-05,304.0,0.01576544
RDN/BTC,1556510877531,2019-04-29T04:07:57.531Z,buy,5.194e-05,855.0,0.0444087
RDN/BTC,1556511056495,2019-04-29T04:10:56.495Z,buy,5.166e-05,52.0,0.00268632
RDN/BTC,1556511056762,2019-04-29T04:10:56.762Z,sell,5.165e-05,70.0,0.0036155
RDN/BTC,1556511070501,2019-04-29T04:11:10.501Z,sell,5.168e-05,91.0,0.0047028799999999
RDN/BTC,1556511070501,2019-04-29T04:11:10.501Z,sell,5.168e-05,91.0,0.0047028799999999
RDN/BTC,1556511626342,2019-04-29T04:20:26.342Z,sell,5.168e-05,698.0,0.03607264
RDN/BTC,1556511626342,2019-04-29T04:20:26.342Z,sell,5.166e-05,46.0,0.0023763599999999
RDN/BTC,1556511663403,2019-04-29T04:21:03.403Z,sell,5.198e-05,72.0,0.00374256
RDN/BTC,1556511762323,2019-04-29T04:22:42.323Z,buy,5.205e-05,106.0,0.0055173
RDN/BTC,1556512257289,2019-04-29T04:30:57.289Z,sell,5.175e-05,38.0,0.0019665
RDN/BTC,1556512267937,2019-04-29T04:31:07.937Z,buy,5.169e-05,20.0,0.0010338
RDN/BTC,1556512271599,2019-04-29T04:31:11.599Z,buy,5.165e-05,57.0,0.00294405
RDN/BTC,1556512275503,2019-04-29T04:31:15.503Z,sell,5.164e-05,59.0,0.00304676
RDN/BTC,1556512852986,2019-04-29T04:40:52.986Z,sell,5.193e-05,102.0,0.00529686
RDN/BTC,1556512862587,2019-04-29T04:41:02.587Z,sell,5.194e-05,70.0,0.0036358
RDN/BTC,1556512862587,2019-04-29T04:41:02.587Z,sell,5.192e-05,60.0,0.0031152
RDN/BTC,1556512975190,2019-04-29T04:42:55.190Z,sell,5.165e-05,662.0,0.0341923
RDN/BTC,1556512989573,2019-04-29T04:43:09.573Z,sell,5.165e-05,294.0,0.0151851
RDN/BTC,1556513012011,2019-04-29T04:43:32.011Z,sell,5.164e-05,414.0,0.02137896
RDN/BTC,1556513022703,2019-04-29T04:43:42.703Z,sell,5.164e-05,456.0,0.02354784
RDN/BTC,1556513403455,2019-04-29T04:50:03.455Z,sell,5.164e-05,27.0,0.00139428
RDN/BTC,1556513465068,2019-04-29T04:51:05.068Z,sell,5.164e-05,194.0,0.01001816
RDN/BTC,1556513912625,2019-04-29T04:58:32.625Z,sell,5.164e-05,23.0,0.00118772
RDN/BTC,1556514061786,2019-04-29T05:01:01.786Z,sell,5.194e-05,61.0,0.00316834
RDN/BTC,1556514265364,2019-04-29T05:04:25.364Z,buy,5.194e-05,38.0,0.00197372
RDN/BTC,1556514648842,2019-04-29T05:10:48.842Z,buy,5.171e-05,24.0,0.00124104
RDN/BTC,1556514660370,2019-04-29T05:11:00.370Z,buy,5.165e-05,33.0,0.00170445
RDN/BTC,1556514660370,2019-04-29T05:11:00.370Z,buy,5.167e-05,83.0,0.00428861
RDN/BTC,1556514660370,2019-04-29T05:11:00.370Z,buy,5.165e-05,33.0,0.00170445
RDN/BTC,1556514660370,2019-04-29T05:11:00.370Z,buy,5.167e-05,83.0,0.00428861
RDN/BTC,1556515257900,2019-04-29T05:20:57.900Z,sell,5.19e-05,47.0,0.0024393
RDN/BTC,1556515264172,2019-04-29T05:21:04.172Z,buy,5.193e-05,73.0,0.00379089
RDN/BTC,1556515264243,2019-04-29T05:21:04.243Z,buy,5.193e-05,73.0,0.00379089
RDN/BTC,1556515282722,2019-04-29T05:21:22.722Z,buy,5.196e-05,40.0,0.0020783999999999
RDN/BTC,1556515306035,2019-04-29T05:21:46.035Z,sell,5.196e-05,23.0,0.0011950799999999
RDN/BTC,1556515856946,2019-04-29T05:30:56.946Z,sell,5.164e-05,64.0,0.00330496
RDN/BTC,1556515858677,2019-04-29T05:30:58.677Z,sell,5.164e-05,86.0,0.00444104
RDN/BTC,1556515862035,2019-04-29T05:31:02.035Z,sell,5.164e-05,72.0,0.00371808
RDN/BTC,1556515869094,2019-04-29T05:31:09.094Z,buy,5.164e-05,41.0,0.00211724
RDN/BTC,1556515869094,2019-04-29T05:31:09.094Z,buy,5.185e-05,202.0,0.0104737
RDN/BTC,1556516125829,2019-04-29T05:35:25.829Z,sell,5.161e-05,20.0,0.0010322
RDN/BTC,1556516464427,2019-04-29T05:41:04.427Z,buy,5.194e-05,40.0,0.0020776
RDN/BTC,1556516469248,2019-04-29T05:41:09.248Z,buy,5.194e-05,646.0,0.03355324
RDN/BTC,1556516474295,2019-04-29T05:41:14.295Z,buy,5.196e-05,20.0,0.0010391999999999
RDN/BTC,1556516485818,2019-04-29T05:41:25.818Z,buy,5.199e-05,33.0,0.00171567
RDN/BTC,1556516496476,2019-04-29T05:41:36.476Z,buy,5.202e-05,34.0,0.00176868
RDN/BTC,1556516724538,2019-04-29T05:45:24.538Z,buy,5.195e-05,191.0,0.00992245
RDN/BTC,1556517003091,2019-04-29T05:50:03.091Z,sell,5.195e-05,846.0,0.0439497
RDN/BTC,1556517052048,2019-04-29T05:50:52.048Z,buy,5.167e-05,53.0,0.00273851
RDN/BTC,1556517075213,2019-04-29T05:51:15.213Z,buy,5.161e-05,37.0,0.00190957
RDN/BTC,1556517107185,2019-04-29T05:51:47.185Z,sell,5.163e-05,195.0,0.01006785
RDN/BTC,1556517310673,2019-04-29T05:55:10.673Z,buy,5.184e-05,38.0,0.00196992
RDN/BTC,1556517328335,2019-04-29T05:55:28.335Z,buy,5.198e-05,681.0,0.03539838
RDN/BTC,1556517328361,2019-04-29T05:55:28.361Z,sell,5.198e-05,135.0,0.0070173
RDN/BTC,1556517328372,2019-04-29T05:55:28.372Z,sell,5.198e-05,44.0,0.00228712
RDN/BTC,1556517356663,2019-04-29T05:55:56.663Z,buy,5.188e-05,182.0,0.00944216
RDN/BTC,1556517569549,2019-04-29T05:59:29.549Z,buy,5.194e-05,48.0,0.00249312
RDN/BTC,1556517574765,2019-04-29T05:59:34.765Z,buy,5.197e-05,152.0,0.00789944
RDN/BTC,1556517596778,2019-04-29T05:59:56.778Z,buy,5.197e-05,299.0,0.0155390299999999
RDN/BTC,1556517620341,2019-04-29T06:00:20.341Z,buy,5.195e-05,110.0,0.0057145
RDN/BTC,1556517647982,2019-04-29T06:00:47.982Z,buy,5.196e-05,181.0,0.00940476
RDN/BTC,1556517648312,2019-04-29T06:00:48.312Z,sell,5.196e-05,222.0,0.01153512
RDN/BTC,1556517648312,2019-04-29T06:00:48.312Z,sell,5.195e-05,33.0,0.00171435
RDN/BTC,1556517903561,2019-04-29T06:05:03.561Z,buy,5.196e-05,180.0,0.0093528
RDN/BTC,1556517903561,2019-04-29T06:05:03.561Z,buy,5.199e-05,274.0,0.01424526
RDN/BTC,1556517903561,2019-04-29T06:05:03.561Z,buy,5.2e-05,8148.0,0.4236959999999999
RDN/BTC,1556517903583,2019-04-29T06:05:03.583Z,buy,5.203e-05,20.0,0.0010406
RDN/BTC,1556517903583,2019-04-29T06:05:03.583Z,buy,5.21e-05,588.0,0.0306348
RDN/BTC,1556517911609,2019-04-29T06:05:11.609Z,buy,5.231e-05,382.0,0.01998242
RDN/BTC,1556517914115,2019-04-29T06:05:14.115Z,buy,5.241e-05,45.0,0.00235845
RDN/BTC,1556517916201,2019-04-29T06:05:16.201Z,buy,5.235e-05,382.0,0.0199977
RDN/BTC,1556517916227,2019-04-29T06:05:16.227Z,sell,5.24e-05,619.0,0.0324356
RDN/BTC,1556517916283,2019-04-29T06:05:16.283Z,sell,5.24e-05,135.0,0.0070739999999999
RDN/BTC,1556517916414,2019-04-29T06:05:16.414Z,sell,5.24e-05,44.0,0.0023056
RDN/BTC,1556517916594,2019-04-29T06:05:16.594Z,buy,5.241e-05,5.0,0.00026205
RDN/BTC,1556517916594,2019-04-29T06:05:16.594Z,buy,5.242e-05,1959.0,0.10269078
RDN/BTC,1556517916594,2019-04-29T06:05:16.594Z,buy,5.246e-05,1161.0,0.06090606
RDN/BTC,1556517916594,2019-04-29T06:05:16.594Z,buy,5.25e-05,38.0,0.001995
RDN/BTC,1556517916904,2019-04-29T06:05:16.904Z,sell,5.24e-05,628.0,0.0329072
RDN/BTC,1556517916956,2019-04-29T06:05:16.956Z,sell,5.24e-05,600.0,0.03144
RDN/BTC,1556517917008,2019-04-29T06:05:17.008Z,sell,5.24e-05,251.0,0.0131524
RDN/BTC,1556517917098,2019-04-29T06:05:17.098Z,sell,5.24e-05,1283.0,0.0672292
RDN/BTC,1556517917253,2019-04-29T06:05:17.253Z,sell,5.24e-05,1600.0,0.08384
RDN/BTC,1556517917568,2019-04-29T06:05:17.568Z,sell,5.241e-05,1906.0,0.09989346
RDN/BTC,1556517917568,2019-04-29T06:05:17.568Z,sell,5.24e-05,1159.0,0.0607316
RDN/BTC,1556517917741,2019-04-29T06:05:17.741Z,sell,5.24e-05,600.0,0.03144
RDN/BTC,1556517917964,2019-04-29T06:05:17.964Z,sell,5.24e-05,64.0,0.0033536
RDN/BTC,1556517918922,2019-04-29T06:05:18.922Z,sell,5.24e-05,455.0,0.023842
RDN/BTC,1556517919596,2019-04-29T06:05:19.596Z,buy,5.242e-05,381.0,0.01997202
RDN/BTC,1556517919630,2019-04-29T06:05:19.630Z,buy,5.253e-05,23.0,0.00120819
RDN/BTC,1556517919767,2019-04-29T06:05:19.767Z,sell,5.241e-05,190.0,0.0099579
RDN/BTC,1556517919767,2019-04-29T06:05:19.767Z,sell,5.24e-05,193.0,0.0101132
RDN/BTC,1556517920360,2019-04-29T06:05:20.360Z,sell,5.24e-05,95.0,0.004978
RDN/BTC,1556517920384,2019-04-29T06:05:20.384Z,sell,5.24e-05,497.0,0.0260428
RDN/BTC,1556517921614,2019-04-29T06:05:21.614Z,sell,5.24e-05,954.0,0.0499896
RDN/BTC,1556517922802,2019-04-29T06:05:22.802Z,buy,5.244e-05,381.0,0.01997964
RDN/BTC,1556517922837,2019-04-29T06:05:22.837Z,sell,5.24e-05,517.0,0.0270907999999999
RDN/BTC,1556517923484,2019-04-29T06:05:23.484Z,sell,5.24e-05,319.0,0.0167156
RDN/BTC,1556517923785,2019-04-29T06:05:23.785Z,sell,5.24e-05,742.0,0.0388808
RDN/BTC,1556517925889,2019-04-29T06:05:25.889Z,sell,5.241e-05,814.0,0.04266174
RDN/BTC,1556517925889,2019-04-29T06:05:25.889Z,sell,5.24e-05,140.0,0.007336
RDN/BTC,1556517926605,2019-04-29T06:05:26.605Z,buy,5.244e-05,381.0,0.01997964
RDN/BTC,1556517927410,2019-04-29T06:05:27.410Z,sell,5.24e-05,153.0,0.0080172
RDN/BTC,1556517927479,2019-04-29T06:05:27.479Z,sell,5.24e-05,32.0,0.0016768
RDN/BTC,1556517927927,2019-04-29T06:05:27.927Z,sell,5.24e-05,578.0,0.0302872
RDN/BTC,1556517929607,2019-04-29T06:05:29.607Z,buy,5.241e-05,383.0,0.02007303
RDN/BTC,1556517929637,2019-04-29T06:05:29.637Z,sell,5.24e-05,382.0,0.0200168
RDN/BTC,1556517929847,2019-04-29T06:05:29.847Z,sell,5.24e-05,247.0,0.0129427999999999
RDN/BTC,1556517930146,2019-04-29T06:05:30.146Z,sell,5.24e-05,27.0,0.0014148
RDN/BTC,1556517930337,2019-04-29T06:05:30.337Z,sell,5.24e-05,814.0,0.0426536
RDN/BTC,1556517933609,2019-04-29T06:05:33.609Z,buy,5.244e-05,152.0,0.00797088
RDN/BTC,1556517934476,2019-04-29T06:05:34.476Z,sell,5.241e-05,954.0,0.04999914
RDN/BTC,1556517938583,2019-04-29T06:05:38.583Z,sell,5.241e-05,1.0,5.241e-05
RDN/BTC,1556517938583,2019-04-29T06:05:38.583Z,sell,5.24e-05,181.0,0.0094844
RDN/BTC,1556517961574,2019-04-29T06:06:01.574Z,sell,5.244e-05,609.0,0.03193596
RDN/BTC,1556517961574,2019-04-29T06:06:01.574Z,sell,5.24e-05,2812.0,0.1473488
RDN/BTC,1556517961905,2019-04-29T06:06:01.905Z,sell,5.24e-05,20.0,0.0010479999999999
RDN/BTC,1556518000870,2019-04-29T06:06:40.870Z,sell,5.24e-05,188.0,0.0098512
RDN/BTC,1556518057422,2019-04-29T06:07:37.422Z,sell,5.24e-05,27.0,0.0014148
RDN/BTC,1556518155633,2019-04-29T06:09:15.633Z,buy,5.259e-05,144.0,0.00757296
RDN/BTC,1556518173222,2019-04-29T06:09:33.222Z,buy,5.259e-05,1291.0,0.06789369
RDN/BTC,1556518173275,2019-04-29T06:09:33.275Z,sell,5.259e-05,23.0,0.00120957
RDN/BTC,1556518254246,2019-04-29T06:10:54.246Z,sell,5.259e-05,67.0,0.00352353
RDN/BTC,1556518255501,2019-04-29T06:10:55.501Z,sell,5.259e-05,228.0,0.01199052
RDN/BTC,1556518257701,2019-04-29T06:10:57.701Z,sell,5.259e-05,165.0,0.00867735
RDN/BTC,1556518258905,2019-04-29T06:10:58.905Z,sell,5.259e-05,177.0,0.00930843
RDN/BTC,1556518258905,2019-04-29T06:10:58.905Z,sell,5.259e-05,177.0,0.00930843
RDN/BTC,1556518263111,2019-04-29T06:11:03.111Z,sell,5.259e-05,325.0,0.01709175
RDN/BTC,1556518320633,2019-04-29T06:12:00.633Z,buy,5.26e-05,700.0,0.03682
RDN/BTC,1556518320633,2019-04-29T06:12:00.633Z,buy,5.262e-05,3102.0,0.16322724
RDN/BTC,1556518320659,2019-04-29T06:12:00.659Z,buy,5.262e-05,117.0,0.00615654
RDN/BTC,1556518320659,2019-04-29T06:12:00.659Z,buy,5.264e-05,159.0,0.00836976
RDN/BTC,1556518357447,2019-04-29T06:12:37.447Z,buy,5.265e-05,19.0,0.00100035
RDN/BTC,1556518357447,2019-04-29T06:12:37.447Z,buy,5.281e-05,19.0,0.00100339
RDN/BTC,1556518357447,2019-04-29T06:12:37.447Z,buy,5.282e-05,1153.0,0.06090146
RDN/BTC,1556518357489,2019-04-29T06:12:37.489Z,sell,5.282e-05,49.0,0.00258818
RDN/BTC,1556518357564,2019-04-29T06:12:37.564Z,sell,5.282e-05,61.0,0.00322202
RDN/BTC,1556518358915,2019-04-29T06:12:38.915Z,sell,5.282e-05,107.0,0.00565174
RDN/BTC,1556518363269,2019-04-29T06:12:43.269Z,sell,5.282e-05,104.0,0.00549328
RDN/BTC,1556518370589,2019-04-29T06:12:50.589Z,sell,5.282e-05,380.0,0.0200716
RDN/BTC,1556518372921,2019-04-29T06:12:52.921Z,sell,5.282e-05,101.0,0.00533482
RDN/BTC,1556518385515,2019-04-29T06:13:05.515Z,sell,5.282e-05,23.0,0.00121486
RDN/BTC,1556518385985,2019-04-29T06:13:05.985Z,sell,5.282e-05,23.0,0.00121486
RDN/BTC,1556518386317,2019-04-29T06:13:06.317Z,sell,5.282e-05,20.0,0.0010563999999999
RDN/BTC,1556518398240,2019-04-29T06:13:18.240Z,sell,5.282e-05,224.0,0.01183168
RDN/BTC,1556518416840,2019-04-29T06:13:36.840Z,sell,5.261e-05,278.0,0.01462558
RDN/BTC,1556518479144,2019-04-29T06:14:39.144Z,sell,5.26e-05,223.0,0.0117298
RDN/BTC,1556518858991,2019-04-29T06:20:58.991Z,sell,5.261e-05,88.0,0.00462968
RDN/BTC,1556518859189,2019-04-29T06:20:59.189Z,buy,5.262e-05,93.0,0.00489366
RDN/BTC,1556518859232,2019-04-29T06:20:59.232Z,sell,5.261e-05,85.0,0.00447185
RDN/BTC,1556518863425,2019-04-29T06:21:03.425Z,buy,5.262e-05,95.0,0.0049989
RDN/BTC,1556519169808,2019-04-29T06:26:09.808Z,sell,5.263e-05,67.0,0.00352621
RDN/BTC,1556519366868,2019-04-29T06:29:26.868Z,buy,5.279e-05,325.0,0.01715675
RDN/BTC,1556519366868,2019-04-29T06:29:26.868Z,buy,5.286e-05,613.0,0.03240318
RDN/BTC,1556519367041,2019-04-29T06:29:27.041Z,sell,5.286e-05,89.0,0.00470454
RDN/BTC,1556519367124,2019-04-29T06:29:27.124Z,sell,5.286e-05,43.0,0.00227298
RDN/BTC,1556519407515,2019-04-29T06:30:07.515Z,buy,5.299e-05,28.0,0.00148372
RDN/BTC,1556519407515,2019-04-29T06:30:07.515Z,buy,5.3e-05,30.0,0.00159
RDN/BTC,1556519408362,2019-04-29T06:30:08.362Z,sell,5.3e-05,20.0,0.00106
RDN/BTC,1556519420334,2019-04-29T06:30:20.334Z,buy,5.304e-05,22.0,0.00116688
RDN/BTC,1556519456244,2019-04-29T06:30:56.244Z,sell,5.3e-05,119.0,0.006307
RDN/BTC,1556519456378,2019-04-29T06:30:56.378Z,sell,5.3e-05,199.0,0.010547
RDN/BTC,1556519459630,2019-04-29T06:30:59.630Z,sell,5.3e-05,116.0,0.006148
RDN/BTC,1556519461079,2019-04-29T06:31:01.079Z,sell,5.3e-05,958.0,0.050774
RDN/BTC,1556519461082,2019-04-29T06:31:01.082Z,sell,5.3e-05,1480.0,0.07844
RDN/BTC,1556519466534,2019-04-29T06:31:06.534Z,sell,5.3e-05,96.0,0.005088
RDN/BTC,1556519466750,2019-04-29T06:31:06.750Z,sell,5.3e-05,148.0,0.007844
RDN/BTC,1556519467491,2019-04-29T06:31:07.491Z,buy,5.303e-05,7490.0,0.3971947
RDN/BTC,1556519467644,2019-04-29T06:31:07.644Z,sell,5.303e-05,25.0,0.0013257499999999
RDN/BTC,1556519484115,2019-04-29T06:31:24.115Z,buy,5.304e-05,2375.0,0.12597
RDN/BTC,1556519485009,2019-04-29T06:31:25.009Z,buy,5.304e-05,28.0,0.00148512
RDN/BTC,1556519488222,2019-04-29T06:31:28.222Z,sell,5.303e-05,368.0,0.01951504
RDN/BTC,1556519497777,2019-04-29T06:31:37.777Z,buy,5.304e-05,3032.0,0.16081728
RDN/BTC,1556519497777,2019-04-29T06:31:37.777Z,buy,5.306e-05,19.0,0.00100814
RDN/BTC,1556519501030,2019-04-29T06:31:41.030Z,sell,5.306e-05,94.0,0.00498764
RDN/BTC,1556519501471,2019-04-29T06:31:41.471Z,sell,5.306e-05,38.0,0.00201628
RDN/BTC,1556519508623,2019-04-29T06:31:48.623Z,buy,5.309e-05,37.0,0.00196433
RDN/BTC,1556519508623,2019-04-29T06:31:48.623Z,buy,5.311e-05,882.0,0.04684302
RDN/BTC,1556519508785,2019-04-29T06:31:48.785Z,buy,5.312e-05,95.0,0.0050464
RDN/BTC,1556519509947,2019-04-29T06:31:49.947Z,sell,5.311e-05,23.0,0.00122153
RDN/BTC,1556519511541,2019-04-29T06:31:51.541Z,sell,5.312e-05,37.0,0.00196544
RDN/BTC,1556519512111,2019-04-29T06:31:52.111Z,sell,5.312e-05,30.0,0.0015936
RDN/BTC,1556519520285,2019-04-29T06:32:00.285Z,sell,5.311e-05,795.0,0.04222245
RDN/BTC,1556519535783,2019-04-29T06:32:15.783Z,sell,5.312e-05,28.0,0.00148736
RDN/BTC,1556519639925,2019-04-29T06:33:59.925Z,buy,5.315e-05,35.0,0.00186025
RDN/BTC,1556519639925,2019-04-29T06:33:59.925Z,buy,5.321e-05,32.0,0.00170272
RDN/BTC,1556519639925,2019-04-29T06:33:59.925Z,buy,5.322e-05,33.0,0.00175626
RDN/BTC,1556519670889,2019-04-29T06:34:30.889Z,sell,5.313e-05,94.0,0.00499422
RDN/BTC,1556519672493,2019-04-29T06:34:32.493Z,buy,5.319e-05,88.0,0.0046807199999999
RDN/BTC,1556519672493,2019-04-29T06:34:32.493Z,buy,5.322e-05,166.0,0.00883452
RDN/BTC,1556519710310,2019-04-29T06:35:10.310Z,buy,5.322e-05,1384.0,0.07365648
RDN/BTC,1556519710455,2019-04-29T06:35:10.455Z,sell,5.322e-05,47.0,0.00250134
RDN/BTC,1556519716066,2019-04-29T06:35:16.066Z,buy,5.331e-05,2844.0,0.15161364
RDN/BTC,1556519716140,2019-04-29T06:35:16.140Z,sell,5.331e-05,25.0,0.00133275
RDN/BTC,1556519717055,2019-04-29T06:35:17.055Z,buy,5.332e-05,117.0,0.00623844
RDN/BTC,1556519729293,2019-04-29T06:35:29.293Z,sell,5.337e-05,36.0,0.00192132
RDN/BTC,1556519827996,2019-04-29T06:37:07.996Z,sell,5.337e-05,1.0,5.337e-05
RDN/BTC,1556519829737,2019-04-29T06:37:09.737Z,sell,5.321e-05,343.0,0.01825103
RDN/BTC,1556519829737,2019-04-29T06:37:09.737Z,sell,5.319e-05,230.0,0.0122337
RDN/BTC,1556519829747,2019-04-29T06:37:09.747Z,sell,5.319e-05,11.0,0.0005850899999999
RDN/BTC,1556519829747,2019-04-29T06:37:09.747Z,sell,5.312e-05,121.0,0.00642752
RDN/BTC,1556519829747,2019-04-29T06:37:09.747Z,sell,5.307e-05,140.0,0.0074297999999999
RDN/BTC,1556519829767,2019-04-29T06:37:09.767Z,sell,5.307e-05,765.0,0.04059855
RDN/BTC,1556519833570,2019-04-29T06:37:13.570Z,buy,5.336e-05,74.0,0.00394864
RDN/BTC,1556519834140,2019-04-29T06:37:14.140Z,buy,5.336e-05,74.0,0.00394864
RDN/BTC,1556519834694,2019-04-29T06:37:14.694Z,buy,5.337e-05,74.0,0.00394938
RDN/BTC,1556519836402,2019-04-29T06:37:16.402Z,sell,5.31e-05,63.0,0.0033453
RDN/BTC,1556519841537,2019-04-29T06:37:21.537Z,buy,5.337e-05,74.0,0.00394938
RDN/BTC,1556519841908,2019-04-29T06:37:21.908Z,buy,5.337e-05,74.0,0.00394938
RDN/BTC,1556519885359,2019-04-29T06:38:05.359Z,sell,5.318e-05,67.0,0.00356306
RDN/BTC,1556520048317,2019-04-29T06:40:48.317Z,buy,5.311e-05,104.0,0.00552344
RDN/BTC,1556520077279,2019-04-29T06:41:17.279Z,sell,5.307e-05,202.0,0.01072014
RDN/BTC,1556520077442,2019-04-29T06:41:17.442Z,sell,5.307e-05,111.0,0.00589077
RDN/BTC,1556520166569,2019-04-29T06:42:46.569Z,sell,5.308e-05,19.0,0.00100852
RDN/BTC,1556520186017,2019-04-29T06:43:06.017Z,buy,5.336e-05,19.0,0.00101384
RDN/BTC,1556520597258,2019-04-29T06:49:57.258Z,sell,5.308e-05,34.0,0.00180472
RDN/BTC,1556520655369,2019-04-29T06:50:55.369Z,buy,5.308e-05,110.0,0.0058388
RDN/BTC,1556520655369,2019-04-29T06:50:55.369Z,buy,5.31e-05,51.0,0.0027081
RDN/BTC,1556520655369,2019-04-29T06:50:55.369Z,buy,5.312e-05,59.0,0.00313408
RDN/BTC,1556520945917,2019-04-29T06:55:45.917Z,sell,5.307e-05,55.0,0.0029188499999999
RDN/BTC,1556521157201,2019-04-29T06:59:17.201Z,buy,5.312e-05,27.0,0.00143424
RDN/BTC,1556521197317,2019-04-29T06:59:57.317Z,sell,5.307e-05,967.0,0.05131869
RDN/BTC,1556521217746,2019-04-29T07:00:17.746Z,sell,5.307e-05,317.0,0.01682319
RDN/BTC,1556521220738,2019-04-29T07:00:20.738Z,sell,5.31e-05,150.0,0.007965
RDN/BTC,1556521248776,2019-04-29T07:00:48.776Z,buy,5.297e-05,25.0,0.00132425
RDN/BTC,1556521259179,2019-04-29T07:00:59.179Z,buy,5.282e-05,51.0,0.00269382
RDN/BTC,1556521259179,2019-04-29T07:00:59.179Z,sell,5.277e-05,104.0,0.0054880799999999
RDN/BTC,1556521265420,2019-04-29T07:01:05.420Z,buy,5.282e-05,26.0,0.00137332
RDN/BTC,1556521265420,2019-04-29T07:01:05.420Z,buy,5.286e-05,88.0,0.00465168
RDN/BTC,1556521265690,2019-04-29T07:01:05.690Z,sell,5.278e-05,37.0,0.00195286
RDN/BTC,1556521266228,2019-04-29T07:01:06.228Z,buy,5.286e-05,19.0,0.00100434
RDN/BTC,1556521274882,2019-04-29T07:01:14.882Z,sell,5.279e-05,38.0,0.00200602
RDN/BTC,1556521376980,2019-04-29T07:02:56.980Z,sell,5.281e-05,37.0,0.0019539699999999
RDN/BTC,1556521377177,2019-04-29T07:02:57.177Z,buy,5.281e-05,39.0,0.00205959
RDN/BTC,1556521854872,2019-04-29T07:10:54.872Z,sell,5.28e-05,23.0,0.0012144
RDN/BTC,1556521854872,2019-04-29T07:10:54.872Z,sell,5.28e-05,23.0,0.0012144
RDN/BTC,1556521871692,2019-04-29T07:11:11.692Z,sell,5.28e-05,47.0,0.0024816
RDN/BTC,1556521926186,2019-04-29T07:12:06.186Z,buy,5.302e-05,37.0,0.00196174
RDN/BTC,1556521926186,2019-04-29T07:12:06.186Z,buy,5.311e-05,151.0,0.00801961
RDN/BTC,1556521979756,2019-04-29T07:12:59.756Z,buy,5.31e-05,70.0,0.003717
RDN/BTC,1556521979870,2019-04-29T07:12:59.870Z,sell,5.31e-05,42.0,0.0022302
RDN/BTC,1556521979972,2019-04-29T07:12:59.972Z,sell,5.31e-05,95.0,0.0050445
RDN/BTC,1556521990192,2019-04-29T07:13:10.192Z,buy,5.311e-05,188.0,0.00998468
RDN/BTC,1556522060931,2019-04-29T07:14:20.931Z,buy,5.311e-05,645.0,0.03425595
RDN/BTC,1556522150809,2019-04-29T07:15:50.809Z,sell,5.311e-05,93.0,0.00493923
RDN/BTC,1556522151666,2019-04-29T07:15:51.666Z,sell,5.311e-05,284.0,0.01508324
RDN/BTC,1556522194117,2019-04-29T07:16:34.117Z,buy,5.311e-05,19.0,0.00100909
RDN/BTC,1556522194935,2019-04-29T07:16:34.935Z,sell,5.311e-05,120.0,0.0063732
RDN/BTC,1556522452708,2019-04-29T07:20:52.708Z,sell,5.311e-05,59.0,0.00313349
RDN/BTC,1556522459588,2019-04-29T07:20:59.588Z,sell,5.311e-05,55.0,0.0029210499999999
RDN/BTC,1556522459629,2019-04-29T07:20:59.629Z,sell,5.311e-05,46.0,0.00244306
RDN/BTC,1556522630245,2019-04-29T07:23:50.245Z,buy,5.312e-05,37.0,0.00196544
RDN/BTC,1556522805748,2019-04-29T07:26:45.748Z,sell,5.311e-05,272.0,0.01444592
RDN/BTC,1556522825663,2019-04-29T07:27:05.663Z,sell,5.291e-05,161.0,0.00851851
RDN/BTC,1556522825663,2019-04-29T07:27:05.663Z,sell,5.284e-05,151.0,0.00797884
RDN/BTC,1556522825663,2019-04-29T07:27:05.663Z,sell,5.283e-05,874.0,0.04617342
RDN/BTC,1556522857946,2019-04-29T07:27:37.946Z,buy,5.311e-05,188.0,0.00998468
RDN/BTC,1556522954061,2019-04-29T07:29:14.061Z,buy,5.311e-05,726.0,0.03855786
RDN/BTC,1556523052259,2019-04-29T07:30:52.259Z,sell,5.297e-05,38.0,0.00201286
RDN/BTC,1556523228196,2019-04-29T07:33:48.196Z,sell,5.297e-05,306.0,0.01620882
RDN/BTC,1556523239610,2019-04-29T07:33:59.610Z,sell,5.283e-05,28.0,0.00147924
RDN/BTC,1556523658705,2019-04-29T07:40:58.705Z,sell,5.283e-05,21.0,0.00110943
RDN/BTC,1556523992161,2019-04-29T07:46:32.161Z,sell,5.283e-05,94.0,0.00496602
RDN/BTC,1556524044340,2019-04-29T07:47:24.340Z,buy,5.296e-05,399.0,0.02113104
RDN/BTC,1556524044340,2019-04-29T07:47:24.340Z,buy,5.31e-05,602.0,0.0319662
RDN/BTC,1556524044340,2019-04-29T07:47:24.340Z,buy,5.312e-05,2088.0,0.11091456
RDN/BTC,1556524147875,2019-04-29T07:49:07.875Z,buy,5.334e-05,238.0,0.01269492
RDN/BTC,1556524253714,2019-04-29T07:50:53.714Z,buy,5.287e-05,66.0,0.00348942
RDN/BTC,1556524258543,2019-04-29T07:50:58.543Z,buy,5.284e-05,67.0,0.00354028
RDN/BTC,1556524258543,2019-04-29T07:50:58.543Z,buy,5.285e-05,77.0,0.00406945
RDN/BTC,1556524941253,2019-04-29T08:02:21.253Z,buy,5.3e-05,1700.0,0.0901
RDN/BTC,1556524941253,2019-04-29T08:02:21.253Z,buy,5.3e-05,1700.0,0.0901
RDN/BTC,1556525465815,2019-04-29T08:11:05.815Z,buy,5.287e-05,38.0,0.00200906
RDN/BTC,1556525700538,2019-04-29T08:15:00.538Z,sell,5.29e-05,510.0,0.026979
RDN/BTC,1556525700538,2019-04-29T08:15:00.538Z,sell,5.289e-05,668.0,0.03533052
RDN/BTC,1556525700538,2019-04-29T08:15:00.538Z,sell,5.288e-05,57.0,0.00301416
RDN/BTC,1556525700817,2019-04-29T08:15:00.817Z,sell,5.286e-05,141.0,0.00745326
RDN/BTC,1556525702107,2019-04-29T08:15:02.107Z,buy,5.287e-05,631.0,0.03336097
RDN/BTC,1556525719829,2019-04-29T08:15:19.829Z,sell,5.285e-05,429.0,0.02267265
RDN/BTC,1556525719829,2019-04-29T08:15:19.829Z,sell,5.284e-05,2283.0,0.12063372
RDN/BTC,1556525719829,2019-04-29T08:15:19.829Z,sell,5.274e-05,1154.0,0.06086196
RDN/BTC,1556525719829,2019-04-29T08:15:19.829Z,sell,5.269e-05,188.0,0.00990572
RDN/BTC,1556525719829,2019-04-29T08:15:19.829Z,sell,5.268e-05,679.0,0.03576972
RDN/BTC,1556525720892,2019-04-29T08:15:20.892Z,sell,5.27e-05,37.0,0.0019499
RDN/BTC,1556525722418,2019-04-29T08:15:22.418Z,sell,5.271e-05,37.0,0.00195027
RDN/BTC,1556525854800,2019-04-29T08:17:34.800Z,sell,5.272e-05,164.0,0.0086460799999999
RDN/BTC,1556525854800,2019-04-29T08:17:34.800Z,sell,5.271e-05,102.0,0.00537642
RDN/BTC,1556525930001,2019-04-29T08:18:50.001Z,sell,5.271e-05,2.0,0.00010542
RDN/BTC,1556526063664,2019-04-29T08:21:03.664Z,sell,5.269e-05,109.0,0.0057432099999999
RDN/BTC,1556526063664,2019-04-29T08:21:03.664Z,sell,5.261e-05,419.0,0.02204359
RDN/BTC,1556526063664,2019-04-29T08:21:03.664Z,sell,5.256e-05,631.0,0.03316536
RDN/BTC,1556526078062,2019-04-29T08:21:18.062Z,sell,5.253e-05,61.0,0.00320433
RDN/BTC,1556526138166,2019-04-29T08:22:18.166Z,sell,5.253e-05,90.0,0.0047277
RDN/BTC,1556526138166,2019-04-29T08:22:18.166Z,sell,5.251e-05,161.0,0.0084541099999999
RDN/BTC,1556526138166,2019-04-29T08:22:18.166Z,sell,5.25e-05,69.0,0.0036225
RDN/BTC,1556526144434,2019-04-29T08:22:24.434Z,buy,5.27e-05,28.0,0.0014756
RDN/BTC,1556526147574,2019-04-29T08:22:27.574Z,sell,5.25e-05,219.0,0.0114975
RDN/BTC,1556526147574,2019-04-29T08:22:27.574Z,sell,5.247e-05,152.0,0.00797544
RDN/BTC,1556526147574,2019-04-29T08:22:27.574Z,sell,5.246e-05,11.0,0.00057706
RDN/BTC,1556526150352,2019-04-29T08:22:30.352Z,sell,5.246e-05,176.0,0.00923296
RDN/BTC,1556526150352,2019-04-29T08:22:30.352Z,sell,5.245e-05,360.0,0.018882
RDN/BTC,1556526230997,2019-04-29T08:23:50.997Z,sell,5.245e-05,192.0,0.0100704
RDN/BTC,1556526231004,2019-04-29T08:23:51.004Z,sell,5.245e-05,315.0,0.01652175
RDN/BTC,1556526231070,2019-04-29T08:23:51.070Z,sell,5.245e-05,61.0,0.00319945
RDN/BTC,1556526231075,2019-04-29T08:23:51.075Z,sell,5.245e-05,1926.0,0.1010187
RDN/BTC,1556526231080,2019-04-29T08:23:51.080Z,sell,5.245e-05,163.0,0.00854935
RDN/BTC,1556526231080,2019-04-29T08:23:51.080Z,sell,5.232e-05,29.0,0.00151728
RDN/BTC,1556526231080,2019-04-29T08:23:51.080Z,sell,5.232e-05,443.0,0.02317776
RDN/BTC,1556526231086,2019-04-29T08:23:51.086Z,sell,5.232e-05,289.0,0.01512048
RDN/BTC,1556526231465,2019-04-29T08:23:51.465Z,sell,5.234e-05,57.0,0.00298338
RDN/BTC,1556526231480,2019-04-29T08:23:51.480Z,sell,5.234e-05,44.0,0.0023029599999999
RDN/BTC,1556526231505,2019-04-29T08:23:51.505Z,sell,5.234e-05,28.0,0.0014655199999999
RDN/BTC,1556526234361,2019-04-29T08:23:54.361Z,sell,5.233e-05,51.0,0.00266883
RDN/BTC,1556526234361,2019-04-29T08:23:54.361Z,sell,5.232e-05,197.0,0.01030704
RDN/BTC,1556526247480,2019-04-29T08:24:07.480Z,sell,5.232e-05,39.0,0.00204048
RDN/BTC,1556526317881,2019-04-29T08:25:17.881Z,sell,5.236e-05,20.0,0.0010472
RDN/BTC,1556526317881,2019-04-29T08:25:17.881Z,sell,5.232e-05,223.0,0.01166736
RDN/BTC,1556526392965,2019-04-29T08:26:32.965Z,buy,5.241e-05,3.0,0.00015723
RDN/BTC,1556526429126,2019-04-29T08:27:09.126Z,buy,5.235e-05,88.0,0.0046067999999999
RDN/BTC,1556526429126,2019-04-29T08:27:09.126Z,buy,5.236e-05,22.0,0.00115192
RDN/BTC,1556526589392,2019-04-29T08:29:49.392Z,sell,5.223e-05,60.0,0.0031338
RDN/BTC,1556526589392,2019-04-29T08:29:49.392Z,sell,5.222e-05,13.0,0.00067886
RDN/BTC,1556526590918,2019-04-29T08:29:50.918Z,sell,5.222e-05,60.0,0.0031332
RDN/BTC,1556526835204,2019-04-29T08:33:55.204Z,sell,5.225e-05,25.0,0.00130625
RDN/BTC,1556527055599,2019-04-29T08:37:35.599Z,sell,5.226e-05,38.0,0.0019858799999999
RDN/BTC,1556527055599,2019-04-29T08:37:35.599Z,sell,5.225e-05,1391.0,0.07267975
RDN/BTC,1556527283232,2019-04-29T08:41:23.232Z,buy,5.252e-05,47.0,0.00246844
RDN/BTC,1556527888955,2019-04-29T08:51:28.955Z,sell,5.228e-05,100.0,0.005228
RDN/BTC,1556528260434,2019-04-29T08:57:40.434Z,buy,5.242e-05,203.0,0.01064126
RDN/BTC,1556528260434,2019-04-29T08:57:40.434Z,buy,5.245e-05,81.0,0.00424845
RDN/BTC,1556528327077,2019-04-29T08:58:47.077Z,buy,5.242e-05,227.0,0.01189934
RDN/BTC,1556528327077,2019-04-29T08:58:47.077Z,buy,5.242e-05,227.0,0.01189934
RDN/BTC,1556529129301,2019-04-29T09:12:09.301Z,buy,5.242e-05,21.0,0.00110082
RDN/BTC,1556530845291,2019-04-29T09:40:45.291Z,sell,5.224e-05,377.0,0.01969448
RDN/BTC,1556530969655,2019-04-29T09:42:49.655Z,sell,5.222e-05,38.0,0.00198436
RDN/BTC,1556530969923,2019-04-29T09:42:49.923Z,sell,5.222e-05,211.0,0.01101842
RDN/BTC,1556531316872,2019-04-29T09:48:36.872Z,sell,5.222e-05,79.0,0.00412538
RDN/BTC,1556531890267,2019-04-29T09:58:10.267Z,sell,5.222e-05,142.0,0.00741524
RDN/BTC,1556531915042,2019-04-29T09:58:35.042Z,buy,5.242e-05,42.0,0.00220164
RDN/BTC,1556531915042,2019-04-29T09:58:35.042Z,buy,5.242e-05,42.0,0.00220164
RDN/BTC,1556531963952,2019-04-29T09:59:23.952Z,buy,5.242e-05,31.0,0.00162502
RDN/BTC,1556532008702,2019-04-29T10:00:08.702Z,buy,5.242e-05,98.0,0.00513716
RDN/BTC,1556532008702,2019-04-29T10:00:08.702Z,buy,5.245e-05,56.0,0.0029372
RDN/BTC,1556532052060,2019-04-29T10:00:52.060Z,sell,5.222e-05,107.0,0.00558754
RDN/BTC,1556532082588,2019-04-29T10:01:22.588Z,sell,5.222e-05,42.0,0.00219324
RDN/BTC,1556532611616,2019-04-29T10:10:11.616Z,sell,5.222e-05,1922.0,0.10036684
RDN/BTC,1556532611616,2019-04-29T10:10:11.616Z,sell,5.211e-05,68.0,0.00354348
RDN/BTC,1556532611616,2019-04-29T10:10:11.616Z,sell,5.206e-05,307.0,0.01598242
RDN/BTC,1556532611616,2019-04-29T10:10:11.616Z,sell,5.205e-05,1027.0,0.05345535
RDN/BTC,1556532626205,2019-04-29T10:10:26.205Z,sell,5.2e-05,37.0,0.001924
RDN/BTC,1556532847727,2019-04-29T10:14:07.727Z,sell,5.207e-05,20.0,0.0010414
RDN/BTC,1556532847727,2019-04-29T10:14:07.727Z,sell,5.203e-05,17.0,0.00088451
RDN/BTC,1556533727772,2019-04-29T10:28:47.772Z,sell,5.203e-05,768.0,0.03995904
RDN/BTC,1556533727772,2019-04-29T10:28:47.772Z,sell,5.202e-05,1575.0,0.0819315
RDN/BTC,1556533727772,2019-04-29T10:28:47.772Z,sell,5.2e-05,1550.0,0.0805999999999999
RDN/BTC,1556533727798,2019-04-29T10:28:47.798Z,buy,5.2e-05,294.0,0.015288
RDN/BTC,1556533731097,2019-04-29T10:28:51.097Z,sell,5.198e-05,190.0,0.0098762
RDN/BTC,1556533737586,2019-04-29T10:28:57.586Z,sell,5.198e-05,162.0,0.00842076
RDN/BTC,1556533762192,2019-04-29T10:29:22.192Z,buy,5.216e-05,153.0,0.00798048
RDN/BTC,1556534367550,2019-04-29T10:39:27.550Z,sell,5.198e-05,33.0,0.00171534
RDN/BTC,1556534367550,2019-04-29T10:39:27.550Z,sell,5.188e-05,53.0,0.00274964
RDN/BTC,1556534566829,2019-04-29T10:42:46.829Z,sell,5.188e-05,26.0,0.00134888
RDN/BTC,1556534985168,2019-04-29T10:49:45.168Z,sell,5.188e-05,39.0,0.00202332
RDN/BTC,1556534985716,2019-04-29T10:49:45.716Z,sell,5.186e-05,90.0,0.0046674
RDN/BTC,1556534989279,2019-04-29T10:49:49.279Z,sell,5.186e-05,20.0,0.0010372
RDN/BTC,1556534989771,2019-04-29T10:49:49.771Z,sell,5.186e-05,61.0,0.00316346
RDN/BTC,1556535048661,2019-04-29T10:50:48.661Z,sell,5.186e-05,685.0,0.0355241
RDN/BTC,1556535069363,2019-04-29T10:51:09.363Z,sell,5.186e-05,40.0,0.0020744
RDN/BTC,1556535071022,2019-04-29T10:51:11.022Z,sell,5.186e-05,43.0,0.00222998
RDN/BTC,1556535178021,2019-04-29T10:52:58.021Z,sell,5.186e-05,60.0,0.0031116
RDN/BTC,1556535209688,2019-04-29T10:53:29.688Z,sell,5.186e-05,154.0,0.00798644
RDN/BTC,1556535214405,2019-04-29T10:53:34.405Z,sell,5.17e-05,154.0,0.0079618
RDN/BTC,1556535250365,2019-04-29T10:54:10.365Z,sell,5.157e-05,28.0,0.00144396
RDN/BTC,1556535250507,2019-04-29T10:54:10.507Z,buy,5.157e-05,168.0,0.00866376
RDN/BTC,1556535260322,2019-04-29T10:54:20.322Z,sell,5.156e-05,96.0,0.00494976
RDN/BTC,1556535260322,2019-04-29T10:54:20.322Z,sell,5.155e-05,14.0,0.0007217
RDN/BTC,1556535455603,2019-04-29T10:57:35.603Z,sell,5.156e-05,180.0,0.0092808
RDN/BTC,1556535455603,2019-04-29T10:57:35.603Z,sell,5.155e-05,18.0,0.0009279
RDN/BTC,1556535495441,2019-04-29T10:58:15.441Z,buy,5.181e-05,96.0,0.00497376
RDN/BTC,1556535495441,2019-04-29T10:58:15.441Z,buy,5.182e-05,96.0,0.00497472
RDN/BTC,1556535495441,2019-04-29T10:58:15.441Z,buy,5.184e-05,57.0,0.00295488
RDN/BTC,1556535495441,2019-04-29T10:58:15.441Z,buy,5.185e-05,37.0,0.00191845
RDN/BTC,1556535495441,2019-04-29T10:58:15.441Z,buy,5.181e-05,96.0,0.00497376
RDN/BTC,1556535495441,2019-04-29T10:58:15.441Z,buy,5.182e-05,96.0,0.00497472
RDN/BTC,1556535495441,2019-04-29T10:58:15.441Z,buy,5.184e-05,57.0,0.00295488
RDN/BTC,1556535495441,2019-04-29T10:58:15.441Z,buy,5.185e-05,37.0,0.00191845
RDN/BTC,1556535776786,2019-04-29T11:02:56.786Z,buy,5.184e-05,72.0,0.00373248
RDN/BTC,1556535788055,2019-04-29T11:03:08.055Z,buy,5.184e-05,45.0,0.0023328
RDN/BTC,1556536171234,2019-04-29T11:09:31.234Z,sell,5.155e-05,153.0,0.00788715
RDN/BTC,1556536181251,2019-04-29T11:09:41.251Z,sell,5.156e-05,152.0,0.00783712
RDN/BTC,1556536181251,2019-04-29T11:09:41.251Z,sell,5.155e-05,48.0,0.0024744
RDN/BTC,1556536229168,2019-04-29T11:10:29.168Z,sell,5.155e-05,111.0,0.00572205
RDN/BTC,1556536252473,2019-04-29T11:10:52.473Z,buy,5.154e-05,194.0,0.0099987599999999
RDN/BTC,1556536311327,2019-04-29T11:11:51.327Z,sell,5.151e-05,20.0,0.0010302
RDN/BTC,1556536311327,2019-04-29T11:11:51.327Z,sell,5.149e-05,777.0,0.04000773
RDN/BTC,1556536311327,2019-04-29T11:11:51.327Z,sell,5.148e-05,1060.0,0.0545688
RDN/BTC,1556536311327,2019-04-29T11:11:51.327Z,sell,5.147e-05,954.0,0.04910238
RDN/BTC,1556536311327,2019-04-29T11:11:51.327Z,sell,5.146e-05,74.0,0.00380804
RDN/BTC,1556536311327,2019-04-29T11:11:51.327Z,sell,5.145e-05,33.0,0.0016978499999999
RDN/BTC,1556536311327,2019-04-29T11:11:51.327Z,sell,5.144e-05,220.0,0.0113168
RDN/BTC,1556536311327,2019-04-29T11:11:51.327Z,sell,5.138e-05,65.0,0.0033397
RDN/BTC,1556536311355,2019-04-29T11:11:51.355Z,buy,5.138e-05,152.0,0.00780976
RDN/BTC,1556536311498,2019-04-29T11:11:51.498Z,buy,5.138e-05,32.0,0.00164416
RDN/BTC,1556536313842,2019-04-29T11:11:53.842Z,sell,5.134e-05,20.0,0.0010268
RDN/BTC,1556536350711,2019-04-29T11:12:30.711Z,sell,5.134e-05,64.0,0.00328576
RDN/BTC,1556536350711,2019-04-29T11:12:30.711Z,sell,5.133e-05,90.0,0.0046197
RDN/BTC,1556536444701,2019-04-29T11:14:04.701Z,sell,5.133e-05,4.0,0.00020532
RDN/BTC,1556536444805,2019-04-29T11:14:04.805Z,buy,5.133e-05,31.0,0.00159123
RDN/BTC,1556536444879,2019-04-29T11:14:04.879Z,sell,5.131e-05,74.0,0.00379694
RDN/BTC,1556536444965,2019-04-29T11:14:04.965Z,sell,5.131e-05,74.0,0.00379694
RDN/BTC,1556536445200,2019-04-29T11:14:05.200Z,sell,5.131e-05,8.0,0.00041048
RDN/BTC,1556536486670,2019-04-29T11:14:46.670Z,sell,5.129e-05,74.0,0.00379546
RDN/BTC,1556536487359,2019-04-29T11:14:47.359Z,sell,5.129e-05,39.0,0.00200031
RDN/BTC,1556536487882,2019-04-29T11:14:47.882Z,sell,5.129e-05,66.0,0.00338514
RDN/BTC,1556536494914,2019-04-29T11:14:54.914Z,buy,5.13e-05,20.0,0.001026
RDN/BTC,1556536820470,2019-04-29T11:20:20.470Z,buy,5.138e-05,109.0,0.00560042
RDN/BTC,1556536820470,2019-04-29T11:20:20.470Z,buy,5.139e-05,726.0,0.03730914
RDN/BTC,1556536992010,2019-04-29T11:23:12.010Z,buy,5.139e-05,291.0,0.01495449
RDN/BTC,1556536992276,2019-04-29T11:23:12.276Z,buy,5.139e-05,80.0,0.0041112
RDN/BTC,1556537200276,2019-04-29T11:26:40.276Z,buy,5.139e-05,615.0,0.03160485
RDN/BTC,1556537254313,2019-04-29T11:27:34.313Z,buy,5.14e-05,142.0,0.0072988
RDN/BTC,1556537254313,2019-04-29T11:27:34.313Z,buy,5.145e-05,587.0,0.03020115
RDN/BTC,1556537254313,2019-04-29T11:27:34.313Z,buy,5.155e-05,271.0,0.01397005
RDN/BTC,1556537265900,2019-04-29T11:27:45.900Z,buy,5.154e-05,20.0,0.0010308
RDN/BTC,1556537288074,2019-04-29T11:28:08.074Z,sell,5.139e-05,20.0,0.0010278
RDN/BTC,1556537556351,2019-04-29T11:32:36.351Z,sell,5.139e-05,71.0,0.00364869
RDN/BTC,1556537556351,2019-04-29T11:32:36.351Z,sell,5.129e-05,129.0,0.00661641
RDN/BTC,1556537595442,2019-04-29T11:33:15.442Z,sell,5.132e-05,20.0,0.0010264
RDN/BTC,1556537595442,2019-04-29T11:33:15.442Z,sell,5.129e-05,44.0,0.00225676
RDN/BTC,1556537595442,2019-04-29T11:33:15.442Z,sell,5.127e-05,50.0,0.0025635
RDN/BTC,1556537595845,2019-04-29T11:33:15.845Z,buy,5.127e-05,86.0,0.00440922
RDN/BTC,1556537598509,2019-04-29T11:33:18.509Z,sell,5.126e-05,20.0,0.0010252
RDN/BTC,1556537647969,2019-04-29T11:34:07.969Z,sell,5.119e-05,330.0,0.0168927
RDN/BTC,1556537723568,2019-04-29T11:35:23.568Z,buy,5.152e-05,620.0,0.0319424
RDN/BTC,1556537723568,2019-04-29T11:35:23.568Z,buy,5.153e-05,323.0,0.01664419
RDN/BTC,1556537723568,2019-04-29T11:35:23.568Z,buy,5.155e-05,1037.0,0.05345735
RDN/BTC,1556537881921,2019-04-29T11:38:01.921Z,buy,5.154e-05,536.0,0.0276254399999999
RDN/BTC,1556538037917,2019-04-29T11:40:37.917Z,buy,5.153e-05,68.0,0.00350404
RDN/BTC,1556538606956,2019-04-29T11:50:06.956Z,buy,5.153e-05,23.0,0.00118519
RDN/BTC,1556538606956,2019-04-29T11:50:06.956Z,buy,5.153e-05,23.0,0.00118519
RDN/BTC,1556540053558,2019-04-29T12:14:13.558Z,sell,5.14e-05,32.0,0.0016448
RDN/BTC,1556540232635,2019-04-29T12:17:12.635Z,sell,5.14e-05,300.0,0.01542
RDN/BTC,1556540327501,2019-04-29T12:18:47.501Z,sell,5.14e-05,100.0,0.00514
RDN/BTC,1556540365354,2019-04-29T12:19:25.354Z,sell,5.14e-05,581.0,0.0298634
RDN/BTC,1556540494827,2019-04-29T12:21:34.827Z,buy,5.154e-05,195.0,0.0100503
RDN/BTC,1556540552860,2019-04-29T12:22:32.860Z,buy,5.154e-05,21.0,0.00108234
RDN/BTC,1556540668183,2019-04-29T12:24:28.183Z,sell,5.14e-05,91.0,0.0046774
RDN/BTC,1556540675799,2019-04-29T12:24:35.799Z,sell,5.14e-05,866.0,0.0445124
RDN/BTC,1556540675799,2019-04-29T12:24:35.799Z,sell,5.125e-05,330.0,0.0169125
RDN/BTC,1556540812648,2019-04-29T12:26:52.648Z,sell,5.121e-05,56.0,0.00286776
RDN/BTC,1556540812648,2019-04-29T12:26:52.648Z,sell,5.12e-05,2619.0,0.1340927999999999
RDN/BTC,1556540812648,2019-04-29T12:26:52.648Z,sell,5.119e-05,1750.0,0.0895825
RDN/BTC,1556540813108,2019-04-29T12:26:53.108Z,sell,5.108e-05,28.0,0.00143024
RDN/BTC,1556540813108,2019-04-29T12:26:53.108Z,sell,5.1e-05,92.0,0.004692
RDN/BTC,1556540814660,2019-04-29T12:26:54.660Z,buy,5.114e-05,143.0,0.00731302
RDN/BTC,1556540817896,2019-04-29T12:26:57.896Z,sell,5.1e-05,38.0,0.001938
RDN/BTC,1556540998990,2019-04-29T12:29:58.990Z,sell,5.104e-05,608.0,0.03103232
RDN/BTC,1556540998990,2019-04-29T12:29:58.990Z,sell,5.101e-05,528.0,0.02693328
RDN/BTC,1556540998990,2019-04-29T12:29:58.990Z,sell,5.1e-05,2060.0,0.10506
RDN/BTC,1556540998990,2019-04-29T12:29:58.990Z,sell,5.099e-05,20.0,0.0010198
RDN/BTC,1556540998990,2019-04-29T12:29:58.990Z,sell,5.098e-05,100.0,0.005098
RDN/BTC,1556540998990,2019-04-29T12:29:58.990Z,sell,5.097e-05,986.0,0.05025642
RDN/BTC,1556540998990,2019-04-29T12:29:58.990Z,sell,5.086e-05,352.0,0.01790272
RDN/BTC,1556540998990,2019-04-29T12:29:58.990Z,sell,5.084e-05,289.0,0.01469276
RDN/BTC,1556540998990,2019-04-29T12:29:58.990Z,sell,5.07e-05,334.0,0.0169338
RDN/BTC,1556540998990,2019-04-29T12:29:58.990Z,sell,5.067e-05,20.0,0.0010134
RDN/BTC,1556540998990,2019-04-29T12:29:58.990Z,sell,5.062e-05,229.0,0.01159198
RDN/BTC,1556540998990,2019-04-29T12:29:58.990Z,sell,5.061e-05,319.0,0.01614459
RDN/BTC,1556540998990,2019-04-29T12:29:58.990Z,sell,5.059e-05,28.0,0.00141652
RDN/BTC,1556540998990,2019-04-29T12:29:58.990Z,sell,5.043e-05,197.0,0.00993471
RDN/BTC,1556540998990,2019-04-29T12:29:58.990Z,sell,5.042e-05,59.0,0.00297478
RDN/BTC,1556540998990,2019-04-29T12:29:58.990Z,sell,5.036e-05,587.0,0.02956132
RDN/BTC,1556540998990,2019-04-29T12:29:58.990Z,sell,5.035e-05,1184.0,0.0596144
RDN/BTC,1556540998990,2019-04-29T12:29:58.990Z,sell,5.031e-05,128.0,0.00643968
RDN/BTC,1556540998990,2019-04-29T12:29:58.990Z,sell,5.028e-05,197.0,0.00990516
RDN/BTC,1556540998990,2019-04-29T12:29:58.990Z,sell,5.027e-05,36.0,0.00180972
RDN/BTC,1556540998990,2019-04-29T12:29:58.990Z,sell,5.026e-05,1136.0,0.05709536
RDN/BTC,1556540998990,2019-04-29T12:29:58.990Z,sell,5.025e-05,561.0,0.02819025
RDN/BTC,1556540998990,2019-04-29T12:29:58.990Z,sell,5.012e-05,6577.0,0.32963924
RDN/BTC,1556540999599,2019-04-29T12:29:59.599Z,buy,5.08e-05,111.0,0.0056388
RDN/BTC,1556540999893,2019-04-29T12:29:59.893Z,buy,5.08e-05,364.0,0.0184912
RDN/BTC,1556541000017,2019-04-29T12:30:00.017Z,buy,5.08e-05,606.0,0.0307848
RDN/BTC,1556541001719,2019-04-29T12:30:01.719Z,sell,5.09e-05,20.0,0.001018
RDN/BTC,1556541005621,2019-04-29T12:30:05.621Z,sell,5.09e-05,40.0,0.002036
RDN/BTC,1556541022984,2019-04-29T12:30:22.984Z,sell,5.062e-05,83.0,0.00420146
RDN/BTC,1556541022984,2019-04-29T12:30:22.984Z,sell,5.061e-05,347.0,0.0175616699999999
RDN/BTC,1556541022984,2019-04-29T12:30:22.984Z,sell,5.055e-05,20.0,0.001011
RDN/BTC,1556541022984,2019-04-29T12:30:22.984Z,sell,5.021e-05,108.0,0.00542268
RDN/BTC,1556541023232,2019-04-29T12:30:23.232Z,sell,5.022e-05,262.0,0.01315764
RDN/BTC,1556541024255,2019-04-29T12:30:24.255Z,sell,5.025e-05,27.0,0.00135675
RDN/BTC,1556541024612,2019-04-29T12:30:24.612Z,sell,5.025e-05,272.0,0.013668
RDN/BTC,1556541024722,2019-04-29T12:30:24.722Z,sell,5.026e-05,37.0,0.00185962
RDN/BTC,1556541026144,2019-04-29T12:30:26.144Z,sell,5.027e-05,21.0,0.0010556699999999
RDN/BTC,1556541026433,2019-04-29T12:30:26.433Z,sell,5.028e-05,681.0,0.03424068
RDN/BTC,1556541026433,2019-04-29T12:30:26.433Z,sell,5.027e-05,238.0,0.0119642599999999
RDN/BTC,1556541027022,2019-04-29T12:30:27.022Z,sell,5.027e-05,125.0,0.0062837499999999
RDN/BTC,1556541027129,2019-04-29T12:30:27.129Z,sell,5.027e-05,140.0,0.0070377999999999
RDN/BTC,1556541027151,2019-04-29T12:30:27.151Z,sell,5.027e-05,20.0,0.0010054
RDN/BTC,1556541027427,2019-04-29T12:30:27.427Z,sell,5.025e-05,21.0,0.00105525
RDN/BTC,1556541027536,2019-04-29T12:30:27.536Z,sell,5.027e-05,150.0,0.0075404999999999
RDN/BTC,1556541027536,2019-04-29T12:30:27.536Z,sell,5.026e-05,30.0,0.0015078
RDN/BTC,1556541027536,2019-04-29T12:30:27.536Z,sell,5.024e-05,54.0,0.00271296
RDN/BTC,1556541033921,2019-04-29T12:30:33.921Z,sell,5.028e-05,71.0,0.00356988
RDN/BTC,1556541039358,2019-04-29T12:30:39.358Z,sell,5.036e-05,34.0,0.0017122399999999
RDN/BTC,1556541039358,2019-04-29T12:30:39.358Z,sell,5.035e-05,41.0,0.00206435
RDN/BTC,1556541041860,2019-04-29T12:30:41.860Z,sell,5.035e-05,2.0,0.0001007
RDN/BTC,1556541041860,2019-04-29T12:30:41.860Z,sell,5.028e-05,559.0,0.02810652
RDN/BTC,1556541041860,2019-04-29T12:30:41.860Z,sell,5.027e-05,190.0,0.0095513
RDN/BTC,1556541041860,2019-04-29T12:30:41.860Z,sell,5.013e-05,151.0,0.00756963
RDN/BTC,1556541041860,2019-04-29T12:30:41.860Z,sell,5.011e-05,1257.0,0.06298827
RDN/BTC,1556541041860,2019-04-29T12:30:41.860Z,sell,5.01e-05,29.0,0.0014529
RDN/BTC,1556541041860,2019-04-29T12:30:41.860Z,sell,5.009e-05,20.0,0.0010018
RDN/BTC,1556541041860,2019-04-29T12:30:41.860Z,sell,5.008e-05,72.0,0.00360576
RDN/BTC,1556541041860,2019-04-29T12:30:41.860Z,sell,5.007e-05,3232.0,0.16182624
RDN/BTC,1556541044734,2019-04-29T12:30:44.734Z,buy,5.041e-05,26.0,0.00131066
RDN/BTC,1556541053864,2019-04-29T12:30:53.864Z,sell,5.013e-05,36.0,0.00180468
RDN/BTC,1556541060140,2019-04-29T12:31:00.140Z,buy,5.038e-05,25.0,0.0012595
RDN/BTC,1556541060307,2019-04-29T12:31:00.307Z,sell,5.025e-05,39.0,0.00195975
RDN/BTC,1556541060307,2019-04-29T12:31:00.307Z,sell,5.014e-05,213.0,0.01067982
RDN/BTC,1556541060307,2019-04-29T12:31:00.307Z,sell,5.013e-05,351.0,0.01759563
RDN/BTC,1556541090020,2019-04-29T12:31:30.020Z,sell,5.023e-05,39.0,0.00195897
RDN/BTC,1556541090119,2019-04-29T12:31:30.119Z,buy,5.022e-05,214.0,0.01074708
RDN/BTC,1556541090123,2019-04-29T12:31:30.123Z,buy,5.022e-05,164.0,0.00823608
RDN/BTC,1556541097657,2019-04-29T12:31:37.657Z,buy,5.038e-05,198.0,0.00997524
RDN/BTC,1556541098634,2019-04-29T12:31:38.634Z,buy,5.038e-05,26.0,0.00130988
RDN/BTC,1556541107680,2019-04-29T12:31:47.680Z,buy,5.038e-05,41.0,0.00206558
RDN/BTC,1556541107680,2019-04-29T12:31:47.680Z,buy,5.039e-05,54.0,0.00272106
RDN/BTC,1556541142513,2019-04-29T12:32:22.513Z,sell,5.03e-05,20.0,0.001006
RDN/BTC,1556541142513,2019-04-29T12:32:22.513Z,sell,5.013e-05,613.0,0.03072969
RDN/BTC,1556541142513,2019-04-29T12:32:22.513Z,sell,5.007e-05,762.0,0.03815334
RDN/BTC,1556541142513,2019-04-29T12:32:22.513Z,sell,5.001e-05,352.0,0.0176035199999999
RDN/BTC,1556541142513,2019-04-29T12:32:22.513Z,sell,5e-05,81.0,0.00405
RDN/BTC,1556541142528,2019-04-29T12:32:22.528Z,buy,5e-05,1870.0,0.0935
RDN/BTC,1556541146534,2019-04-29T12:32:26.534Z,sell,4.998e-05,233.0,0.01164534
RDN/BTC,1556541150609,2019-04-29T12:32:30.609Z,buy,4.998e-05,25.0,0.0012495
RDN/BTC,1556541167406,2019-04-29T12:32:47.406Z,buy,4.998e-05,151.0,0.00754698
RDN/BTC,1556541169189,2019-04-29T12:32:49.189Z,buy,5.036e-05,20.0,0.0010072
RDN/BTC,1556541172158,2019-04-29T12:32:52.158Z,buy,5.035e-05,30.0,0.0015105
RDN/BTC,1556541188235,2019-04-29T12:33:08.235Z,sell,5.001e-05,21.0,0.00105021
RDN/BTC,1556541192367,2019-04-29T12:33:12.367Z,sell,5.002e-05,28.0,0.00140056
RDN/BTC,1556541221267,2019-04-29T12:33:41.267Z,sell,5.003e-05,23.0,0.00115069
RDN/BTC,1556541281278,2019-04-29T12:34:41.278Z,buy,5.012e-05,31.0,0.00155372
RDN/BTC,1556541298096,2019-04-29T12:34:58.096Z,sell,5.008e-05,24.0,0.00120192
RDN/BTC,1556541340518,2019-04-29T12:35:40.518Z,buy,5.01e-05,117.0,0.0058617
RDN/BTC,1556541340518,2019-04-29T12:35:40.518Z,buy,5.011e-05,79.0,0.00395869
RDN/BTC,1556541368685,2019-04-29T12:36:08.685Z,buy,5.011e-05,40.0,0.0020044
RDN/BTC,1556541386081,2019-04-29T12:36:26.081Z,sell,5.009e-05,60.0,0.0030054
RDN/BTC,1556541386081,2019-04-29T12:36:26.081Z,sell,5.008e-05,409.0,0.02048272
RDN/BTC,1556541407536,2019-04-29T12:36:47.536Z,buy,5.011e-05,312.0,0.01563432
RDN/BTC,1556541411059,2019-04-29T12:36:51.059Z,buy,5.012e-05,469.0,0.02350628
RDN/BTC,1556541495856,2019-04-29T12:38:15.856Z,buy,5.024e-05,21.0,0.00105504
RDN/BTC,1556541496130,2019-04-29T12:38:16.130Z,buy,5.024e-05,129.0,0.00648096
RDN/BTC,1556541496216,2019-04-29T12:38:16.216Z,sell,5.024e-05,359.0,0.01803616
RDN/BTC,1556541496679,2019-04-29T12:38:16.679Z,sell,5.024e-05,150.0,0.007536
RDN/BTC,1556541512094,2019-04-29T12:38:32.094Z,buy,5.033e-05,177.0,0.00890841
RDN/BTC,1556541523046,2019-04-29T12:38:43.046Z,sell,5.024e-05,197.0,0.00989728
RDN/BTC,1556541601718,2019-04-29T12:40:01.718Z,sell,5.025e-05,210.0,0.0105525
RDN/BTC,1556541601718,2019-04-29T12:40:01.718Z,sell,5.024e-05,38.0,0.00190912
RDN/BTC,1556541685615,2019-04-29T12:41:25.615Z,buy,5.041e-05,39.0,0.00196599
RDN/BTC,1556541685615,2019-04-29T12:41:25.615Z,buy,5.041e-05,73.0,0.00367993
RDN/BTC,1556541688779,2019-04-29T12:41:28.779Z,sell,5.01e-05,150.0,0.007515
RDN/BTC,1556542016637,2019-04-29T12:46:56.637Z,buy,5.041e-05,13.0,0.00065533
RDN/BTC,1556542020091,2019-04-29T12:47:00.091Z,sell,5.041e-05,1970.0,0.0993077
RDN/BTC,1556542032094,2019-04-29T12:47:12.094Z,sell,5.02e-05,295.0,0.014809
RDN/BTC,1556542032144,2019-04-29T12:47:12.144Z,buy,5.019e-05,378.0,0.01897182
RDN/BTC,1556542032149,2019-04-29T12:47:12.149Z,buy,5.019e-05,245.0,0.01229655
