symbol,timestamp,datetime,side,price,amount,btc_volume
RDN/BTC,1583079303996,2020-03-01T16:15:03.996Z,buy,1.429e-05,70.0,0.0010003
RDN/BTC,1583079304568,2020-03-01T16:15:04.568Z,buy,1.429e-05,112.0,0.00160048
RDN/BTC,1583079304634,2020-03-01T16:15:04.634Z,sell,1.428e-05,1506.0,0.02150568
RDN/BTC,1583079306121,2020-03-01T16:15:06.121Z,buy,1.429e-05,423.0,0.00604467
RDN/BTC,1583079306943,2020-03-01T16:15:06.943Z,buy,1.429e-05,8.0,0.00011432
RDN/BTC,1583079968388,2020-03-01T16:26:08.388Z,buy,1.429e-05,7.0,0.00010003
RDN/BTC,1583080507235,2020-03-01T16:35:07.235Z,buy,1.428e-05,8.0,0.00011424
RDN/BTC,1583080541728,2020-03-01T16:35:41.728Z,sell,1.42e-05,10.0,0.0001419999999999
RDN/BTC,1583080541728,2020-03-01T16:35:41.728Z,sell,1.416e-05,1158.0,0.01639728
RDN/BTC,1583080570542,2020-03-01T16:36:10.542Z,sell,1.411e-05,208.0,0.00293488
RDN/BTC,1583080571414,2020-03-01T16:36:11.414Z,buy,1.411e-05,1125.0,0.01587375
RDN/BTC,1583080575906,2020-03-01T16:36:15.906Z,buy,1.411e-05,50.0,0.0007055
RDN/BTC,1583080584359,2020-03-01T16:36:24.359Z,sell,1.41e-05,71.0,0.0010011
RDN/BTC,1583080595586,2020-03-01T16:36:35.586Z,buy,1.41e-05,89.0,0.0012549
RDN/BTC,1583080600304,2020-03-01T16:36:40.304Z,sell,1.408e-05,42.0,0.00059136
RDN/BTC,1583080618435,2020-03-01T16:36:58.435Z,sell,1.407e-05,74.0,0.00104118
RDN/BTC,1583080625400,2020-03-01T16:37:05.400Z,buy,1.41e-05,213.0,0.0030033
RDN/BTC,1583080664802,2020-03-01T16:37:44.802Z,sell,1.408e-05,8.0,0.00011264
RDN/BTC,1583080664802,2020-03-01T16:37:44.802Z,sell,1.407e-05,37.0,0.00052059
RDN/BTC,1583080664802,2020-03-01T16:37:44.802Z,sell,1.405e-05,8.0,0.0001124
RDN/BTC,1583080664802,2020-03-01T16:37:44.802Z,sell,1.404e-05,100.0,0.0014039999999999
RDN/BTC,1583080664802,2020-03-01T16:37:44.802Z,sell,1.4e-05,200.0,0.0028
RDN/BTC,1583080664811,2020-03-01T16:37:44.811Z,buy,1.4e-05,1111.0,0.015554
RDN/BTC,1583080665001,2020-03-01T16:37:45.001Z,buy,1.4e-05,82.0,0.001148
RDN/BTC,1583080666779,2020-03-01T16:37:46.779Z,sell,1.398e-05,78.0,0.00109044
RDN/BTC,1583080706975,2020-03-01T16:38:26.975Z,sell,1.399e-05,350.0,0.0048965
RDN/BTC,1583080718019,2020-03-01T16:38:38.019Z,buy,1.4e-05,114.0,0.001596
RDN/BTC,1583080719001,2020-03-01T16:38:39.001Z,buy,1.407e-05,1021.0,0.01436547
RDN/BTC,1583080719001,2020-03-01T16:38:39.001Z,buy,1.409e-05,375.0,0.00528375
RDN/BTC,1583080719001,2020-03-01T16:38:39.001Z,buy,1.41e-05,146.0,0.0020586
RDN/BTC,1583080782486,2020-03-01T16:39:42.486Z,sell,1.4e-05,238.0,0.003332
RDN/BTC,1583080782508,2020-03-01T16:39:42.508Z,sell,1.4e-05,202.0,0.002828
RDN/BTC,1583080782680,2020-03-01T16:39:42.680Z,sell,1.4e-05,138.0,0.001932
RDN/BTC,1583080786056,2020-03-01T16:39:46.056Z,sell,1.401e-05,14.0,0.00019614
RDN/BTC,1583080786056,2020-03-01T16:39:46.056Z,sell,1.399e-05,84.0,0.00117516
RDN/BTC,1583080786284,2020-03-01T16:39:46.284Z,sell,1.4e-05,453.0,0.0063419999999999
RDN/BTC,1583080786284,2020-03-01T16:39:46.284Z,sell,1.399e-05,191.0,0.00267209
RDN/BTC,1583080786477,2020-03-01T16:39:46.477Z,sell,1.399e-05,694.0,0.00970906
RDN/BTC,1583080786477,2020-03-01T16:39:46.477Z,sell,1.397e-05,26.0,0.00036322
RDN/BTC,1583080926338,2020-03-01T16:42:06.338Z,buy,1.404e-05,69.0,0.0009687599999999
RDN/BTC,1583081273981,2020-03-01T16:47:53.981Z,sell,1.398e-05,547.0,0.00764706
RDN/BTC,1583081275010,2020-03-01T16:47:55.010Z,sell,1.397e-05,91.0,0.00127127
RDN/BTC,1583081304914,2020-03-01T16:48:24.914Z,sell,1.393e-05,53.0,0.00073829
RDN/BTC,1583081348287,2020-03-01T16:49:08.287Z,buy,1.393e-05,8.0,0.00011144
RDN/BTC,1583081351810,2020-03-01T16:49:11.810Z,sell,1.391e-05,15.0,0.00020865
RDN/BTC,1583081418233,2020-03-01T16:50:18.233Z,sell,1.39e-05,17.0,0.0002363
RDN/BTC,1583081472870,2020-03-01T16:51:12.870Z,sell,1.386e-05,8.0,0.00011088
RDN/BTC,1583081472949,2020-03-01T16:51:12.949Z,buy,1.386e-05,48.0,0.00066528
RDN/BTC,1583081591262,2020-03-01T16:53:11.262Z,buy,1.39e-05,564.0,0.0078396
RDN/BTC,1583081633350,2020-03-01T16:53:53.350Z,buy,1.392e-05,446.0,0.00620832
RDN/BTC,1583081633350,2020-03-01T16:53:53.350Z,buy,1.392e-05,446.0,0.00620832
RDN/BTC,1583082407676,2020-03-01T17:06:47.676Z,sell,1.389e-05,276.0,0.00383364
RDN/BTC,1583082608410,2020-03-01T17:10:08.410Z,buy,1.391e-05,4737.0,0.06589167
RDN/BTC,1583082631903,2020-03-01T17:10:31.903Z,buy,1.403e-05,5345.0,0.07499035
RDN/BTC,1583082691856,2020-03-01T17:11:31.856Z,buy,1.402e-05,70.0,0.0009814
RDN/BTC,1583082709230,2020-03-01T17:11:49.230Z,buy,1.402e-05,69.0,0.00096738
RDN/BTC,1583084089339,2020-03-01T17:34:49.339Z,buy,1.399e-05,357.0,0.00499443
RDN/BTC,1583084089339,2020-03-01T17:34:49.339Z,buy,1.399e-05,357.0,0.00499443
RDN/BTC,1583085357514,2020-03-01T17:55:57.514Z,buy,1.399e-05,10.0,0.0001398999999999
RDN/BTC,1583085554638,2020-03-01T17:59:14.638Z,sell,1.394e-05,419.0,0.00584086
RDN/BTC,1583085580485,2020-03-01T17:59:40.485Z,sell,1.393e-05,8.0,0.00011144
RDN/BTC,1583085580485,2020-03-01T17:59:40.485Z,sell,1.389e-05,158.0,0.00219462
RDN/BTC,1583085780393,2020-03-01T18:03:00.393Z,sell,1.39e-05,46.0,0.0006394
RDN/BTC,1583086326012,2020-03-01T18:12:06.012Z,buy,1.401e-05,11.0,0.00015411
RDN/BTC,1583086435864,2020-03-01T18:13:55.864Z,sell,1.4e-05,85.0,0.00119
RDN/BTC,1583086673337,2020-03-01T18:17:53.337Z,sell,1.4e-05,15.0,0.00021
RDN/BTC,1583086673337,2020-03-01T18:17:53.337Z,sell,1.39e-05,1000.0,0.0139
RDN/BTC,1583086673365,2020-03-01T18:17:53.365Z,buy,1.39e-05,11521.0,0.1601419
RDN/BTC,1583086932860,2020-03-01T18:22:12.860Z,buy,1.399e-05,12.0,0.00016788
RDN/BTC,1583086932860,2020-03-01T18:22:12.860Z,buy,1.399e-05,12.0,0.00016788
RDN/BTC,1583087768680,2020-03-01T18:36:08.680Z,sell,1.389e-05,2663.0,0.03698907
RDN/BTC,1583087795092,2020-03-01T18:36:35.092Z,sell,1.388e-05,2451.0,0.0340198799999999
RDN/BTC,1583088590785,2020-03-01T18:49:50.785Z,buy,1.398e-05,714.0,0.00998172
RDN/BTC,1583088929962,2020-03-01T18:55:29.962Z,buy,1.398e-05,7003.0,0.09790194
RDN/BTC,1583089259732,2020-03-01T19:00:59.732Z,sell,1.387e-05,9.0,0.0001248299999999
RDN/BTC,1583089259732,2020-03-01T19:00:59.732Z,sell,1.385e-05,1.0,1.385e-05
RDN/BTC,1583089259732,2020-03-01T19:00:59.732Z,sell,1.385e-05,757.0,0.01048445
RDN/BTC,1583089259783,2020-03-01T19:00:59.783Z,sell,1.384e-05,245.0,0.0033908
RDN/BTC,1583089259875,2020-03-01T19:00:59.875Z,buy,1.384e-05,1989.0,0.02752776
RDN/BTC,1583089259875,2020-03-01T19:00:59.875Z,buy,1.385e-05,2226.0,0.0308301
RDN/BTC,1583089499132,2020-03-01T19:04:59.132Z,sell,1.383e-05,50.0,0.0006915
RDN/BTC,1583089499132,2020-03-01T19:04:59.132Z,sell,1.38e-05,109.0,0.0015042
RDN/BTC,1583089499132,2020-03-01T19:04:59.132Z,sell,1.379e-05,198.0,0.00273042
RDN/BTC,1583089499160,2020-03-01T19:04:59.160Z,buy,1.38e-05,180.0,0.002484
RDN/BTC,1583089503181,2020-03-01T19:05:03.181Z,sell,1.377e-05,86.0,0.00118422
RDN/BTC,1583089504652,2020-03-01T19:05:04.652Z,buy,1.38e-05,100.0,0.00138
RDN/BTC,1583089532163,2020-03-01T19:05:32.163Z,sell,1.379e-05,773.0,0.01065967
RDN/BTC,1583089540267,2020-03-01T19:05:40.267Z,buy,1.38e-05,434.0,0.0059892
RDN/BTC,1583089561982,2020-03-01T19:06:01.982Z,buy,1.38e-05,420.0,0.005796
RDN/BTC,1583089597407,2020-03-01T19:06:37.407Z,buy,1.38e-05,1064.0,0.0146832
RDN/BTC,1583089796116,2020-03-01T19:09:56.116Z,buy,1.381e-05,197.0,0.00272057
RDN/BTC,1583090187487,2020-03-01T19:16:27.487Z,buy,1.381e-05,79.0,0.00109099
RDN/BTC,1583090187487,2020-03-01T19:16:27.487Z,buy,1.382e-05,398.0,0.00550036
RDN/BTC,1583090189413,2020-03-01T19:16:29.413Z,buy,1.382e-05,116.0,0.00160312
RDN/BTC,1583090189413,2020-03-01T19:16:29.413Z,buy,1.382e-05,116.0,0.00160312
RDN/BTC,1583091287888,2020-03-01T19:34:47.888Z,sell,1.379e-05,9.0,0.00012411
RDN/BTC,1583091287888,2020-03-01T19:34:47.888Z,sell,1.378e-05,8.0,0.00011024
RDN/BTC,1583091287888,2020-03-01T19:34:47.888Z,sell,1.377e-05,74.0,0.00101898
RDN/BTC,1583091649356,2020-03-01T19:40:49.356Z,buy,1.382e-05,88.0,0.00121616
RDN/BTC,1583091821151,2020-03-01T19:43:41.151Z,buy,1.382e-05,50.0,0.000691
RDN/BTC,1583091821238,2020-03-01T19:43:41.238Z,buy,1.382e-05,645.0,0.0089139
RDN/BTC,1583091845830,2020-03-01T19:44:05.830Z,buy,1.382e-05,91.0,0.00125762
RDN/BTC,1583091894783,2020-03-01T19:44:54.783Z,buy,1.382e-05,100.0,0.001382
RDN/BTC,1583092067371,2020-03-01T19:47:47.371Z,buy,1.382e-05,162.0,0.0022388399999999
RDN/BTC,1583092312270,2020-03-01T19:51:52.270Z,buy,1.382e-05,24.0,0.00033168
RDN/BTC,1583092329192,2020-03-01T19:52:09.192Z,buy,1.382e-05,87.0,0.00120234
RDN/BTC,1583093179802,2020-03-01T20:06:19.802Z,buy,1.382e-05,1134.0,0.01567188
RDN/BTC,1583093196937,2020-03-01T20:06:36.937Z,sell,1.382e-05,120.0,0.0016584
RDN/BTC,1583093630090,2020-03-01T20:13:50.090Z,sell,1.382e-05,220.0,0.0030404
RDN/BTC,1583093630090,2020-03-01T20:13:50.090Z,sell,1.382e-05,220.0,0.0030404
RDN/BTC,1583094740431,2020-03-01T20:32:20.431Z,buy,1.383e-05,362.0,0.00500646
RDN/BTC,1583094782965,2020-03-01T20:33:02.965Z,buy,1.383e-05,2289.0,0.03165687
RDN/BTC,1583094803969,2020-03-01T20:33:23.969Z,buy,1.385e-05,9.0,0.00012465
RDN/BTC,1583094871475,2020-03-01T20:34:31.475Z,sell,1.385e-05,110.0,0.0015235
RDN/BTC,1583094871481,2020-03-01T20:34:31.481Z,sell,1.382e-05,175.0,0.0024185
RDN/BTC,1583094982071,2020-03-01T20:36:22.071Z,sell,1.383e-05,283.0,0.00391389
RDN/BTC,1583094982071,2020-03-01T20:36:22.071Z,sell,1.382e-05,1110.0,0.0153402
RDN/BTC,1583095294300,2020-03-01T20:41:34.300Z,sell,1.38e-05,117.0,0.0016146
RDN/BTC,1583096639076,2020-03-01T21:03:59.076Z,sell,1.381e-05,1327.0,0.01832587
RDN/BTC,1583096652343,2020-03-01T21:04:12.343Z,sell,1.38e-05,2068.0,0.0285384
RDN/BTC,1583096652343,2020-03-01T21:04:12.343Z,sell,1.38e-05,2068.0,0.0285384
RDN/BTC,1583097455739,2020-03-01T21:17:35.739Z,sell,1.377e-05,362.0,0.00498474
RDN/BTC,1583097720804,2020-03-01T21:22:00.804Z,buy,1.39e-05,40.0,0.000556
RDN/BTC,1583097821425,2020-03-01T21:23:41.425Z,buy,1.388e-05,42.0,0.00058296
RDN/BTC,1583098207344,2020-03-01T21:30:07.344Z,buy,1.388e-05,86.0,0.00119368
RDN/BTC,1583098207344,2020-03-01T21:30:07.344Z,buy,1.388e-05,86.0,0.00119368
RDN/BTC,1583102490499,2020-03-01T22:41:30.499Z,buy,1.388e-05,76.0,0.00105488
RDN/BTC,1583102493595,2020-03-01T22:41:33.595Z,buy,1.388e-05,85.0,0.0011798
RDN/BTC,1583102829444,2020-03-01T22:47:09.444Z,buy,1.388e-05,71.0,0.00098548
RDN/BTC,1583102829444,2020-03-01T22:47:09.444Z,buy,1.388e-05,71.0,0.00098548
RDN/BTC,1583103943455,2020-03-01T23:05:43.455Z,buy,1.388e-05,22.0,0.0003053599999999
RDN/BTC,1583104733466,2020-03-01T23:18:53.466Z,buy,1.388e-05,80.0,0.0011103999999999
RDN/BTC,1583104733862,2020-03-01T23:18:53.862Z,buy,1.388e-05,24.0,0.00033312
RDN/BTC,1583104878254,2020-03-01T23:21:18.254Z,buy,1.388e-05,847.0,0.0117563599999999
RDN/BTC,1583104878318,2020-03-01T23:21:18.318Z,buy,1.388e-05,397.0,0.00551036
RDN/BTC,1583104899018,2020-03-01T23:21:39.018Z,buy,1.389e-05,100.0,0.001389
RDN/BTC,1583104923554,2020-03-01T23:22:03.554Z,buy,1.389e-05,50.0,0.0006945
RDN/BTC,1583104927163,2020-03-01T23:22:07.163Z,buy,1.389e-05,63.0,0.00087507
RDN/BTC,1583104972884,2020-03-01T23:22:52.884Z,buy,1.39e-05,100.0,0.00139
RDN/BTC,1583104972884,2020-03-01T23:22:52.884Z,buy,1.39e-05,100.0,0.00139
RDN/BTC,1583107274156,2020-03-02T00:01:14.156Z,buy,1.389e-05,35.0,0.00048615
RDN/BTC,1583107315177,2020-03-02T00:01:55.177Z,buy,1.389e-05,35.0,0.00048615
RDN/BTC,1583107348292,2020-03-02T00:02:28.292Z,buy,1.389e-05,35.0,0.00048615
RDN/BTC,1583107366754,2020-03-02T00:02:46.754Z,sell,1.382e-05,14.0,0.00019348
RDN/BTC,1583107366754,2020-03-02T00:02:46.754Z,sell,1.378e-05,28.0,0.00038584
RDN/BTC,1583107472749,2020-03-02T00:04:32.749Z,buy,1.389e-05,67.0,0.00093063
RDN/BTC,1583107633228,2020-03-02T00:07:13.228Z,sell,1.381e-05,148.0,0.00204388
RDN/BTC,1583107633228,2020-03-02T00:07:13.228Z,sell,1.38e-05,262.0,0.0036156
RDN/BTC,1583107633228,2020-03-02T00:07:13.228Z,sell,1.378e-05,426.0,0.00587028
RDN/BTC,1583107633228,2020-03-02T00:07:13.228Z,sell,1.377e-05,331.0,0.00455787
RDN/BTC,1583107633246,2020-03-02T00:07:13.246Z,sell,1.375e-05,184.0,0.00253
RDN/BTC,1583107633372,2020-03-02T00:07:13.372Z,buy,1.376e-05,1167.0,0.01605792
RDN/BTC,1583107637278,2020-03-02T00:07:17.278Z,sell,1.377e-05,262.0,0.00360774
RDN/BTC,1583107637278,2020-03-02T00:07:17.278Z,sell,1.377e-05,262.0,0.00360774
RDN/BTC,1583108801558,2020-03-02T00:26:41.558Z,sell,1.375e-05,69.0,0.00094875
RDN/BTC,1583109422061,2020-03-02T00:37:02.061Z,buy,1.389e-05,161.0,0.00223629
RDN/BTC,1583109495345,2020-03-02T00:38:15.345Z,buy,1.389e-05,41.0,0.00056949
RDN/BTC,1583109733363,2020-03-02T00:42:13.363Z,buy,1.389e-05,352.0,0.00488928
RDN/BTC,1583109733363,2020-03-02T00:42:13.363Z,buy,1.39e-05,367.0,0.0051013
RDN/BTC,1583110124870,2020-03-02T00:48:44.870Z,sell,1.382e-05,10.0,0.0001382
RDN/BTC,1583110124870,2020-03-02T00:48:44.870Z,sell,1.381e-05,105.0,0.00145005
RDN/BTC,1583110124885,2020-03-02T00:48:44.885Z,buy,1.381e-05,55.0,0.00075955
RDN/BTC,1583110124896,2020-03-02T00:48:44.896Z,buy,1.381e-05,107.0,0.00147767
RDN/BTC,1583110124900,2020-03-02T00:48:44.900Z,buy,1.381e-05,1199.0,0.01655819
RDN/BTC,1583110332801,2020-03-02T00:52:12.801Z,sell,1.381e-05,8.0,0.00011048
RDN/BTC,1583110332801,2020-03-02T00:52:12.801Z,sell,1.38e-05,1468.0,0.0202584
RDN/BTC,1583110332801,2020-03-02T00:52:12.801Z,sell,1.381e-05,8.0,0.00011048
RDN/BTC,1583110332801,2020-03-02T00:52:12.801Z,sell,1.38e-05,1468.0,0.0202584
RDN/BTC,1583111748126,2020-03-02T01:15:48.126Z,sell,1.388e-05,17.0,0.0002359599999999
RDN/BTC,1583111749710,2020-03-02T01:15:49.710Z,sell,1.387e-05,207.0,0.0028710899999999
RDN/BTC,1583111751285,2020-03-02T01:15:51.285Z,sell,1.387e-05,9.0,0.0001248299999999
RDN/BTC,1583111888467,2020-03-02T01:18:08.467Z,sell,1.387e-05,8.0,0.00011096
RDN/BTC,1583112477574,2020-03-02T01:27:57.574Z,sell,1.387e-05,698.0,0.0096812599999999
RDN/BTC,1583112559859,2020-03-02T01:29:19.859Z,sell,1.387e-05,80.0,0.0011095999999999
RDN/BTC,1583112559859,2020-03-02T01:29:19.859Z,sell,1.387e-05,80.0,0.0011095999999999
RDN/BTC,1583114104618,2020-03-02T01:55:04.618Z,buy,1.39e-05,11.0,0.0001529
RDN/BTC,1583115552570,2020-03-02T02:19:12.570Z,sell,1.387e-05,418.0,0.00579766
RDN/BTC,1583115584889,2020-03-02T02:19:44.889Z,sell,1.382e-05,462.0,0.00638484
RDN/BTC,1583115584922,2020-03-02T02:19:44.922Z,buy,1.382e-05,398.0,0.00550036
RDN/BTC,1583115584922,2020-03-02T02:19:44.922Z,buy,1.382e-05,398.0,0.00550036
RDN/BTC,1583116798868,2020-03-02T02:39:58.868Z,sell,1.382e-05,8.0,0.00011056
RDN/BTC,1583116798868,2020-03-02T02:39:58.868Z,sell,1.381e-05,293.0,0.00404633
RDN/BTC,1583117716624,2020-03-02T02:55:16.624Z,buy,1.39e-05,8.0,0.0001112
RDN/BTC,1583117814144,2020-03-02T02:56:54.144Z,sell,1.382e-05,244.0,0.00337208
RDN/BTC,1583117814144,2020-03-02T02:56:54.144Z,sell,1.38e-05,55.0,0.000759
RDN/BTC,1583117814144,2020-03-02T02:56:54.144Z,sell,1.382e-05,244.0,0.00337208
RDN/BTC,1583117814144,2020-03-02T02:56:54.144Z,sell,1.38e-05,55.0,0.000759
RDN/BTC,1583120302199,2020-03-02T03:38:22.199Z,sell,1.381e-05,227.0,0.00313487
RDN/BTC,1583120302199,2020-03-02T03:38:22.199Z,sell,1.381e-05,227.0,0.00313487
RDN/BTC,1583122542863,2020-03-02T04:15:42.863Z,buy,1.389e-05,13.0,0.00018057
RDN/BTC,1583122542863,2020-03-02T04:15:42.863Z,buy,1.39e-05,406.0,0.0056434
RDN/BTC,1583122542863,2020-03-02T04:15:42.863Z,buy,1.391e-05,815.0,0.01133665
RDN/BTC,1583122563834,2020-03-02T04:16:03.834Z,buy,1.391e-05,1983.0,0.02758353
RDN/BTC,1583122597944,2020-03-02T04:16:37.944Z,buy,1.392e-05,2871.0,0.03996432
RDN/BTC,1583122597944,2020-03-02T04:16:37.944Z,buy,1.392e-05,2871.0,0.03996432
RDN/BTC,1583124432004,2020-03-02T04:47:12.004Z,sell,1.381e-05,1496.0,0.02065976
RDN/BTC,1583124432120,2020-03-02T04:47:12.120Z,sell,1.38e-05,10303.0,0.1421814
RDN/BTC,1583124445398,2020-03-02T04:47:25.398Z,buy,1.381e-05,1120.0,0.0154672
RDN/BTC,1583124465663,2020-03-02T04:47:45.663Z,buy,1.381e-05,28.0,0.00038668
RDN/BTC,1583124471139,2020-03-02T04:47:51.139Z,buy,1.381e-05,252.0,0.00348012
RDN/BTC,1583124517840,2020-03-02T04:48:37.840Z,buy,1.391e-05,28.0,0.00038948
RDN/BTC,1583124543734,2020-03-02T04:49:03.734Z,sell,1.391e-05,144.0,0.00200304
RDN/BTC,1583124822630,2020-03-02T04:53:42.630Z,sell,1.388e-05,1707.0,0.0236931599999999
RDN/BTC,1583124912697,2020-03-02T04:55:12.697Z,buy,1.398e-05,14.0,0.00019572
RDN/BTC,1583124913055,2020-03-02T04:55:13.055Z,buy,1.398e-05,100.0,0.001398
RDN/BTC,1583124918857,2020-03-02T04:55:18.857Z,buy,1.398e-05,70.0,0.0009786
RDN/BTC,1583124919785,2020-03-02T04:55:19.785Z,buy,1.398e-05,213.0,0.00297774
RDN/BTC,1583124925081,2020-03-02T04:55:25.081Z,buy,1.398e-05,14.0,0.00019572
RDN/BTC,1583124927131,2020-03-02T04:55:27.131Z,buy,1.398e-05,322.0,0.00450156
RDN/BTC,1583124927543,2020-03-02T04:55:27.543Z,buy,1.398e-05,236.0,0.00329928
RDN/BTC,1583124927950,2020-03-02T04:55:27.950Z,buy,1.398e-05,142.0,0.00198516
RDN/BTC,1583124928024,2020-03-02T04:55:28.024Z,buy,1.398e-05,73.0,0.00102054
RDN/BTC,1583124930503,2020-03-02T04:55:30.503Z,buy,1.398e-05,85.0,0.0011883
RDN/BTC,1583124931277,2020-03-02T04:55:31.277Z,buy,1.398e-05,9.0,0.00012582
RDN/BTC,1583124932373,2020-03-02T04:55:32.373Z,buy,1.398e-05,14.0,0.00019572
RDN/BTC,1583124932643,2020-03-02T04:55:32.643Z,buy,1.398e-05,14.0,0.00019572
RDN/BTC,1583124933746,2020-03-02T04:55:33.746Z,buy,1.398e-05,17.0,0.00023766
RDN/BTC,1583124935487,2020-03-02T04:55:35.487Z,buy,1.398e-05,14.0,0.00019572
RDN/BTC,1583124936020,2020-03-02T04:55:36.020Z,buy,1.398e-05,14.0,0.00019572
RDN/BTC,1583124936122,2020-03-02T04:55:36.122Z,buy,1.398e-05,68.0,0.00095064
RDN/BTC,1583124936184,2020-03-02T04:55:36.184Z,buy,1.398e-05,14.0,0.00019572
RDN/BTC,1583124936506,2020-03-02T04:55:36.506Z,buy,1.398e-05,353.0,0.00493494
RDN/BTC,1583124936506,2020-03-02T04:55:36.506Z,buy,1.399e-05,40.0,0.0005595999999999
RDN/BTC,1583125105046,2020-03-02T04:58:25.046Z,buy,1.396e-05,8.0,0.00011168
RDN/BTC,1583125105046,2020-03-02T04:58:25.046Z,buy,1.396e-05,8.0,0.00011168
RDN/BTC,1583126254577,2020-03-02T05:17:34.577Z,buy,1.396e-05,2858.0,0.03989768
RDN/BTC,1583127923743,2020-03-02T05:45:23.743Z,buy,1.398e-05,236.0,0.00329928
RDN/BTC,1583128505472,2020-03-02T05:55:05.472Z,sell,1.397e-05,8.0,0.00011176
RDN/BTC,1583128536569,2020-03-02T05:55:36.569Z,buy,1.393e-05,50.0,0.0006965
RDN/BTC,1583128539290,2020-03-02T05:55:39.290Z,buy,1.393e-05,100.0,0.001393
RDN/BTC,1583128571351,2020-03-02T05:56:11.351Z,buy,1.393e-05,10.0,0.0001393
RDN/BTC,1583128571351,2020-03-02T05:56:11.351Z,buy,1.393e-05,10.0,0.0001393
RDN/BTC,1583129138615,2020-03-02T06:05:38.615Z,buy,1.398e-05,148.0,0.00206904
RDN/BTC,1583129138615,2020-03-02T06:05:38.615Z,buy,1.399e-05,65.0,0.00090935
RDN/BTC,1583129138615,2020-03-02T06:05:38.615Z,buy,1.4e-05,101.0,0.001414
RDN/BTC,1583129457110,2020-03-02T06:10:57.110Z,buy,1.399e-05,4569.0,0.06392031
RDN/BTC,1583129457110,2020-03-02T06:10:57.110Z,buy,1.4e-05,431.0,0.006034
RDN/BTC,1583129717005,2020-03-02T06:15:17.005Z,buy,1.4e-05,71.0,0.000994
RDN/BTC,1583129718690,2020-03-02T06:15:18.690Z,sell,1.394e-05,69.0,0.00096186
RDN/BTC,1583129819376,2020-03-02T06:16:59.376Z,buy,1.4e-05,474.0,0.0066359999999999
RDN/BTC,1583129865825,2020-03-02T06:17:45.825Z,buy,1.401e-05,797.0,0.0111659699999999
RDN/BTC,1583129905045,2020-03-02T06:18:25.045Z,buy,1.402e-05,361.0,0.00506122
RDN/BTC,1583129905045,2020-03-02T06:18:25.045Z,buy,1.403e-05,10.0,0.0001403
RDN/BTC,1583129905165,2020-03-02T06:18:25.165Z,sell,1.404e-05,229.0,0.00321516
RDN/BTC,1583129942456,2020-03-02T06:19:02.456Z,buy,1.407e-05,340.0,0.0047838
RDN/BTC,1583129942762,2020-03-02T06:19:02.762Z,sell,1.405e-05,8.0,0.0001124
RDN/BTC,1583130006102,2020-03-02T06:20:06.102Z,buy,1.409e-05,59.0,0.00083131
RDN/BTC,1583130006406,2020-03-02T06:20:06.406Z,sell,1.407e-05,8.0,0.00011256
RDN/BTC,1583130184092,2020-03-02T06:23:04.092Z,buy,1.409e-05,2916.0,0.04108644
RDN/BTC,1583130197258,2020-03-02T06:23:17.258Z,buy,1.409e-05,1796.0,0.02530564
RDN/BTC,1583130197258,2020-03-02T06:23:17.258Z,buy,1.41e-05,244.0,0.0034404
RDN/BTC,1583130223185,2020-03-02T06:23:43.185Z,buy,1.411e-05,1037.0,0.01463207
RDN/BTC,1583130223293,2020-03-02T06:23:43.293Z,sell,1.411e-05,1726.0,0.02435386
RDN/BTC,1583130227658,2020-03-02T06:23:47.658Z,sell,1.411e-05,114.0,0.00160854
RDN/BTC,1583130227903,2020-03-02T06:23:47.903Z,sell,1.411e-05,131.0,0.00184841
RDN/BTC,1583130255077,2020-03-02T06:24:15.077Z,sell,1.411e-05,589.0,0.00831079
RDN/BTC,1583130288419,2020-03-02T06:24:48.419Z,buy,1.41e-05,913.0,0.0128733
RDN/BTC,1583130290034,2020-03-02T06:24:50.034Z,sell,1.411e-05,1559.0,0.02199749
RDN/BTC,1583130290034,2020-03-02T06:24:50.034Z,sell,1.41e-05,207.0,0.0029187
RDN/BTC,1583130326797,2020-03-02T06:25:26.797Z,sell,1.411e-05,130.0,0.0018343
RDN/BTC,1583130518127,2020-03-02T06:28:38.127Z,buy,1.414e-05,1684.0,0.02381176
RDN/BTC,1583130523692,2020-03-02T06:28:43.692Z,sell,1.414e-05,159.0,0.00224826
RDN/BTC,1583130595146,2020-03-02T06:29:55.146Z,sell,1.414e-05,380.0,0.0053732
RDN/BTC,1583130625208,2020-03-02T06:30:25.208Z,sell,1.414e-05,266.0,0.00376124
RDN/BTC,1583130627401,2020-03-02T06:30:27.401Z,sell,1.414e-05,27.0,0.00038178
RDN/BTC,1583130668600,2020-03-02T06:31:08.600Z,sell,1.414e-05,8.0,0.00011312
RDN/BTC,1583131016203,2020-03-02T06:36:56.203Z,sell,1.414e-05,63.0,0.00089082
RDN/BTC,1583131034967,2020-03-02T06:37:14.967Z,sell,1.414e-05,73.0,0.00103222
RDN/BTC,1583131205324,2020-03-02T06:40:05.324Z,sell,1.414e-05,14.0,0.00019796
RDN/BTC,1583131722102,2020-03-02T06:48:42.102Z,buy,1.417e-05,21.0,0.00029757
RDN/BTC,1583131722112,2020-03-02T06:48:42.112Z,buy,1.417e-05,33.0,0.00046761
RDN/BTC,1583131861054,2020-03-02T06:51:01.054Z,buy,1.416e-05,50.0,0.000708
RDN/BTC,1583131861054,2020-03-02T06:51:01.054Z,buy,1.416e-05,50.0,0.000708
RDN/BTC,1583132207192,2020-03-02T06:56:47.192Z,buy,1.416e-05,25.0,0.000354
RDN/BTC,1583132358745,2020-03-02T06:59:18.745Z,sell,1.414e-05,2125.0,0.0300475
RDN/BTC,1583132419813,2020-03-02T07:00:19.813Z,sell,1.414e-05,8.0,0.00011312
RDN/BTC,1583132421337,2020-03-02T07:00:21.337Z,sell,1.411e-05,220.0,0.0031042
RDN/BTC,1583132421337,2020-03-02T07:00:21.337Z,sell,1.41e-05,1780.0,0.025098
RDN/BTC,1583132463823,2020-03-02T07:01:03.823Z,sell,1.41e-05,214.0,0.0030174
RDN/BTC,1583132706468,2020-03-02T07:05:06.468Z,sell,1.411e-05,21.0,0.00029631
RDN/BTC,1583133980310,2020-03-02T07:26:20.310Z,sell,1.411e-05,600.0,0.008466
RDN/BTC,1583134264857,2020-03-02T07:31:04.857Z,sell,1.411e-05,185.0,0.00261035
RDN/BTC,1583134421820,2020-03-02T07:33:41.820Z,sell,1.411e-05,40.0,0.0005644
RDN/BTC,1583134803053,2020-03-02T07:40:03.053Z,sell,1.411e-05,286.0,0.00403546
RDN/BTC,1583134996611,2020-03-02T07:43:16.611Z,sell,1.411e-05,8.0,0.00011288
RDN/BTC,1583134996611,2020-03-02T07:43:16.611Z,sell,1.411e-05,8.0,0.00011288
RDN/BTC,1583135935009,2020-03-02T07:58:55.009Z,buy,1.412e-05,293.0,0.00413716
RDN/BTC,1583135946151,2020-03-02T07:59:06.151Z,buy,1.414e-05,140.0,0.0019796
RDN/BTC,1583135946151,2020-03-02T07:59:06.151Z,buy,1.417e-05,85.0,0.00120445
RDN/BTC,1583136997574,2020-03-02T08:16:37.574Z,buy,1.417e-05,8.0,0.00011336
RDN/BTC,1583136997574,2020-03-02T08:16:37.574Z,buy,1.418e-05,11.0,0.00015598
RDN/BTC,1583136997574,2020-03-02T08:16:37.574Z,buy,1.421e-05,60.0,0.0008526
RDN/BTC,1583136997574,2020-03-02T08:16:37.574Z,buy,1.422e-05,200.0,0.0028439999999999
RDN/BTC,1583136997574,2020-03-02T08:16:37.574Z,buy,1.423e-05,127.0,0.0018072099999999
RDN/BTC,1583136998447,2020-03-02T08:16:38.447Z,buy,1.421e-05,239.0,0.00339619
RDN/BTC,1583136998447,2020-03-02T08:16:38.447Z,buy,1.422e-05,667.0,0.00948474
RDN/BTC,1583137005746,2020-03-02T08:16:45.746Z,sell,1.411e-05,280.0,0.0039508
RDN/BTC,1583137005746,2020-03-02T08:16:45.746Z,sell,1.41e-05,221.0,0.0031161
RDN/BTC,1583137006418,2020-03-02T08:16:46.418Z,sell,1.41e-05,501.0,0.0070641
RDN/BTC,1583137007119,2020-03-02T08:16:47.119Z,sell,1.41e-05,560.0,0.007896
RDN/BTC,1583137007972,2020-03-02T08:16:47.972Z,sell,1.41e-05,546.0,0.0076986
RDN/BTC,1583137009197,2020-03-02T08:16:49.197Z,sell,1.41e-05,556.0,0.0078396
RDN/BTC,1583137009724,2020-03-02T08:16:49.724Z,sell,1.41e-05,562.0,0.0079242
RDN/BTC,1583137048316,2020-03-02T08:17:28.316Z,sell,1.414e-05,8.0,0.00011312
RDN/BTC,1583137860837,2020-03-02T08:31:00.837Z,sell,1.41e-05,154.0,0.0021714
RDN/BTC,1583138022638,2020-03-02T08:33:42.638Z,sell,1.41e-05,924.0,0.0130284
RDN/BTC,1583138169697,2020-03-02T08:36:09.697Z,sell,1.41e-05,8.0,0.0001128
RDN/BTC,1583138169697,2020-03-02T08:36:09.697Z,sell,1.405e-05,86.0,0.0012083
RDN/BTC,1583138242900,2020-03-02T08:37:22.900Z,sell,1.404e-05,14.0,0.00019656
RDN/BTC,1583138242900,2020-03-02T08:37:22.900Z,sell,1.401e-05,27.0,0.00037827
RDN/BTC,1583138258500,2020-03-02T08:37:38.500Z,sell,1.401e-05,25.0,0.00035025
RDN/BTC,1583138300950,2020-03-02T08:38:20.950Z,sell,1.402e-05,50.0,0.000701
RDN/BTC,1583138300950,2020-03-02T08:38:20.950Z,sell,1.401e-05,250.0,0.0035025
RDN/BTC,1583138331358,2020-03-02T08:38:51.358Z,buy,1.405e-05,9.0,0.0001264499999999
RDN/BTC,1583138568442,2020-03-02T08:42:48.442Z,buy,1.405e-05,101.0,0.0014190499999999
RDN/BTC,1583138572195,2020-03-02T08:42:52.195Z,sell,1.41e-05,44.0,0.0006204
RDN/BTC,1583138572258,2020-03-02T08:42:52.258Z,sell,1.401e-05,44.0,0.00061644
RDN/BTC,1583138572258,2020-03-02T08:42:52.258Z,sell,1.401e-05,44.0,0.00061644
RDN/BTC,1583138803604,2020-03-02T08:46:43.604Z,buy,1.412e-05,158.0,0.00223096
RDN/BTC,1583140092141,2020-03-02T09:08:12.141Z,buy,1.413e-05,15.0,0.00021195
RDN/BTC,1583140321027,2020-03-02T09:12:01.027Z,buy,1.413e-05,314.0,0.00443682
RDN/BTC,1583140321027,2020-03-02T09:12:01.027Z,buy,1.413e-05,314.0,0.00443682
RDN/BTC,1583143784766,2020-03-02T10:09:44.766Z,buy,1.413e-05,8.0,0.00011304
RDN/BTC,1583143784766,2020-03-02T10:09:44.766Z,buy,1.413e-05,8.0,0.00011304
RDN/BTC,1583145801858,2020-03-02T10:43:21.858Z,sell,1.412e-05,158.0,0.00223096
RDN/BTC,1583145801858,2020-03-02T10:43:21.858Z,sell,1.412e-05,158.0,0.00223096
RDN/BTC,1583148184549,2020-03-02T11:23:04.549Z,buy,1.416e-05,46.0,0.00065136
RDN/BTC,1583148221380,2020-03-02T11:23:41.380Z,sell,1.418e-05,239.0,0.00338902
RDN/BTC,1583148222423,2020-03-02T11:23:42.423Z,sell,1.418e-05,120.0,0.0017016
RDN/BTC,1583148222600,2020-03-02T11:23:42.600Z,sell,1.418e-05,123.0,0.00174414
RDN/BTC,1583148364232,2020-03-02T11:26:04.232Z,sell,1.414e-05,724.0,0.01023736
RDN/BTC,1583148805432,2020-03-02T11:33:25.432Z,sell,1.413e-05,48.0,0.00067824
RDN/BTC,1583148805432,2020-03-02T11:33:25.432Z,sell,1.412e-05,49.0,0.00069188
RDN/BTC,1583148805432,2020-03-02T11:33:25.432Z,sell,1.411e-05,59.0,0.00083249
RDN/BTC,1583148805432,2020-03-02T11:33:25.432Z,sell,1.41e-05,13.0,0.0001833
RDN/BTC,1583148814417,2020-03-02T11:33:34.417Z,buy,1.422e-05,167.0,0.0023747399999999
RDN/BTC,1583148814417,2020-03-02T11:33:34.417Z,buy,1.422e-05,167.0,0.0023747399999999
RDN/BTC,1583149694020,2020-03-02T11:48:14.020Z,sell,1.413e-05,1118.0,0.01579734
RDN/BTC,1583149694020,2020-03-02T11:48:14.020Z,sell,1.412e-05,275.0,0.003883
RDN/BTC,1583150290300,2020-03-02T11:58:10.300Z,buy,1.415e-05,551.0,0.00779665
RDN/BTC,1583150290322,2020-03-02T11:58:10.322Z,buy,1.415e-05,165.0,0.00233475
RDN/BTC,1583150406325,2020-03-02T12:00:06.325Z,buy,1.415e-05,54.0,0.0007641
RDN/BTC,1583150406349,2020-03-02T12:00:06.349Z,buy,1.415e-05,25.0,0.00035375
RDN/BTC,1583150415363,2020-03-02T12:00:15.363Z,buy,1.415e-05,54.0,0.0007641
RDN/BTC,1583150415385,2020-03-02T12:00:15.385Z,buy,1.415e-05,25.0,0.00035375
RDN/BTC,1583150517373,2020-03-02T12:01:57.373Z,sell,1.412e-05,111.0,0.00156732
RDN/BTC,1583150517383,2020-03-02T12:01:57.383Z,sell,1.412e-05,614.0,0.00866968
RDN/BTC,1583150517460,2020-03-02T12:01:57.460Z,buy,1.41e-05,64.0,0.0009024
RDN/BTC,1583150697366,2020-03-02T12:04:57.366Z,sell,1.408e-05,222.0,0.00312576
RDN/BTC,1583150826080,2020-03-02T12:07:06.080Z,sell,1.408e-05,156.0,0.00219648
RDN/BTC,1583152015546,2020-03-02T12:26:55.546Z,sell,1.409e-05,49.0,0.00069041
RDN/BTC,1583152015546,2020-03-02T12:26:55.546Z,sell,1.408e-05,2116.0,0.02979328
RDN/BTC,1583152015551,2020-03-02T12:26:55.551Z,sell,1.408e-05,49.0,0.00068992
RDN/BTC,1583152015551,2020-03-02T12:26:55.551Z,sell,1.408e-05,49.0,0.00068992
RDN/BTC,1583152015551,2020-03-02T12:26:55.551Z,sell,1.408e-05,49.0,0.00068992
RDN/BTC,1583152015553,2020-03-02T12:26:55.553Z,sell,1.408e-05,49.0,0.00068992
RDN/BTC,1583152015553,2020-03-02T12:26:55.553Z,sell,1.408e-05,49.0,0.00068992
RDN/BTC,1583152015553,2020-03-02T12:26:55.553Z,sell,1.408e-05,49.0,0.00068992
RDN/BTC,1583152015554,2020-03-02T12:26:55.554Z,sell,1.408e-05,49.0,0.00068992
RDN/BTC,1583152015554,2020-03-02T12:26:55.554Z,sell,1.408e-05,49.0,0.00068992
RDN/BTC,1583152015554,2020-03-02T12:26:55.554Z,sell,1.408e-05,49.0,0.00068992
RDN/BTC,1583152015554,2020-03-02T12:26:55.554Z,sell,1.408e-05,49.0,0.00068992
RDN/BTC,1583152015555,2020-03-02T12:26:55.555Z,sell,1.408e-05,49.0,0.00068992
RDN/BTC,1583152015555,2020-03-02T12:26:55.555Z,sell,1.408e-05,49.0,0.00068992
RDN/BTC,1583152015555,2020-03-02T12:26:55.555Z,sell,1.408e-05,49.0,0.00068992
RDN/BTC,1583152015555,2020-03-02T12:26:55.555Z,sell,1.408e-05,49.0,0.00068992
RDN/BTC,1583152015556,2020-03-02T12:26:55.556Z,sell,1.408e-05,49.0,0.00068992
RDN/BTC,1583152015556,2020-03-02T12:26:55.556Z,sell,1.408e-05,49.0,0.00068992
RDN/BTC,1583152015556,2020-03-02T12:26:55.556Z,sell,1.408e-05,49.0,0.00068992
RDN/BTC,1583152015557,2020-03-02T12:26:55.557Z,sell,1.408e-05,49.0,0.00068992
RDN/BTC,1583152015557,2020-03-02T12:26:55.557Z,sell,1.408e-05,49.0,0.00068992
RDN/BTC,1583152015557,2020-03-02T12:26:55.557Z,sell,1.408e-05,49.0,0.00068992
RDN/BTC,1583152015558,2020-03-02T12:26:55.558Z,sell,1.408e-05,49.0,0.00068992
RDN/BTC,1583152015559,2020-03-02T12:26:55.559Z,sell,1.408e-05,49.0,0.00068992
RDN/BTC,1583152015561,2020-03-02T12:26:55.561Z,sell,1.408e-05,49.0,0.00068992
RDN/BTC,1583152015561,2020-03-02T12:26:55.561Z,sell,1.408e-05,49.0,0.00068992
RDN/BTC,1583152015562,2020-03-02T12:26:55.562Z,sell,1.408e-05,49.0,0.00068992
RDN/BTC,1583152015688,2020-03-02T12:26:55.688Z,sell,1.408e-05,96.0,0.00135168
RDN/BTC,1583152019588,2020-03-02T12:26:59.588Z,sell,1.407e-05,330.0,0.0046431
RDN/BTC,1583152019588,2020-03-02T12:26:59.588Z,sell,1.407e-05,330.0,0.0046431
RDN/BTC,1583152876363,2020-03-02T12:41:16.363Z,sell,1.407e-05,5558.0,0.07820106
RDN/BTC,1583152924518,2020-03-02T12:42:04.518Z,buy,1.415e-05,14.0,0.0001981
RDN/BTC,1583152974515,2020-03-02T12:42:54.515Z,sell,1.407e-05,11.0,0.00015477
RDN/BTC,1583154453778,2020-03-02T13:07:33.778Z,sell,1.407e-05,20.0,0.0002814
RDN/BTC,1583155034469,2020-03-02T13:17:14.469Z,buy,1.414e-05,30.0,0.0004242
RDN/BTC,1583155063325,2020-03-02T13:17:43.325Z,buy,1.414e-05,100.0,0.001414
RDN/BTC,1583155126405,2020-03-02T13:18:46.405Z,buy,1.414e-05,87.0,0.00123018
RDN/BTC,1583155171656,2020-03-02T13:19:31.656Z,sell,1.409e-05,22.0,0.00030998
RDN/BTC,1583155171656,2020-03-02T13:19:31.656Z,sell,1.407e-05,143.0,0.00201201
RDN/BTC,1583155282616,2020-03-02T13:21:22.616Z,sell,1.407e-05,87.0,0.00122409
RDN/BTC,1583155282616,2020-03-02T13:21:22.616Z,sell,1.407e-05,87.0,0.00122409
RDN/BTC,1583155658477,2020-03-02T13:27:38.477Z,sell,1.408e-05,77.0,0.00108416
RDN/BTC,1583155761198,2020-03-02T13:29:21.198Z,sell,1.408e-05,161.0,0.00226688
RDN/BTC,1583156134537,2020-03-02T13:35:34.537Z,sell,1.411e-05,49.0,0.00069139
RDN/BTC,1583156134537,2020-03-02T13:35:34.537Z,sell,1.408e-05,49.0,0.00068992
RDN/BTC,1583156134537,2020-03-02T13:35:34.537Z,sell,1.407e-05,2592.0,0.03646944
RDN/BTC,1583156134537,2020-03-02T13:35:34.537Z,sell,1.406e-05,3810.0,0.0535685999999999
RDN/BTC,1583156160150,2020-03-02T13:36:00.150Z,buy,1.414e-05,90.0,0.0012726
RDN/BTC,1583156161121,2020-03-02T13:36:01.121Z,sell,1.414e-05,189.0,0.00267246
RDN/BTC,1583156420295,2020-03-02T13:40:20.295Z,buy,1.417e-05,41.0,0.00058097
RDN/BTC,1583156420295,2020-03-02T13:40:20.295Z,buy,1.418e-05,71.0,0.00100678
RDN/BTC,1583156813218,2020-03-02T13:46:53.218Z,sell,1.404e-05,111.0,0.00155844
RDN/BTC,1583158296031,2020-03-02T14:11:36.031Z,buy,1.412e-05,460.0,0.0064952
RDN/BTC,1583158296031,2020-03-02T14:11:36.031Z,buy,1.412e-05,460.0,0.0064952
RDN/BTC,1583159138203,2020-03-02T14:25:38.203Z,sell,1.404e-05,76.0,0.00106704
RDN/BTC,1583159470679,2020-03-02T14:31:10.679Z,sell,1.405e-05,135.0,0.00189675
RDN/BTC,1583159489005,2020-03-02T14:31:29.005Z,sell,1.404e-05,370.0,0.0051947999999999
RDN/BTC,1583159549102,2020-03-02T14:32:29.102Z,buy,1.41e-05,100.0,0.00141
RDN/BTC,1583160024015,2020-03-02T14:40:24.015Z,buy,1.411e-05,8.0,0.00011288
RDN/BTC,1583160098752,2020-03-02T14:41:38.752Z,buy,1.411e-05,40.0,0.0005644
RDN/BTC,1583160405973,2020-03-02T14:46:45.973Z,buy,1.411e-05,113.0,0.00159443
RDN/BTC,1583160538178,2020-03-02T14:48:58.178Z,buy,1.411e-05,610.0,0.0086071
RDN/BTC,1583160540567,2020-03-02T14:49:00.567Z,buy,1.411e-05,229.0,0.00323119
RDN/BTC,1583160668091,2020-03-02T14:51:08.091Z,sell,1.411e-05,8.0,0.00011288
RDN/BTC,1583161008264,2020-03-02T14:56:48.264Z,sell,1.405e-05,71.0,0.00099755
RDN/BTC,1583161621602,2020-03-02T15:07:01.602Z,sell,1.405e-05,8.0,0.0001124
RDN/BTC,1583161621720,2020-03-02T15:07:01.720Z,buy,1.405e-05,71.0,0.00099755
RDN/BTC,1583161621827,2020-03-02T15:07:01.827Z,buy,1.405e-05,100.0,0.001405
RDN/BTC,1583161648182,2020-03-02T15:07:28.182Z,sell,1.404e-05,75.0,0.001053
RDN/BTC,1583161648182,2020-03-02T15:07:28.182Z,sell,1.403e-05,522.0,0.00732366
RDN/BTC,1583161648182,2020-03-02T15:07:28.182Z,sell,1.404e-05,75.0,0.001053
RDN/BTC,1583161648182,2020-03-02T15:07:28.182Z,sell,1.403e-05,522.0,0.00732366
RDN/BTC,1583162001679,2020-03-02T15:13:21.679Z,buy,1.413e-05,8.0,0.00011304
RDN/BTC,1583163285385,2020-03-02T15:34:45.385Z,buy,1.412e-05,720.0,0.0101664
RDN/BTC,1583163461177,2020-03-02T15:37:41.177Z,buy,1.412e-05,694.0,0.00979928
RDN/BTC,1583163461177,2020-03-02T15:37:41.177Z,buy,1.413e-05,8.0,0.00011304
RDN/BTC,1583163461177,2020-03-02T15:37:41.177Z,buy,1.418e-05,1429.0,0.02026322
RDN/BTC,1583163461177,2020-03-02T15:37:41.177Z,buy,1.419e-05,869.0,0.01233111
RDN/BTC,1583163601951,2020-03-02T15:40:01.951Z,buy,1.418e-05,10426.0,0.14784068
RDN/BTC,1583163601951,2020-03-02T15:40:01.951Z,buy,1.418e-05,10426.0,0.14784068
RDN/BTC,1583165842870,2020-03-02T16:17:22.870Z,buy,1.418e-05,8.0,0.00011344
RDN/BTC,1583166440875,2020-03-02T16:27:20.875Z,sell,1.414e-05,71.0,0.00100394
RDN/BTC,1583166440875,2020-03-02T16:27:20.875Z,sell,1.407e-05,49.0,0.00068943
RDN/BTC,1583166452534,2020-03-02T16:27:32.534Z,buy,1.407e-05,2.0,2.814e-05
RDN/BTC,1583166457116,2020-03-02T16:27:37.116Z,buy,1.407e-05,1.0,1.407e-05
RDN/BTC,1583166457116,2020-03-02T16:27:37.116Z,buy,1.42e-05,1.0,1.42e-05
RDN/BTC,1583166658262,2020-03-02T16:30:58.262Z,buy,1.42e-05,50.0,0.00071
RDN/BTC,1583166903768,2020-03-02T16:35:03.768Z,buy,1.42e-05,50.0,0.00071
RDN/BTC,1583166926277,2020-03-02T16:35:26.277Z,buy,1.42e-05,100.0,0.00142
RDN/BTC,1583166926277,2020-03-02T16:35:26.277Z,buy,1.42e-05,100.0,0.00142
RDN/BTC,1583167379175,2020-03-02T16:42:59.175Z,sell,1.412e-05,70.0,0.0009884
RDN/BTC,1583167379175,2020-03-02T16:42:59.175Z,sell,1.411e-05,15.0,0.00021165
RDN/BTC,1583168036679,2020-03-02T16:53:56.679Z,buy,1.42e-05,214.0,0.0030388
RDN/BTC,1583168785735,2020-03-02T17:06:25.735Z,buy,1.42e-05,736.0,0.0104511999999999
RDN/BTC,1583168785735,2020-03-02T17:06:25.735Z,buy,1.424e-05,23.0,0.00032752
RDN/BTC,1583168785735,2020-03-02T17:06:25.735Z,buy,1.425e-05,452.0,0.006441
RDN/BTC,1583168785735,2020-03-02T17:06:25.735Z,buy,1.426e-05,547.0,0.00780022
RDN/BTC,1583168993717,2020-03-02T17:09:53.717Z,buy,1.425e-05,1238.0,0.0176415
RDN/BTC,1583168993717,2020-03-02T17:09:53.717Z,buy,1.426e-05,520.0,0.0074152
RDN/BTC,1583169278759,2020-03-02T17:14:38.759Z,buy,1.426e-05,602.0,0.00858452
RDN/BTC,1583169528627,2020-03-02T17:18:48.627Z,buy,1.422e-05,50.0,0.0007109999999999
RDN/BTC,1583169548143,2020-03-02T17:19:08.143Z,buy,1.422e-05,8.0,0.00011376
RDN/BTC,1583169709972,2020-03-02T17:21:49.972Z,buy,1.422e-05,454.0,0.00645588
RDN/BTC,1583169836698,2020-03-02T17:23:56.698Z,buy,1.423e-05,236.0,0.00335828
RDN/BTC,1583170091888,2020-03-02T17:28:11.888Z,buy,1.427e-05,8.0,0.00011416
RDN/BTC,1583170091888,2020-03-02T17:28:11.888Z,buy,1.429e-05,10.0,0.0001429
RDN/BTC,1583170091888,2020-03-02T17:28:11.888Z,buy,1.431e-05,68.0,0.00097308
RDN/BTC,1583170092094,2020-03-02T17:28:12.094Z,sell,1.431e-05,203.0,0.00290493
RDN/BTC,1583170092331,2020-03-02T17:28:12.331Z,sell,1.431e-05,176.0,0.00251856
RDN/BTC,1583170095398,2020-03-02T17:28:15.398Z,buy,1.429e-05,44.0,0.00062876
RDN/BTC,1583170095432,2020-03-02T17:28:15.432Z,sell,1.431e-05,655.0,0.00937305
RDN/BTC,1583170107524,2020-03-02T17:28:27.524Z,sell,1.431e-05,8.0,0.00011448
RDN/BTC,1583170144044,2020-03-02T17:29:04.044Z,buy,1.433e-05,30.0,0.0004299
RDN/BTC,1583170144055,2020-03-02T17:29:04.055Z,sell,1.433e-05,351.0,0.00502983
RDN/BTC,1583170144074,2020-03-02T17:29:04.074Z,sell,1.433e-05,294.0,0.00421302
RDN/BTC,1583170144104,2020-03-02T17:29:04.104Z,sell,1.433e-05,15.0,0.00021495
RDN/BTC,1583170225516,2020-03-02T17:30:25.516Z,buy,1.432e-05,208.0,0.00297856
RDN/BTC,1583170230237,2020-03-02T17:30:30.237Z,buy,1.433e-05,8.0,0.00011464
RDN/BTC,1583170248753,2020-03-02T17:30:48.753Z,buy,1.435e-05,620.0,0.008897
RDN/BTC,1583170299189,2020-03-02T17:31:39.189Z,buy,1.435e-05,1580.0,0.022673
RDN/BTC,1583170346494,2020-03-02T17:32:26.494Z,buy,1.435e-05,1079.0,0.01548365
RDN/BTC,1583170346494,2020-03-02T17:32:26.494Z,buy,1.435e-05,1079.0,0.01548365
RDN/BTC,1583170687499,2020-03-02T17:38:07.499Z,buy,1.435e-05,5307.0,0.07615545
RDN/BTC,1583170687499,2020-03-02T17:38:07.499Z,buy,1.436e-05,58.0,0.00083288
RDN/BTC,1583170687499,2020-03-02T17:38:07.499Z,buy,1.438e-05,198.0,0.00284724
RDN/BTC,1583170691971,2020-03-02T17:38:11.971Z,buy,1.437e-05,36.0,0.0005173199999999
RDN/BTC,1583170691971,2020-03-02T17:38:11.971Z,buy,1.438e-05,33.0,0.0004745399999999
RDN/BTC,1583171136933,2020-03-02T17:45:36.933Z,sell,1.425e-05,266.0,0.0037905
RDN/BTC,1583171176295,2020-03-02T17:46:16.295Z,sell,1.425e-05,211.0,0.00300675
RDN/BTC,1583171176695,2020-03-02T17:46:16.695Z,sell,1.425e-05,35.0,0.00049875
RDN/BTC,1583171191998,2020-03-02T17:46:31.998Z,sell,1.421e-05,98.0,0.00139258
RDN/BTC,1583171191998,2020-03-02T17:46:31.998Z,sell,1.418e-05,252.0,0.00357336
RDN/BTC,1583171191998,2020-03-02T17:46:31.998Z,sell,1.418e-05,70.0,0.0009926
RDN/BTC,1583171192091,2020-03-02T17:46:32.091Z,buy,1.42e-05,50.0,0.00071
RDN/BTC,1583171193998,2020-03-02T17:46:33.998Z,buy,1.42e-05,62.0,0.0008803999999999
RDN/BTC,1583171717177,2020-03-02T17:55:17.177Z,sell,1.423e-05,891.0,0.01267893
RDN/BTC,1583171740871,2020-03-02T17:55:40.871Z,sell,1.423e-05,1584.0,0.02254032
RDN/BTC,1583171740871,2020-03-02T17:55:40.871Z,sell,1.422e-05,4609.0,0.06553998
RDN/BTC,1583171784323,2020-03-02T17:56:24.323Z,buy,1.432e-05,85.0,0.0012172
RDN/BTC,1583171784323,2020-03-02T17:56:24.323Z,buy,1.434e-05,459.0,0.00658206
RDN/BTC,1583172083757,2020-03-02T18:01:23.757Z,sell,1.42e-05,14.0,0.0001988
RDN/BTC,1583172125587,2020-03-02T18:02:05.587Z,sell,1.42e-05,71.0,0.0010082
RDN/BTC,1583172318928,2020-03-02T18:05:18.928Z,buy,1.433e-05,675.0,0.00967275
RDN/BTC,1583172368742,2020-03-02T18:06:08.742Z,buy,1.433e-05,595.0,0.00852635
RDN/BTC,1583172368767,2020-03-02T18:06:08.767Z,sell,1.433e-05,245.0,0.00351085
RDN/BTC,1583173835360,2020-03-02T18:30:35.360Z,sell,1.426e-05,1930.0,0.0275218
RDN/BTC,1583173941403,2020-03-02T18:32:21.403Z,sell,1.426e-05,98.0,0.00139748
RDN/BTC,1583173941403,2020-03-02T18:32:21.403Z,sell,1.426e-05,98.0,0.00139748
RDN/BTC,1583175460125,2020-03-02T18:57:40.125Z,buy,1.433e-05,8.0,0.00011464
RDN/BTC,1583176164506,2020-03-02T19:09:24.506Z,buy,1.433e-05,521.0,0.00746593
RDN/BTC,1583176643673,2020-03-02T19:17:23.673Z,buy,1.433e-05,72.0,0.00103176
RDN/BTC,1583176643673,2020-03-02T19:17:23.673Z,buy,1.434e-05,81.0,0.00116154
RDN/BTC,1583176666055,2020-03-02T19:17:46.055Z,buy,1.433e-05,283.0,0.00405539
RDN/BTC,1583176666055,2020-03-02T19:17:46.055Z,buy,1.434e-05,9085.0,0.1302789
RDN/BTC,1583176666067,2020-03-02T19:17:46.067Z,sell,1.434e-05,9701.0,0.13911234
RDN/BTC,1583176712433,2020-03-02T19:18:32.433Z,sell,1.427e-05,82.0,0.00117014
RDN/BTC,1583176796087,2020-03-02T19:19:56.087Z,sell,1.427e-05,459.0,0.00654993
RDN/BTC,1583177394928,2020-03-02T19:29:54.928Z,sell,1.427e-05,8.0,0.00011416
RDN/BTC,1583177394928,2020-03-02T19:29:54.928Z,sell,1.426e-05,2390.0,0.0340814
RDN/BTC,1583177490668,2020-03-02T19:31:30.668Z,sell,1.426e-05,167.0,0.00238142
RDN/BTC,1583177490668,2020-03-02T19:31:30.668Z,sell,1.426e-05,167.0,0.00238142
RDN/BTC,1583177688490,2020-03-02T19:34:48.490Z,sell,1.426e-05,5354.0,0.07634804
RDN/BTC,1583177722341,2020-03-02T19:35:22.341Z,buy,1.427e-05,100.0,0.001427
RDN/BTC,1583177753443,2020-03-02T19:35:53.443Z,sell,1.427e-05,379.0,0.00540833
RDN/BTC,1583177753453,2020-03-02T19:35:53.453Z,sell,1.427e-05,133.0,0.00189791
RDN/BTC,1583177753453,2020-03-02T19:35:53.453Z,sell,1.426e-05,61.0,0.00086986
RDN/BTC,1583177753453,2020-03-02T19:35:53.453Z,sell,1.42e-05,49.0,0.0006958
RDN/BTC,1583177753453,2020-03-02T19:35:53.453Z,sell,1.418e-05,85.0,0.0012053
RDN/BTC,1583177753453,2020-03-02T19:35:53.453Z,sell,1.417e-05,53.0,0.00075101
RDN/BTC,1583177754493,2020-03-02T19:35:54.493Z,sell,1.418e-05,331.0,0.00469358
RDN/BTC,1583177757468,2020-03-02T19:35:57.468Z,sell,1.418e-05,118.0,0.0016732399999999
RDN/BTC,1583177757468,2020-03-02T19:35:57.468Z,sell,1.417e-05,394.0,0.0055829799999999
RDN/BTC,1583177791527,2020-03-02T19:36:31.527Z,sell,1.417e-05,2542.0,0.03602014
RDN/BTC,1583177802601,2020-03-02T19:36:42.601Z,sell,1.417e-05,452.0,0.00640484
RDN/BTC,1583177802601,2020-03-02T19:36:42.601Z,sell,1.416e-05,11072.0,0.15677952
RDN/BTC,1583177802601,2020-03-02T19:36:42.601Z,sell,1.415e-05,476.0,0.0067354
RDN/BTC,1583177818792,2020-03-02T19:36:58.792Z,sell,1.419e-05,100.0,0.001419
RDN/BTC,1583177818792,2020-03-02T19:36:58.792Z,sell,1.418e-05,100.0,0.001418
RDN/BTC,1583177818792,2020-03-02T19:36:58.792Z,sell,1.417e-05,869.0,0.01231373
RDN/BTC,1583177818792,2020-03-02T19:36:58.792Z,sell,1.415e-05,68.0,0.0009622
RDN/BTC,1583177818792,2020-03-02T19:36:58.792Z,sell,1.414e-05,282.0,0.00398748
RDN/BTC,1583177818825,2020-03-02T19:36:58.825Z,sell,1.413e-05,8.0,0.00011304
RDN/BTC,1583177818825,2020-03-02T19:36:58.825Z,sell,1.412e-05,92.0,0.00129904
RDN/BTC,1583177819087,2020-03-02T19:36:59.087Z,buy,1.414e-05,131.0,0.00185234
RDN/BTC,1583177837625,2020-03-02T19:37:17.625Z,sell,1.416e-05,40.0,0.0005664
RDN/BTC,1583178018970,2020-03-02T19:40:18.970Z,buy,1.417e-05,50.0,0.0007085
RDN/BTC,1583179133523,2020-03-02T19:58:53.523Z,buy,1.424e-05,732.0,0.01042368
RDN/BTC,1583179137960,2020-03-02T19:58:57.960Z,sell,1.424e-05,100.0,0.001424
RDN/BTC,1583179352456,2020-03-02T20:02:32.456Z,buy,1.426e-05,9.0,0.00012834
RDN/BTC,1583179352456,2020-03-02T20:02:32.456Z,buy,1.429e-05,282.0,0.00402978
RDN/BTC,1583179352456,2020-03-02T20:02:32.456Z,buy,1.43e-05,409.0,0.0058487
RDN/BTC,1583179352456,2020-03-02T20:02:32.456Z,buy,1.432e-05,2318.0,0.03319376
RDN/BTC,1583179352456,2020-03-02T20:02:32.456Z,buy,1.433e-05,1410.0,0.0202053
RDN/BTC,1583179352456,2020-03-02T20:02:32.456Z,buy,1.434e-05,5290.0,0.0758586
RDN/BTC,1583179352456,2020-03-02T20:02:32.456Z,buy,1.435e-05,4609.0,0.06613915
RDN/BTC,1583179352477,2020-03-02T20:02:32.477Z,sell,1.435e-05,8858.0,0.1271123
RDN/BTC,1583179352680,2020-03-02T20:02:32.680Z,sell,1.435e-05,485.0,0.00695975
RDN/BTC,1583179353453,2020-03-02T20:02:33.453Z,sell,1.435e-05,228.0,0.0032718
RDN/BTC,1583179353482,2020-03-02T20:02:33.482Z,sell,1.435e-05,127.0,0.00182245
RDN/BTC,1583179382133,2020-03-02T20:03:02.133Z,buy,1.431e-05,13.0,0.00018603
RDN/BTC,1583179586837,2020-03-02T20:06:26.837Z,buy,1.432e-05,7.0,0.00010024
RDN/BTC,1583179620975,2020-03-02T20:07:00.975Z,sell,1.421e-05,76.0,0.00107996
RDN/BTC,1583179639960,2020-03-02T20:07:19.960Z,sell,1.43e-05,350.0,0.005005
RDN/BTC,1583179712147,2020-03-02T20:08:32.147Z,sell,1.43e-05,8.0,0.0001144
RDN/BTC,1583180004013,2020-03-02T20:13:24.013Z,buy,1.433e-05,2.0,2.866e-05
RDN/BTC,1583180031173,2020-03-02T20:13:51.173Z,buy,1.431e-05,321.0,0.00459351
RDN/BTC,1583180054619,2020-03-02T20:14:14.619Z,buy,1.431e-05,6957.0,0.09955467
RDN/BTC,1583180093060,2020-03-02T20:14:53.060Z,buy,1.432e-05,39.0,0.00055848
RDN/BTC,1583180133567,2020-03-02T20:15:33.567Z,sell,1.422e-05,99.0,0.00140778
RDN/BTC,1583180280954,2020-03-02T20:18:00.954Z,buy,1.427e-05,7.0,9.989e-05
RDN/BTC,1583180724702,2020-03-02T20:25:24.702Z,buy,1.427e-05,78.0,0.00111306
RDN/BTC,1583181079954,2020-03-02T20:31:19.954Z,sell,1.42e-05,473.0,0.0067166
RDN/BTC,1583181079954,2020-03-02T20:31:19.954Z,sell,1.419e-05,306.0,0.0043421399999999
RDN/BTC,1583181080182,2020-03-02T20:31:20.182Z,buy,1.43e-05,2.0,2.86e-05
RDN/BTC,1583181080182,2020-03-02T20:31:20.182Z,buy,1.43e-05,2.0,2.86e-05
RDN/BTC,1583181090670,2020-03-02T20:31:30.670Z,sell,1.419e-05,14.0,0.00019866
RDN/BTC,1583181097101,2020-03-02T20:31:37.101Z,buy,1.42e-05,10.0,0.0001419999999999
RDN/BTC,1583181659175,2020-03-02T20:40:59.175Z,buy,1.434e-05,450.0,0.0064529999999999
RDN/BTC,1583181659186,2020-03-02T20:40:59.186Z,sell,1.434e-05,213.0,0.00305442
RDN/BTC,1583181659206,2020-03-02T20:40:59.206Z,sell,1.434e-05,85.0,0.0012189
RDN/BTC,1583181693650,2020-03-02T20:41:33.650Z,sell,1.434e-05,571.0,0.00818814
RDN/BTC,1583183118655,2020-03-02T21:05:18.655Z,buy,1.434e-05,8.0,0.00011472
RDN/BTC,1583183118655,2020-03-02T21:05:18.655Z,buy,1.437e-05,544.0,0.00781728
RDN/BTC,1583183120799,2020-03-02T21:05:20.799Z,sell,1.437e-05,55.0,0.00079035
RDN/BTC,1583183450576,2020-03-02T21:10:50.576Z,buy,1.425e-05,49.0,0.00069825
RDN/BTC,1583183450576,2020-03-02T21:10:50.576Z,buy,1.425e-05,49.0,0.00069825
RDN/BTC,1583184910617,2020-03-02T21:35:10.617Z,buy,1.437e-05,99.0,0.00142263
RDN/BTC,1583184910617,2020-03-02T21:35:10.617Z,buy,1.438e-05,35.0,0.0005033
RDN/BTC,1583184910617,2020-03-02T21:35:10.617Z,buy,1.437e-05,99.0,0.00142263
RDN/BTC,1583184910617,2020-03-02T21:35:10.617Z,buy,1.438e-05,35.0,0.0005033
RDN/BTC,1583188233184,2020-03-02T22:30:33.184Z,sell,1.423e-05,279.0,0.0039701699999999
RDN/BTC,1583188320859,2020-03-02T22:32:00.859Z,sell,1.422e-05,39.0,0.0005545799999999
RDN/BTC,1583188320859,2020-03-02T22:32:00.859Z,sell,1.422e-05,39.0,0.0005545799999999
RDN/BTC,1583188584344,2020-03-02T22:36:24.344Z,buy,1.427e-05,9.0,0.00012843
RDN/BTC,1583190303505,2020-03-02T23:05:03.505Z,sell,1.415e-05,9.0,0.00012735
RDN/BTC,1583190543081,2020-03-02T23:09:03.081Z,buy,1.427e-05,35.0,0.00049945
RDN/BTC,1583190787475,2020-03-02T23:13:07.475Z,buy,1.427e-05,230.0,0.0032821
RDN/BTC,1583190787624,2020-03-02T23:13:07.624Z,sell,1.427e-05,8.0,0.00011416
RDN/BTC,1583191509686,2020-03-02T23:25:09.686Z,sell,1.417e-05,12.0,0.00017004
RDN/BTC,1583191843812,2020-03-02T23:30:43.812Z,sell,1.419e-05,86.0,0.0012203399999999
RDN/BTC,1583191843812,2020-03-02T23:30:43.812Z,sell,1.417e-05,2.0,2.834e-05
RDN/BTC,1583191843812,2020-03-02T23:30:43.812Z,sell,1.419e-05,86.0,0.0012203399999999
RDN/BTC,1583191843812,2020-03-02T23:30:43.812Z,sell,1.417e-05,2.0,2.834e-05
RDN/BTC,1583192146421,2020-03-02T23:35:46.421Z,sell,1.418e-05,71.0,0.00100678
RDN/BTC,1583192146421,2020-03-02T23:35:46.421Z,sell,1.417e-05,640.0,0.0090688
RDN/BTC,1583192146421,2020-03-02T23:35:46.421Z,sell,1.416e-05,450.0,0.006372
RDN/BTC,1583192146421,2020-03-02T23:35:46.421Z,sell,1.415e-05,2243.0,0.03173845
RDN/BTC,1583192146421,2020-03-02T23:35:46.421Z,sell,1.414e-05,355.0,0.0050197
RDN/BTC,1583192170221,2020-03-02T23:36:10.221Z,buy,1.423e-05,13.0,0.00018499
RDN/BTC,1583192188458,2020-03-02T23:36:28.458Z,sell,1.423e-05,71.0,0.00101033
RDN/BTC,1583192211006,2020-03-02T23:36:51.006Z,buy,1.424e-05,317.0,0.00451408
RDN/BTC,1583192211099,2020-03-02T23:36:51.099Z,sell,1.424e-05,389.0,0.00553936
RDN/BTC,1583192473950,2020-03-02T23:41:13.950Z,buy,1.424e-05,8.0,0.00011392
RDN/BTC,1583192575718,2020-03-02T23:42:55.718Z,buy,1.427e-05,317.0,0.00452359
RDN/BTC,1583193083209,2020-03-02T23:51:23.209Z,buy,1.429e-05,7.0,0.00010003
RDN/BTC,1583193083209,2020-03-02T23:51:23.209Z,buy,1.434e-05,450.0,0.0064529999999999
RDN/BTC,1583193083209,2020-03-02T23:51:23.209Z,buy,1.435e-05,1865.0,0.02676275
RDN/BTC,1583193083209,2020-03-02T23:51:23.209Z,buy,1.438e-05,1128.0,0.0162206399999999
RDN/BTC,1583193153686,2020-03-02T23:52:33.686Z,buy,1.436e-05,38.0,0.00054568
RDN/BTC,1583193349910,2020-03-02T23:55:49.910Z,sell,1.43e-05,78.0,0.0011154
RDN/BTC,1583193728957,2020-03-03T00:02:08.957Z,sell,1.43e-05,12.0,0.0001716
RDN/BTC,1583193867996,2020-03-03T00:04:27.996Z,buy,1.44e-05,7.0,0.0001008
RDN/BTC,1583193986411,2020-03-03T00:06:26.411Z,sell,1.431e-05,1197.0,0.01712907
RDN/BTC,1583193986411,2020-03-03T00:06:26.411Z,sell,1.43e-05,123.0,0.0017589
RDN/BTC,1583194163015,2020-03-03T00:09:23.015Z,sell,1.43e-05,37.0,0.0005291
RDN/BTC,1583194294937,2020-03-03T00:11:34.937Z,buy,1.44e-05,304.0,0.0043776
RDN/BTC,1583194294937,2020-03-03T00:11:34.937Z,buy,1.441e-05,253.0,0.00364573
RDN/BTC,1583194676689,2020-03-03T00:17:56.689Z,sell,1.43e-05,49.0,0.0007007
RDN/BTC,1583195086262,2020-03-03T00:24:46.262Z,sell,1.43e-05,353.0,0.0050479
RDN/BTC,1583195086277,2020-03-03T00:24:46.277Z,sell,1.43e-05,43.0,0.0006149
RDN/BTC,1583195086277,2020-03-03T00:24:46.277Z,sell,1.43e-05,43.0,0.0006149
RDN/BTC,1583197615534,2020-03-03T01:06:55.534Z,buy,1.435e-05,242.0,0.0034727
RDN/BTC,1583197615534,2020-03-03T01:06:55.534Z,buy,1.436e-05,1508.0,0.0216548799999999
RDN/BTC,1583197615534,2020-03-03T01:06:55.534Z,buy,1.435e-05,242.0,0.0034727
RDN/BTC,1583197615534,2020-03-03T01:06:55.534Z,buy,1.436e-05,1508.0,0.0216548799999999
RDN/BTC,1583199615278,2020-03-03T01:40:15.278Z,buy,1.436e-05,7.0,0.0001005199999999
RDN/BTC,1583199625617,2020-03-03T01:40:25.617Z,sell,1.436e-05,18.0,0.00025848
RDN/BTC,1583200537465,2020-03-03T01:55:37.465Z,buy,1.435e-05,8.0,0.0001148
RDN/BTC,1583200568388,2020-03-03T01:56:08.388Z,buy,1.435e-05,7.0,0.00010045
RDN/BTC,1583200941517,2020-03-03T02:02:21.517Z,buy,1.435e-05,49.0,0.00070315
RDN/BTC,1583200998925,2020-03-03T02:03:18.925Z,buy,1.435e-05,711.0,0.01020285
RDN/BTC,1583200999374,2020-03-03T02:03:19.374Z,buy,1.435e-05,511.0,0.00733285
RDN/BTC,1583201002775,2020-03-03T02:03:22.775Z,buy,1.435e-05,51.0,0.00073185
RDN/BTC,1583201011196,2020-03-03T02:03:31.196Z,buy,1.435e-05,150.0,0.0021525
RDN/BTC,1583201011196,2020-03-03T02:03:31.196Z,buy,1.437e-05,73.0,0.00104901
RDN/BTC,1583201011196,2020-03-03T02:03:31.196Z,buy,1.438e-05,104.0,0.00149552
RDN/BTC,1583201011483,2020-03-03T02:03:31.483Z,buy,1.438e-05,616.0,0.0088580799999999
RDN/BTC,1583201011955,2020-03-03T02:03:31.955Z,buy,1.438e-05,280.0,0.0040264
RDN/BTC,1583201011955,2020-03-03T02:03:31.955Z,buy,1.438e-05,280.0,0.0040264
RDN/BTC,1583202805048,2020-03-03T02:33:25.048Z,buy,1.438e-05,7.0,0.00010066
RDN/BTC,1583202805048,2020-03-03T02:33:25.048Z,buy,1.439e-05,1182.0,0.01700898
RDN/BTC,1583202805048,2020-03-03T02:33:25.048Z,buy,1.44e-05,500.0,0.0072
RDN/BTC,1583202806340,2020-03-03T02:33:26.340Z,sell,1.44e-05,497.0,0.0071568
RDN/BTC,1583202807374,2020-03-03T02:33:27.374Z,sell,1.44e-05,155.0,0.002232
RDN/BTC,1583202975400,2020-03-03T02:36:15.400Z,sell,1.44e-05,1077.0,0.0155088
RDN/BTC,1583202975400,2020-03-03T02:36:15.400Z,sell,1.44e-05,1077.0,0.0155088
RDN/BTC,1583206858332,2020-03-03T03:40:58.332Z,buy,1.441e-05,645.0,0.00929445
RDN/BTC,1583206858332,2020-03-03T03:40:58.332Z,buy,1.442e-05,17.0,0.00024514
RDN/BTC,1583206858332,2020-03-03T03:40:58.332Z,buy,1.444e-05,580.0,0.0083752
RDN/BTC,1583206858332,2020-03-03T03:40:58.332Z,buy,1.445e-05,62.0,0.0008959
RDN/BTC,1583206858332,2020-03-03T03:40:58.332Z,buy,1.446e-05,6425.0,0.0929055
RDN/BTC,1583206860247,2020-03-03T03:41:00.247Z,buy,1.446e-05,57.0,0.00082422
RDN/BTC,1583206873158,2020-03-03T03:41:13.158Z,buy,1.446e-05,454.0,0.00656484
RDN/BTC,1583206873158,2020-03-03T03:41:13.158Z,buy,1.446e-05,454.0,0.00656484
RDN/BTC,1583207447297,2020-03-03T03:50:47.297Z,buy,1.446e-05,7.0,0.00010122
RDN/BTC,1583207662218,2020-03-03T03:54:22.218Z,sell,1.431e-05,17.0,0.00024327
RDN/BTC,1583207662218,2020-03-03T03:54:22.218Z,sell,1.431e-05,8.0,0.00011448
RDN/BTC,1583207679669,2020-03-03T03:54:39.669Z,sell,1.432e-05,70.0,0.0010024
RDN/BTC,1583207686117,2020-03-03T03:54:46.117Z,buy,1.433e-05,719.0,0.01030327
RDN/BTC,1583209877643,2020-03-03T04:31:17.643Z,sell,1.437e-05,892.0,0.01281804
RDN/BTC,1583209879153,2020-03-03T04:31:19.153Z,sell,1.436e-05,1466.0,0.02105176
RDN/BTC,1583210063576,2020-03-03T04:34:23.576Z,buy,1.444e-05,7.0,0.00010108
RDN/BTC,1583210094679,2020-03-03T04:34:54.679Z,sell,1.434e-05,1378.0,0.01976052
RDN/BTC,1583210094679,2020-03-03T04:34:54.679Z,sell,1.434e-05,1378.0,0.01976052
RDN/BTC,1583211327321,2020-03-03T04:55:27.321Z,sell,1.429e-05,462.0,0.00660198
RDN/BTC,1583211327321,2020-03-03T04:55:27.321Z,sell,1.428e-05,1331.0,0.01900668
RDN/BTC,1583211327321,2020-03-03T04:55:27.321Z,sell,1.427e-05,279.0,0.00398133
RDN/BTC,1583211327321,2020-03-03T04:55:27.321Z,sell,1.426e-05,1062.0,0.01514412
RDN/BTC,1583211327321,2020-03-03T04:55:27.321Z,sell,1.425e-05,1770.0,0.0252225
RDN/BTC,1583211327321,2020-03-03T04:55:27.321Z,sell,1.424e-05,2817.0,0.0401140799999999
RDN/BTC,1583211409008,2020-03-03T04:56:49.008Z,sell,1.432e-05,120.0,0.0017184
RDN/BTC,1583211417652,2020-03-03T04:56:57.652Z,buy,1.432e-05,579.0,0.00829128
RDN/BTC,1583211419524,2020-03-03T04:56:59.524Z,sell,1.432e-05,38.0,0.00054416
RDN/BTC,1583212496916,2020-03-03T05:14:56.916Z,buy,1.438e-05,193.0,0.00277534
RDN/BTC,1583212589334,2020-03-03T05:16:29.334Z,sell,1.425e-05,50.0,0.0007125
RDN/BTC,1583212589334,2020-03-03T05:16:29.334Z,sell,1.424e-05,8.0,0.00011392
RDN/BTC,1583212589334,2020-03-03T05:16:29.334Z,sell,1.423e-05,135.0,0.0019210499999999
RDN/BTC,1583212589334,2020-03-03T05:16:29.334Z,sell,1.425e-05,50.0,0.0007125
RDN/BTC,1583212589334,2020-03-03T05:16:29.334Z,sell,1.424e-05,8.0,0.00011392
RDN/BTC,1583212589334,2020-03-03T05:16:29.334Z,sell,1.423e-05,135.0,0.0019210499999999
RDN/BTC,1583215440498,2020-03-03T06:04:00.498Z,buy,1.438e-05,7.0,0.00010066
RDN/BTC,1583215457626,2020-03-03T06:04:17.626Z,buy,1.438e-05,35.0,0.0005033
RDN/BTC,1583215546184,2020-03-03T06:05:46.184Z,buy,1.438e-05,37.0,0.00053206
RDN/BTC,1583215546184,2020-03-03T06:05:46.184Z,buy,1.438e-05,37.0,0.00053206
RDN/BTC,1583216296524,2020-03-03T06:18:16.524Z,sell,1.426e-05,14.0,0.00019964
RDN/BTC,1583216327236,2020-03-03T06:18:47.236Z,buy,1.438e-05,150.0,0.002157
RDN/BTC,1583216465539,2020-03-03T06:21:05.539Z,sell,1.43e-05,2500.0,0.03575
RDN/BTC,1583216470381,2020-03-03T06:21:10.381Z,sell,1.423e-05,1862.0,0.0264962599999999
RDN/BTC,1583217982802,2020-03-03T06:46:22.802Z,sell,1.425e-05,8.0,0.000114
RDN/BTC,1583217982802,2020-03-03T06:46:22.802Z,sell,1.423e-05,1884.0,0.0268093199999999
RDN/BTC,1583217982802,2020-03-03T06:46:22.802Z,sell,1.422e-05,427.0,0.00607194
RDN/BTC,1583217982802,2020-03-03T06:46:22.802Z,sell,1.421e-05,604.0,0.00858284
RDN/BTC,1583217982802,2020-03-03T06:46:22.802Z,sell,1.42e-05,1783.0,0.0253186
RDN/BTC,1583217982802,2020-03-03T06:46:22.802Z,sell,1.418e-05,6157.0,0.08730626
RDN/BTC,1583217982824,2020-03-03T06:46:22.824Z,buy,1.418e-05,7079.0,0.1003802199999999
RDN/BTC,1583217983462,2020-03-03T06:46:23.462Z,sell,1.427e-05,408.0,0.00582216
RDN/BTC,1583217986846,2020-03-03T06:46:26.846Z,sell,1.419e-05,590.0,0.0083721
RDN/BTC,1583218001219,2020-03-03T06:46:41.219Z,sell,1.421e-05,25.0,0.00035525
RDN/BTC,1583218012556,2020-03-03T06:46:52.556Z,buy,1.436e-05,25.0,0.000359
RDN/BTC,1583218012556,2020-03-03T06:46:52.556Z,buy,1.437e-05,72.0,0.0010346399999999
RDN/BTC,1583218188071,2020-03-03T06:49:48.071Z,sell,1.42e-05,15.0,0.000213
RDN/BTC,1583218205622,2020-03-03T06:50:05.622Z,buy,1.429e-05,294.0,0.00420126
RDN/BTC,1583218271709,2020-03-03T06:51:11.709Z,buy,1.427e-05,234.0,0.00333918
RDN/BTC,1583218292169,2020-03-03T06:51:32.169Z,sell,1.422e-05,56.0,0.00079632
RDN/BTC,1583218759457,2020-03-03T06:59:19.457Z,sell,1.422e-05,60.0,0.0008531999999999
RDN/BTC,1583218822325,2020-03-03T07:00:22.325Z,sell,1.422e-05,182.0,0.00258804
RDN/BTC,1583218833741,2020-03-03T07:00:33.741Z,sell,1.421e-05,694.0,0.0098617399999999
RDN/BTC,1583219066510,2020-03-03T07:04:26.510Z,buy,1.422e-05,10.0,0.0001422
RDN/BTC,1583219066510,2020-03-03T07:04:26.510Z,buy,1.422e-05,10.0,0.0001422
RDN/BTC,1583219514599,2020-03-03T07:11:54.599Z,sell,1.417e-05,101.0,0.00143117
RDN/BTC,1583220221044,2020-03-03T07:23:41.044Z,sell,1.42e-05,140.0,0.0019879999999999
RDN/BTC,1583220221044,2020-03-03T07:23:41.044Z,sell,1.417e-05,648.0,0.00918216
RDN/BTC,1583220221065,2020-03-03T07:23:41.065Z,buy,1.417e-05,209.0,0.00296153
RDN/BTC,1583220223816,2020-03-03T07:23:43.816Z,buy,1.417e-05,49.0,0.00069433
RDN/BTC,1583220290258,2020-03-03T07:24:50.258Z,buy,1.417e-05,100.0,0.001417
RDN/BTC,1583220306915,2020-03-03T07:25:06.915Z,sell,1.414e-05,9.0,0.00012726
RDN/BTC,1583220307012,2020-03-03T07:25:07.012Z,buy,1.414e-05,85.0,0.0012019
RDN/BTC,1583220307282,2020-03-03T07:25:07.282Z,sell,1.413e-05,85.0,0.00120105
RDN/BTC,1583220308553,2020-03-03T07:25:08.553Z,sell,1.41e-05,92.0,0.0012972
RDN/BTC,1583220311611,2020-03-03T07:25:11.611Z,sell,1.41e-05,33.0,0.0004653
RDN/BTC,1583220618207,2020-03-03T07:30:18.207Z,buy,1.414e-05,42.0,0.00059388
RDN/BTC,1583220893045,2020-03-03T07:34:53.045Z,sell,1.411e-05,70.0,0.0009877
RDN/BTC,1583220893065,2020-03-03T07:34:53.065Z,buy,1.411e-05,764.0,0.01078004
RDN/BTC,1583220897795,2020-03-03T07:34:57.795Z,sell,1.41e-05,271.0,0.0038211
RDN/BTC,1583220897801,2020-03-03T07:34:57.801Z,buy,1.41e-05,34.0,0.0004794
RDN/BTC,1583220904731,2020-03-03T07:35:04.731Z,sell,1.408e-05,373.0,0.00525184
RDN/BTC,1583220904731,2020-03-03T07:35:04.731Z,sell,1.407e-05,879.0,0.01236753
RDN/BTC,1583220913821,2020-03-03T07:35:13.821Z,sell,1.41e-05,8.0,0.0001128
RDN/BTC,1583220913821,2020-03-03T07:35:13.821Z,sell,1.407e-05,926.0,0.01302882
RDN/BTC,1583220918288,2020-03-03T07:35:18.288Z,buy,1.407e-05,318.0,0.00447426
RDN/BTC,1583220962061,2020-03-03T07:36:02.061Z,sell,1.411e-05,98.0,0.00138278
RDN/BTC,1583221238667,2020-03-03T07:40:38.667Z,sell,1.412e-05,305.0,0.0043066
RDN/BTC,1583221238776,2020-03-03T07:40:38.776Z,buy,1.412e-05,50.0,0.000706
RDN/BTC,1583221252813,2020-03-03T07:40:52.813Z,buy,1.412e-05,100.0,0.001412
RDN/BTC,1583221294589,2020-03-03T07:41:34.589Z,buy,1.412e-05,46.0,0.00064952
RDN/BTC,1583221298323,2020-03-03T07:41:38.323Z,buy,1.414e-05,3.0,4.242e-05
RDN/BTC,1583221456592,2020-03-03T07:44:16.592Z,sell,1.414e-05,49.0,0.00069286
RDN/BTC,1583221643257,2020-03-03T07:47:23.257Z,sell,1.414e-05,49.0,0.00069286
RDN/BTC,1583221688343,2020-03-03T07:48:08.343Z,sell,1.414e-05,8.0,0.00011312
RDN/BTC,1583221976652,2020-03-03T07:52:56.652Z,buy,1.42e-05,8105.0,0.115091
RDN/BTC,1583221976652,2020-03-03T07:52:56.652Z,buy,1.421e-05,1390.0,0.0197519
RDN/BTC,1583221976652,2020-03-03T07:52:56.652Z,buy,1.422e-05,379.0,0.00538938
RDN/BTC,1583221976659,2020-03-03T07:52:56.659Z,sell,1.422e-05,36.0,0.00051192
RDN/BTC,1583221976663,2020-03-03T07:52:56.663Z,sell,1.422e-05,80.0,0.0011376
RDN/BTC,1583221976667,2020-03-03T07:52:56.667Z,sell,1.422e-05,197.0,0.00280134
RDN/BTC,1583221976670,2020-03-03T07:52:56.670Z,buy,1.423e-05,2675.0,0.0380652499999999
RDN/BTC,1583221976690,2020-03-03T07:52:56.690Z,sell,1.422e-05,129.0,0.0018343799999999
RDN/BTC,1583222288410,2020-03-03T07:58:08.410Z,sell,1.423e-05,8.0,0.00011384
RDN/BTC,1583222407114,2020-03-03T08:00:07.114Z,sell,1.423e-05,2296.0,0.03267208
RDN/BTC,1583222407114,2020-03-03T08:00:07.114Z,sell,1.422e-05,27214.0,0.38698308
RDN/BTC,1583222407114,2020-03-03T08:00:07.114Z,sell,1.423e-05,2296.0,0.03267208
RDN/BTC,1583222407114,2020-03-03T08:00:07.114Z,sell,1.422e-05,27214.0,0.38698308
RDN/BTC,1583226443944,2020-03-03T09:07:23.944Z,sell,1.419e-05,14.0,0.00019866
RDN/BTC,1583226567493,2020-03-03T09:09:27.493Z,buy,1.422e-05,7.0,9.954e-05
RDN/BTC,1583226583549,2020-03-03T09:09:43.549Z,sell,1.419e-05,330.0,0.0046827
RDN/BTC,1583226583570,2020-03-03T09:09:43.570Z,sell,1.418e-05,1184.0,0.01678912
RDN/BTC,1583226588868,2020-03-03T09:09:48.868Z,sell,1.415e-05,37.0,0.00052355
RDN/BTC,1583226588868,2020-03-03T09:09:48.868Z,sell,1.415e-05,37.0,0.00052355
RDN/BTC,1583226715648,2020-03-03T09:11:55.648Z,sell,1.415e-05,470.0,0.0066505
RDN/BTC,1583226792270,2020-03-03T09:13:12.270Z,sell,1.414e-05,13.0,0.00018382
RDN/BTC,1583227017719,2020-03-03T09:16:57.719Z,buy,1.419e-05,119.0,0.00168861
RDN/BTC,1583227148963,2020-03-03T09:19:08.963Z,sell,1.414e-05,8.0,0.00011312
RDN/BTC,1583227148963,2020-03-03T09:19:08.963Z,buy,1.414e-05,10.0,0.0001414
RDN/BTC,1583227245232,2020-03-03T09:20:45.232Z,buy,1.414e-05,1830.0,0.0258762
RDN/BTC,1583227246951,2020-03-03T09:20:46.951Z,buy,1.419e-05,1908.0,0.0270745199999999
RDN/BTC,1583227954245,2020-03-03T09:32:34.245Z,buy,1.419e-05,7.0,9.933e-05
RDN/BTC,1583227962090,2020-03-03T09:32:42.090Z,buy,1.419e-05,1905.0,0.02703195
RDN/BTC,1583227963792,2020-03-03T09:32:43.792Z,buy,1.419e-05,1321.0,0.01874499
RDN/BTC,1583227963807,2020-03-03T09:32:43.807Z,buy,1.419e-05,584.0,0.00828696
RDN/BTC,1583228060574,2020-03-03T09:34:20.574Z,sell,1.414e-05,60.0,0.0008484
RDN/BTC,1583228060574,2020-03-03T09:34:20.574Z,sell,1.409e-05,92.0,0.00129628
RDN/BTC,1583228060574,2020-03-03T09:34:20.574Z,sell,1.408e-05,500.0,0.00704
RDN/BTC,1583228060574,2020-03-03T09:34:20.574Z,sell,1.404e-05,85.0,0.0011933999999999
RDN/BTC,1583228060574,2020-03-03T09:34:20.574Z,sell,1.403e-05,529.0,0.00742187
RDN/BTC,1583228060574,2020-03-03T09:34:20.574Z,sell,1.402e-05,956.0,0.01340312
RDN/BTC,1583228076081,2020-03-03T09:34:36.081Z,buy,1.417e-05,2.0,2.834e-05
RDN/BTC,1583228411015,2020-03-03T09:40:11.015Z,buy,1.417e-05,8.0,0.00011336
RDN/BTC,1583228736174,2020-03-03T09:45:36.174Z,sell,1.416e-05,1186.0,0.01679376
RDN/BTC,1583229550348,2020-03-03T09:59:10.348Z,buy,1.417e-05,15.0,0.00021255
RDN/BTC,1583229556858,2020-03-03T09:59:16.858Z,buy,1.418e-05,368.0,0.00521824
RDN/BTC,1583229633089,2020-03-03T10:00:33.089Z,buy,1.419e-05,7.0,9.933e-05
RDN/BTC,1583229668918,2020-03-03T10:01:08.918Z,sell,1.417e-05,1084.0,0.01536028
RDN/BTC,1583229695468,2020-03-03T10:01:35.468Z,buy,1.417e-05,8.0,0.00011336
RDN/BTC,1583229697334,2020-03-03T10:01:37.334Z,buy,1.417e-05,8.0,0.00011336
RDN/BTC,1583229740457,2020-03-03T10:02:20.457Z,buy,1.417e-05,8.0,0.00011336
RDN/BTC,1583229742290,2020-03-03T10:02:22.290Z,buy,1.417e-05,8.0,0.00011336
RDN/BTC,1583229794754,2020-03-03T10:03:14.754Z,sell,1.412e-05,1847.0,0.02607964
RDN/BTC,1583230171176,2020-03-03T10:09:31.176Z,buy,1.419e-05,914.0,0.01296966
RDN/BTC,1583230171176,2020-03-03T10:09:31.176Z,buy,1.421e-05,470.0,0.0066787
RDN/BTC,1583230171176,2020-03-03T10:09:31.176Z,buy,1.422e-05,4.0,5.688e-05
RDN/BTC,1583230171176,2020-03-03T10:09:31.176Z,buy,1.423e-05,220.0,0.0031306
RDN/BTC,1583230171193,2020-03-03T10:09:31.193Z,buy,1.428e-05,381.0,0.00544068
RDN/BTC,1583230171193,2020-03-03T10:09:31.193Z,buy,1.429e-05,97.0,0.00138613
RDN/BTC,1583230179592,2020-03-03T10:09:39.592Z,sell,1.417e-05,60.0,0.0008502
RDN/BTC,1583230179592,2020-03-03T10:09:39.592Z,sell,1.417e-05,60.0,0.0008502
RDN/BTC,1583230211412,2020-03-03T10:10:11.412Z,sell,1.417e-05,120.0,0.0017004
RDN/BTC,1583230211436,2020-03-03T10:10:11.436Z,sell,1.416e-05,78.0,0.00110448
RDN/BTC,1583230211446,2020-03-03T10:10:11.446Z,sell,1.416e-05,234.0,0.00331344
RDN/BTC,1583230211508,2020-03-03T10:10:11.508Z,sell,1.415e-05,456.0,0.0064524
RDN/BTC,1583230380133,2020-03-03T10:13:00.133Z,buy,1.428e-05,1296.0,0.01850688
RDN/BTC,1583230479459,2020-03-03T10:14:39.459Z,buy,1.428e-05,36.0,0.00051408
RDN/BTC,1583230494496,2020-03-03T10:14:54.496Z,buy,1.428e-05,8.0,0.00011424
RDN/BTC,1583230710014,2020-03-03T10:18:30.014Z,buy,1.428e-05,8.0,0.00011424
RDN/BTC,1583230710014,2020-03-03T10:18:30.014Z,buy,1.429e-05,80.0,0.0011432
RDN/BTC,1583231522046,2020-03-03T10:32:02.046Z,sell,1.425e-05,2451.0,0.03492675
RDN/BTC,1583231555256,2020-03-03T10:32:35.256Z,sell,1.423e-05,2405.0,0.03422315
RDN/BTC,1583231555256,2020-03-03T10:32:35.256Z,sell,1.42e-05,86.0,0.0012212
RDN/BTC,1583231698759,2020-03-03T10:34:58.759Z,buy,1.429e-05,49.0,0.00070021
RDN/BTC,1583231737632,2020-03-03T10:35:37.632Z,buy,1.429e-05,49.0,0.00070021
RDN/BTC,1583231790070,2020-03-03T10:36:30.070Z,buy,1.429e-05,49.0,0.00070021
RDN/BTC,1583232293282,2020-03-03T10:44:53.282Z,buy,1.429e-05,419.0,0.00598751
RDN/BTC,1583232293282,2020-03-03T10:44:53.282Z,buy,1.43e-05,281.0,0.0040183
RDN/BTC,1583232308611,2020-03-03T10:45:08.611Z,sell,1.43e-05,8.0,0.0001144
RDN/BTC,1583232354839,2020-03-03T10:45:54.839Z,buy,1.431e-05,60.0,0.0008586
RDN/BTC,1583232363511,2020-03-03T10:46:03.511Z,buy,1.432e-05,8.0,0.00011456
RDN/BTC,1583232364085,2020-03-03T10:46:04.085Z,buy,1.431e-05,8.0,0.00011448
RDN/BTC,1583233037151,2020-03-03T10:57:17.151Z,sell,1.43e-05,232.0,0.0033176
RDN/BTC,1583233058417,2020-03-03T10:57:38.417Z,sell,1.43e-05,70.0,0.001001
RDN/BTC,1583233369519,2020-03-03T11:02:49.519Z,buy,1.434e-05,130.0,0.0018641999999999
RDN/BTC,1583233369519,2020-03-03T11:02:49.519Z,buy,1.435e-05,21.0,0.00030135
RDN/BTC,1583233745539,2020-03-03T11:09:05.539Z,sell,1.43e-05,147.0,0.0021021
RDN/BTC,1583233745539,2020-03-03T11:09:05.539Z,sell,1.43e-05,147.0,0.0021021
RDN/BTC,1583233978211,2020-03-03T11:12:58.211Z,sell,1.43e-05,1583.0,0.0226369
RDN/BTC,1583234320779,2020-03-03T11:18:40.779Z,buy,1.435e-05,277.0,0.00397495
RDN/BTC,1583234320779,2020-03-03T11:18:40.779Z,buy,1.436e-05,58.0,0.00083288
RDN/BTC,1583234320800,2020-03-03T11:18:40.800Z,sell,1.436e-05,993.0,0.01425948
RDN/BTC,1583234690055,2020-03-03T11:24:50.055Z,buy,1.441e-05,1079.0,0.0155483899999999
RDN/BTC,1583234691679,2020-03-03T11:24:51.679Z,buy,1.442e-05,1796.0,0.02589832
RDN/BTC,1583234691694,2020-03-03T11:24:51.694Z,buy,1.442e-05,85.0,0.0012257
RDN/BTC,1583234693041,2020-03-03T11:24:53.041Z,buy,1.442e-05,33.0,0.00047586
RDN/BTC,1583234704663,2020-03-03T11:25:04.663Z,sell,1.434e-05,10.0,0.0001434
RDN/BTC,1583235312355,2020-03-03T11:35:12.355Z,buy,1.441e-05,33.0,0.00047553
RDN/BTC,1583235312624,2020-03-03T11:35:12.624Z,sell,1.433e-05,10.0,0.0001433
RDN/BTC,1583235335337,2020-03-03T11:35:35.337Z,buy,1.441e-05,1900.0,0.0273789999999999
RDN/BTC,1583235336970,2020-03-03T11:35:36.970Z,buy,1.442e-05,1000.0,0.0144199999999999
RDN/BTC,1583235336970,2020-03-03T11:35:36.970Z,buy,1.443e-05,1708.0,0.02464644
RDN/BTC,1583235410199,2020-03-03T11:36:50.199Z,buy,1.443e-05,1682.0,0.02427126
RDN/BTC,1583235411906,2020-03-03T11:36:51.906Z,buy,1.444e-05,2529.0,0.03651876
RDN/BTC,1583235909176,2020-03-03T11:45:09.176Z,buy,1.443e-05,69.0,0.00099567
RDN/BTC,1583236162021,2020-03-03T11:49:22.021Z,sell,1.434e-05,3298.0,0.04729332
RDN/BTC,1583236162021,2020-03-03T11:49:22.021Z,sell,1.432e-05,2817.0,0.04033944
RDN/BTC,1583236162021,2020-03-03T11:49:22.021Z,sell,1.431e-05,5128.0,0.07338168
RDN/BTC,1583236162023,2020-03-03T11:49:22.023Z,sell,1.43e-05,608.0,0.0086944
RDN/BTC,1583236374360,2020-03-03T11:52:54.360Z,buy,1.438e-05,50.0,0.000719
RDN/BTC,1583236399125,2020-03-03T11:53:19.125Z,sell,1.434e-05,108.0,0.00154872
RDN/BTC,1583236399125,2020-03-03T11:53:19.125Z,sell,1.434e-05,108.0,0.00154872
RDN/BTC,1583237486608,2020-03-03T12:11:26.608Z,sell,1.436e-05,85.0,0.0012206
RDN/BTC,1583237684624,2020-03-03T12:14:44.624Z,sell,1.436e-05,1308.0,0.01878288
RDN/BTC,1583237745018,2020-03-03T12:15:45.018Z,sell,1.435e-05,18.0,0.0002583
RDN/BTC,1583237745018,2020-03-03T12:15:45.018Z,sell,1.434e-05,77.0,0.00110418
RDN/BTC,1583239114979,2020-03-03T12:38:34.979Z,buy,1.438e-05,8.0,0.00011504
RDN/BTC,1583239190572,2020-03-03T12:39:50.572Z,sell,1.436e-05,7.0,0.0001005199999999
RDN/BTC,1583239190572,2020-03-03T12:39:50.572Z,sell,1.435e-05,2090.0,0.0299915
RDN/BTC,1583239248666,2020-03-03T12:40:48.666Z,sell,1.434e-05,48.0,0.00068832
RDN/BTC,1583239248666,2020-03-03T12:40:48.666Z,sell,1.431e-05,200.0,0.002862
RDN/BTC,1583239248666,2020-03-03T12:40:48.666Z,sell,1.428e-05,561.0,0.00801108
RDN/BTC,1583239248666,2020-03-03T12:40:48.666Z,sell,1.426e-05,264.0,0.00376464
RDN/BTC,1583239248666,2020-03-03T12:40:48.666Z,sell,1.425e-05,10.0,0.0001425
RDN/BTC,1583239248678,2020-03-03T12:40:48.678Z,buy,1.426e-05,178.0,0.00253828
RDN/BTC,1583239249072,2020-03-03T12:40:49.072Z,sell,1.428e-05,87.0,0.00124236
RDN/BTC,1583239258882,2020-03-03T12:40:58.882Z,sell,1.427e-05,22.0,0.00031394
RDN/BTC,1583239552104,2020-03-03T12:45:52.104Z,buy,1.431e-05,85.0,0.00121635
RDN/BTC,1583239576644,2020-03-03T12:46:16.644Z,sell,1.428e-05,499.0,0.00712572
RDN/BTC,1583239576644,2020-03-03T12:46:16.644Z,sell,1.428e-05,499.0,0.00712572
RDN/BTC,1583240028780,2020-03-03T12:53:48.780Z,sell,1.428e-05,541.0,0.00772548
RDN/BTC,1583240121461,2020-03-03T12:55:21.461Z,buy,1.428e-05,8.0,0.00011424
RDN/BTC,1583240601789,2020-03-03T13:03:21.789Z,sell,1.423e-05,180.0,0.0025613999999999
RDN/BTC,1583240671123,2020-03-03T13:04:31.123Z,sell,1.423e-05,8.0,0.00011384
RDN/BTC,1583240671123,2020-03-03T13:04:31.123Z,sell,1.42e-05,28.0,0.0003976
RDN/BTC,1583240876676,2020-03-03T13:07:56.676Z,sell,1.42e-05,138.0,0.0019596
RDN/BTC,1583240876676,2020-03-03T13:07:56.676Z,sell,1.414e-05,8.0,0.00011312
RDN/BTC,1583240876676,2020-03-03T13:07:56.676Z,sell,1.412e-05,257.0,0.00362884
RDN/BTC,1583240876676,2020-03-03T13:07:56.676Z,sell,1.411e-05,283.0,0.00399313
RDN/BTC,1583240876676,2020-03-03T13:07:56.676Z,sell,1.41e-05,411.0,0.0057951
RDN/BTC,1583240876691,2020-03-03T13:07:56.691Z,buy,1.433e-05,2.0,2.866e-05
RDN/BTC,1583241596326,2020-03-03T13:19:56.326Z,buy,1.432e-05,150.0,0.002148
RDN/BTC,1583241656302,2020-03-03T13:20:56.302Z,sell,1.418e-05,42.0,0.00059556
RDN/BTC,1583241723218,2020-03-03T13:22:03.218Z,buy,1.432e-05,168.0,0.00240576
RDN/BTC,1583241723308,2020-03-03T13:22:03.308Z,sell,1.432e-05,3034.0,0.04344688
RDN/BTC,1583241724907,2020-03-03T13:22:04.907Z,buy,1.435e-05,104.0,0.0014924
RDN/BTC,1583241747794,2020-03-03T13:22:27.794Z,sell,1.432e-05,1401.0,0.02006232
RDN/BTC,1583241803069,2020-03-03T13:23:23.069Z,sell,1.432e-05,349.0,0.00499768
RDN/BTC,1583242254192,2020-03-03T13:30:54.192Z,sell,1.432e-05,226.0,0.00323632
RDN/BTC,1583242262895,2020-03-03T13:31:02.895Z,sell,1.432e-05,85.0,0.0012172
RDN/BTC,1583242262895,2020-03-03T13:31:02.895Z,sell,1.432e-05,85.0,0.0012172
RDN/BTC,1583244993897,2020-03-03T14:16:33.897Z,sell,1.42e-05,287.0,0.0040754
RDN/BTC,1583245064919,2020-03-03T14:17:44.919Z,buy,1.436e-05,28.0,0.0004020799999999
RDN/BTC,1583245064919,2020-03-03T14:17:44.919Z,buy,1.437e-05,1329.0,0.01909773
RDN/BTC,1583245354192,2020-03-03T14:22:34.192Z,sell,1.422e-05,58.0,0.00082476
RDN/BTC,1583245354192,2020-03-03T14:22:34.192Z,sell,1.421e-05,645.0,0.00916545
RDN/BTC,1583245378434,2020-03-03T14:22:58.434Z,buy,1.425e-05,85.0,0.00121125
RDN/BTC,1583245378434,2020-03-03T14:22:58.434Z,buy,1.425e-05,85.0,0.00121125
RDN/BTC,1583246244489,2020-03-03T14:37:24.489Z,sell,1.419e-05,371.0,0.00526449
RDN/BTC,1583246244541,2020-03-03T14:37:24.541Z,buy,1.419e-05,139.0,0.00197241
RDN/BTC,1583246244799,2020-03-03T14:37:24.799Z,buy,1.419e-05,118.0,0.00167442
RDN/BTC,1583246245196,2020-03-03T14:37:25.196Z,sell,1.417e-05,69.0,0.00097773
RDN/BTC,1583246245196,2020-03-03T14:37:25.196Z,sell,1.416e-05,35.0,0.0004956
RDN/BTC,1583246245196,2020-03-03T14:37:25.196Z,sell,1.416e-05,287.0,0.00406392
RDN/BTC,1583246245196,2020-03-03T14:37:25.196Z,sell,1.414e-05,93.0,0.00131502
RDN/BTC,1583246245196,2020-03-03T14:37:25.196Z,sell,1.413e-05,300.0,0.004239
RDN/BTC,1583246245196,2020-03-03T14:37:25.196Z,sell,1.412e-05,300.0,0.004236
RDN/BTC,1583246245196,2020-03-03T14:37:25.196Z,sell,1.409e-05,519.0,0.00731271
RDN/BTC,1583246308087,2020-03-03T14:38:28.087Z,sell,1.412e-05,191.0,0.00269692
RDN/BTC,1583246311526,2020-03-03T14:38:31.526Z,buy,1.412e-05,967.0,0.01365404
RDN/BTC,1583246312136,2020-03-03T14:38:32.136Z,sell,1.412e-05,191.0,0.00269692
RDN/BTC,1583246395258,2020-03-03T14:39:55.258Z,sell,1.411e-05,284.0,0.00400724
RDN/BTC,1583246395258,2020-03-03T14:39:55.258Z,sell,1.41e-05,1080.0,0.015228
RDN/BTC,1583246395258,2020-03-03T14:39:55.258Z,sell,1.409e-05,2113.0,0.02977217
RDN/BTC,1583246429784,2020-03-03T14:40:29.784Z,sell,1.41e-05,8.0,0.0001128
RDN/BTC,1583246454849,2020-03-03T14:40:54.849Z,buy,1.41e-05,102.0,0.0014382
RDN/BTC,1583246477747,2020-03-03T14:41:17.747Z,buy,1.41e-05,77.0,0.0010857
RDN/BTC,1583246512466,2020-03-03T14:41:52.466Z,buy,1.41e-05,100.0,0.00141
RDN/BTC,1583246568513,2020-03-03T14:42:48.513Z,buy,1.41e-05,36.0,0.0005076
RDN/BTC,1583246837793,2020-03-03T14:47:17.793Z,sell,1.411e-05,646.0,0.00911506
RDN/BTC,1583246837793,2020-03-03T14:47:17.793Z,sell,1.41e-05,318.0,0.0044838
RDN/BTC,1583246837793,2020-03-03T14:47:17.793Z,sell,1.409e-05,693.0,0.00976437
RDN/BTC,1583246837793,2020-03-03T14:47:17.793Z,sell,1.407e-05,58.0,0.00081606
RDN/BTC,1583246837793,2020-03-03T14:47:17.793Z,sell,1.406e-05,135.0,0.0018980999999999
RDN/BTC,1583246837793,2020-03-03T14:47:17.793Z,sell,1.405e-05,100.0,0.001405
RDN/BTC,1583246837793,2020-03-03T14:47:17.793Z,sell,1.404e-05,329.0,0.00461916
RDN/BTC,1583246837793,2020-03-03T14:47:17.793Z,sell,1.4e-05,495.0,0.0069299999999999
RDN/BTC,1583246841597,2020-03-03T14:47:21.597Z,sell,1.4e-05,30.0,0.00042
RDN/BTC,1583246850801,2020-03-03T14:47:30.801Z,sell,1.4e-05,322.0,0.004508
RDN/BTC,1583246853388,2020-03-03T14:47:33.388Z,sell,1.4e-05,322.0,0.004508
RDN/BTC,1583246868033,2020-03-03T14:47:48.033Z,sell,1.4e-05,68.0,0.0009519999999999
RDN/BTC,1583246891842,2020-03-03T14:48:11.842Z,buy,1.408e-05,15.0,0.0002112
RDN/BTC,1583246891842,2020-03-03T14:48:11.842Z,buy,1.418e-05,127.0,0.00180086
RDN/BTC,1583246892821,2020-03-03T14:48:12.821Z,buy,1.417e-05,284.0,0.00402428
RDN/BTC,1583247182333,2020-03-03T14:53:02.333Z,buy,1.414e-05,8.0,0.00011312
RDN/BTC,1583247364321,2020-03-03T14:56:04.321Z,buy,1.414e-05,2.0,2.828e-05
RDN/BTC,1583247844628,2020-03-03T15:04:04.628Z,buy,1.413e-05,76.0,0.00107388
RDN/BTC,1583247846781,2020-03-03T15:04:06.781Z,buy,1.413e-05,343.0,0.00484659
RDN/BTC,1583247877015,2020-03-03T15:04:37.015Z,sell,1.415e-05,187.0,0.00264605
RDN/BTC,1583248193443,2020-03-03T15:09:53.443Z,buy,1.415e-05,108.0,0.0015282
RDN/BTC,1583248609413,2020-03-03T15:16:49.413Z,buy,1.418e-05,171.0,0.00242478
RDN/BTC,1583248609736,2020-03-03T15:16:49.736Z,sell,1.414e-05,11.0,0.00015554
RDN/BTC,1583248609736,2020-03-03T15:16:49.736Z,sell,1.413e-05,3.0,4.239e-05
RDN/BTC,1583248641382,2020-03-03T15:17:21.382Z,sell,1.415e-05,8.0,0.0001132
RDN/BTC,1583248641382,2020-03-03T15:17:21.382Z,sell,1.413e-05,10304.0,0.14559552
RDN/BTC,1583248683399,2020-03-03T15:18:03.399Z,buy,1.412e-05,50.0,0.000706
RDN/BTC,1583248688888,2020-03-03T15:18:08.888Z,buy,1.411e-05,25.0,0.00035275
RDN/BTC,1583248688888,2020-03-03T15:18:08.888Z,buy,1.411e-05,25.0,0.00035275
RDN/BTC,1583249005954,2020-03-03T15:23:25.954Z,buy,1.411e-05,108.0,0.00152388
RDN/BTC,1583249012847,2020-03-03T15:23:32.847Z,buy,1.412e-05,1414.0,0.01996568
RDN/BTC,1583249012847,2020-03-03T15:23:32.847Z,buy,1.413e-05,11732.0,0.16577316
RDN/BTC,1583249099330,2020-03-03T15:24:59.330Z,buy,1.413e-05,341.0,0.00481833
RDN/BTC,1583249231521,2020-03-03T15:27:11.521Z,buy,1.416e-05,421.0,0.00596136
RDN/BTC,1583249366601,2020-03-03T15:29:26.601Z,sell,1.413e-05,1128.0,0.01593864
RDN/BTC,1583249625382,2020-03-03T15:33:45.382Z,buy,1.419e-05,1130.0,0.0160347
RDN/BTC,1583249675161,2020-03-03T15:34:35.161Z,buy,1.418e-05,766.0,0.0108618799999999
RDN/BTC,1583249690484,2020-03-03T15:34:50.484Z,buy,1.418e-05,2417.0,0.03427306
RDN/BTC,1583249698677,2020-03-03T15:34:58.677Z,buy,1.419e-05,353.0,0.00500907
RDN/BTC,1583249925648,2020-03-03T15:38:45.648Z,sell,1.414e-05,9.0,0.00012726
RDN/BTC,1583249925648,2020-03-03T15:38:45.648Z,sell,1.406e-05,264.0,0.0037118399999999
RDN/BTC,1583249925648,2020-03-03T15:38:45.648Z,sell,1.405e-05,225.0,0.00316125
RDN/BTC,1583249925648,2020-03-03T15:38:45.648Z,sell,1.403e-05,1308.0,0.0183512399999999
RDN/BTC,1583249954607,2020-03-03T15:39:14.607Z,buy,1.412e-05,100.0,0.001412
RDN/BTC,1583250039679,2020-03-03T15:40:39.679Z,buy,1.415e-05,8.0,0.0001132
RDN/BTC,1583250313692,2020-03-03T15:45:13.692Z,buy,1.411e-05,1597.0,0.02253367
RDN/BTC,1583250757280,2020-03-03T15:52:37.280Z,buy,1.415e-05,8.0,0.0001132
RDN/BTC,1583250763175,2020-03-03T15:52:43.175Z,buy,1.415e-05,1194.0,0.0168951
RDN/BTC,1583250763175,2020-03-03T15:52:43.175Z,buy,1.416e-05,4790.0,0.0678264
RDN/BTC,1583250763175,2020-03-03T15:52:43.175Z,buy,1.421e-05,379.0,0.00538559
RDN/BTC,1583250763175,2020-03-03T15:52:43.175Z,buy,1.422e-05,1602.0,0.02278044
RDN/BTC,1583250763175,2020-03-03T15:52:43.175Z,buy,1.423e-05,284.0,0.00404132
RDN/BTC,1583250763175,2020-03-03T15:52:43.175Z,buy,1.424e-05,5408.0,0.07700992
RDN/BTC,1583250763175,2020-03-03T15:52:43.175Z,buy,1.425e-05,4632.0,0.066006
RDN/BTC,1583250763175,2020-03-03T15:52:43.175Z,buy,1.426e-05,693.0,0.00988218
RDN/BTC,1583250763175,2020-03-03T15:52:43.175Z,buy,1.427e-05,679.0,0.00968933
RDN/BTC,1583250763175,2020-03-03T15:52:43.175Z,buy,1.428e-05,695.0,0.0099246
RDN/BTC,1583250763175,2020-03-03T15:52:43.175Z,buy,1.43e-05,4508.0,0.0644644
RDN/BTC,1583250763175,2020-03-03T15:52:43.175Z,buy,1.431e-05,2550.0,0.0364905
RDN/BTC,1583250763175,2020-03-03T15:52:43.175Z,buy,1.433e-05,2503.0,0.03586799
RDN/BTC,1583250763175,2020-03-03T15:52:43.175Z,buy,1.435e-05,577.0,0.00827995
RDN/BTC,1583250763175,2020-03-03T15:52:43.175Z,buy,1.436e-05,4689.0,0.06733404
RDN/BTC,1583250763175,2020-03-03T15:52:43.175Z,buy,1.438e-05,27.0,0.0003882599999999
RDN/BTC,1583250763175,2020-03-03T15:52:43.175Z,buy,1.441e-05,8.0,0.00011528
RDN/BTC,1583250763367,2020-03-03T15:52:43.367Z,sell,1.424e-05,321.0,0.00457104
RDN/BTC,1583250778233,2020-03-03T15:52:58.233Z,buy,1.433e-05,5389.0,0.07722437
RDN/BTC,1583250778240,2020-03-03T15:52:58.240Z,sell,1.433e-05,435.0,0.00623355
RDN/BTC,1583250778247,2020-03-03T15:52:58.247Z,sell,1.433e-05,141.0,0.00202053
RDN/BTC,1583250778247,2020-03-03T15:52:58.247Z,sell,1.433e-05,209.0,0.00299497
RDN/BTC,1583250778254,2020-03-03T15:52:58.254Z,sell,1.433e-05,323.0,0.00462859
RDN/BTC,1583250778288,2020-03-03T15:52:58.288Z,sell,1.433e-05,112.0,0.00160496
RDN/BTC,1583250778291,2020-03-03T15:52:58.291Z,sell,1.433e-05,69.0,0.00098877
RDN/BTC,1583250778311,2020-03-03T15:52:58.311Z,buy,1.441e-05,7.0,0.00010087
RDN/BTC,1583250778311,2020-03-03T15:52:58.311Z,buy,1.442e-05,104.0,0.00149968
RDN/BTC,1583250778526,2020-03-03T15:52:58.526Z,sell,1.433e-05,120.0,0.0017196
RDN/BTC,1583250779647,2020-03-03T15:52:59.647Z,buy,1.442e-05,28.0,0.0004037599999999
RDN/BTC,1583250784716,2020-03-03T15:53:04.716Z,buy,1.441e-05,18.0,0.00025938
RDN/BTC,1583250784716,2020-03-03T15:53:04.716Z,buy,1.442e-05,2472.0,0.0356462399999999
RDN/BTC,1583250784716,2020-03-03T15:53:04.716Z,buy,1.444e-05,11060.0,0.1597064
RDN/BTC,1583250784716,2020-03-03T15:53:04.716Z,buy,1.445e-05,53.0,0.00076585
RDN/BTC,1583250784716,2020-03-03T15:53:04.716Z,buy,1.446e-05,2248.0,0.03250608
RDN/BTC,1583250794119,2020-03-03T15:53:14.119Z,buy,1.446e-05,513.0,0.00741798
RDN/BTC,1583250870150,2020-03-03T15:54:30.150Z,buy,1.444e-05,8.0,0.00011552
RDN/BTC,1583250870150,2020-03-03T15:54:30.150Z,buy,1.445e-05,104.0,0.0015028
RDN/BTC,1583250873419,2020-03-03T15:54:33.419Z,buy,1.445e-05,755.0,0.01090975
RDN/BTC,1583250873419,2020-03-03T15:54:33.419Z,buy,1.446e-05,2811.0,0.04064706
RDN/BTC,1583250893309,2020-03-03T15:54:53.309Z,buy,1.446e-05,2100.0,0.030366
RDN/BTC,1583250894228,2020-03-03T15:54:54.228Z,buy,1.446e-05,4734.0,0.06845364
RDN/BTC,1583250894228,2020-03-03T15:54:54.228Z,buy,1.448e-05,123.0,0.00178104
RDN/BTC,1583250894228,2020-03-03T15:54:54.228Z,buy,1.454e-05,135.0,0.0019629
RDN/BTC,1583250894228,2020-03-03T15:54:54.228Z,buy,1.456e-05,11.0,0.0001601599999999
RDN/BTC,1583250894228,2020-03-03T15:54:54.228Z,buy,1.458e-05,45.0,0.0006561
RDN/BTC,1583250894228,2020-03-03T15:54:54.228Z,buy,1.46e-05,180.0,0.002628
RDN/BTC,1583250894228,2020-03-03T15:54:54.228Z,buy,1.461e-05,423.0,0.00618003
RDN/BTC,1583250894228,2020-03-03T15:54:54.228Z,buy,1.463e-05,168.0,0.00245784
RDN/BTC,1583250894228,2020-03-03T15:54:54.228Z,buy,1.464e-05,567.0,0.00830088
RDN/BTC,1583250894228,2020-03-03T15:54:54.228Z,buy,1.465e-05,58.0,0.0008497
RDN/BTC,1583250894228,2020-03-03T15:54:54.228Z,buy,1.466e-05,200.0,0.002932
RDN/BTC,1583250894228,2020-03-03T15:54:54.228Z,buy,1.469e-05,51.0,0.00074919
RDN/BTC,1583250894228,2020-03-03T15:54:54.228Z,buy,1.47e-05,15.0,0.0002205
RDN/BTC,1583250894228,2020-03-03T15:54:54.228Z,buy,1.471e-05,141.0,0.00207411
RDN/BTC,1583250894228,2020-03-03T15:54:54.228Z,buy,1.472e-05,7.0,0.00010304
RDN/BTC,1583250894228,2020-03-03T15:54:54.228Z,buy,1.476e-05,474.0,0.00699624
RDN/BTC,1583250894228,2020-03-03T15:54:54.228Z,buy,1.477e-05,268.0,0.00395836
RDN/BTC,1583250896361,2020-03-03T15:54:56.361Z,buy,1.457e-05,14.0,0.0002039799999999
RDN/BTC,1583250897756,2020-03-03T15:54:57.756Z,buy,1.457e-05,13.0,0.00018941
RDN/BTC,1583250916209,2020-03-03T15:55:16.209Z,sell,1.444e-05,8.0,0.00011552
RDN/BTC,1583250927066,2020-03-03T15:55:27.066Z,buy,1.446e-05,353.0,0.00510438
RDN/BTC,1583250927066,2020-03-03T15:55:27.066Z,buy,1.475e-05,1109.0,0.01635775
RDN/BTC,1583250927066,2020-03-03T15:55:27.066Z,buy,1.476e-05,253.0,0.00373428
RDN/BTC,1583250927783,2020-03-03T15:55:27.783Z,sell,1.455e-05,8.0,0.0001164
RDN/BTC,1583250927783,2020-03-03T15:55:27.783Z,sell,1.454e-05,105.0,0.0015267
RDN/BTC,1583250928116,2020-03-03T15:55:28.116Z,sell,1.455e-05,20.0,0.0002909999999999
RDN/BTC,1583250929907,2020-03-03T15:55:29.907Z,sell,1.449e-05,70.0,0.0010143
RDN/BTC,1583250929907,2020-03-03T15:55:29.907Z,sell,1.448e-05,4.0,5.792e-05
RDN/BTC,1583250967810,2020-03-03T15:56:07.810Z,sell,1.444e-05,112.0,0.00161728
RDN/BTC,1583250967948,2020-03-03T15:56:07.948Z,sell,1.444e-05,29.0,0.00041876
RDN/BTC,1583250979912,2020-03-03T15:56:19.912Z,buy,1.451e-05,384.0,0.00557184
RDN/BTC,1583250979912,2020-03-03T15:56:19.912Z,buy,1.461e-05,35.0,0.00051135
RDN/BTC,1583250979912,2020-03-03T15:56:19.912Z,buy,1.462e-05,1867.0,0.02729554
RDN/BTC,1583250979912,2020-03-03T15:56:19.912Z,buy,1.463e-05,5255.0,0.07688065
RDN/BTC,1583250980653,2020-03-03T15:56:20.653Z,sell,1.446e-05,100.0,0.001446
RDN/BTC,1583250980653,2020-03-03T15:56:20.653Z,sell,1.445e-05,323.0,0.00466735
RDN/BTC,1583250991365,2020-03-03T15:56:31.365Z,sell,1.446e-05,69.0,0.00099774
RDN/BTC,1583250992862,2020-03-03T15:56:32.862Z,sell,1.446e-05,137.0,0.00198102
RDN/BTC,1583251007618,2020-03-03T15:56:47.618Z,buy,1.458e-05,14.0,0.00020412
RDN/BTC,1583251009165,2020-03-03T15:56:49.165Z,buy,1.458e-05,308.0,0.00449064
RDN/BTC,1583251009165,2020-03-03T15:56:49.165Z,buy,1.459e-05,137.0,0.00199883
RDN/BTC,1583251009177,2020-03-03T15:56:49.177Z,sell,1.46e-05,1464.0,0.0213744
RDN/BTC,1583251025871,2020-03-03T15:57:05.871Z,buy,1.461e-05,69.0,0.00100809
RDN/BTC,1583251025871,2020-03-03T15:57:05.871Z,buy,1.462e-05,100.0,0.001462
RDN/BTC,1583251025871,2020-03-03T15:57:05.871Z,buy,1.463e-05,10307.0,0.15079141
RDN/BTC,1583251025871,2020-03-03T15:57:05.871Z,buy,1.468e-05,1259.0,0.01848212
RDN/BTC,1583251025871,2020-03-03T15:57:05.871Z,buy,1.47e-05,105.0,0.0015435
RDN/BTC,1583251025871,2020-03-03T15:57:05.871Z,buy,1.474e-05,52.0,0.0007664799999999
RDN/BTC,1583251025871,2020-03-03T15:57:05.871Z,buy,1.475e-05,2006.0,0.0295885
RDN/BTC,1583251025881,2020-03-03T15:57:05.881Z,sell,1.475e-05,1205.0,0.0177737499999999
RDN/BTC,1583251040323,2020-03-03T15:57:20.323Z,buy,1.471e-05,1045.0,0.01537195
RDN/BTC,1583251040323,2020-03-03T15:57:20.323Z,buy,1.472e-05,91.0,0.00133952
RDN/BTC,1583251040323,2020-03-03T15:57:20.323Z,buy,1.473e-05,464.0,0.00683472
RDN/BTC,1583251040323,2020-03-03T15:57:20.323Z,buy,1.476e-05,995.0,0.0146862
RDN/BTC,1583251040323,2020-03-03T15:57:20.323Z,buy,1.477e-05,8310.0,0.1227386999999999
RDN/BTC,1583251040323,2020-03-03T15:57:20.323Z,buy,1.48e-05,1057.0,0.0156436
RDN/BTC,1583251040323,2020-03-03T15:57:20.323Z,buy,1.482e-05,14.0,0.00020748
RDN/BTC,1583251040323,2020-03-03T15:57:20.323Z,buy,1.484e-05,1715.0,0.0254506
RDN/BTC,1583251040323,2020-03-03T15:57:20.323Z,buy,1.488e-05,996.0,0.01482048
RDN/BTC,1583251040339,2020-03-03T15:57:20.339Z,sell,1.488e-05,376.0,0.00559488
RDN/BTC,1583251040875,2020-03-03T15:57:20.875Z,sell,1.466e-05,150.0,0.002199
RDN/BTC,1583251040940,2020-03-03T15:57:20.940Z,sell,1.466e-05,50.0,0.000733
RDN/BTC,1583251043659,2020-03-03T15:57:23.659Z,buy,1.479e-05,104.0,0.00153816
RDN/BTC,1583251043667,2020-03-03T15:57:23.667Z,sell,1.479e-05,268.0,0.00396372
RDN/BTC,1583251046069,2020-03-03T15:57:26.069Z,sell,1.466e-05,84.0,0.00123144
RDN/BTC,1583251046230,2020-03-03T15:57:26.230Z,buy,1.48e-05,14.0,0.0002072
RDN/BTC,1583251046515,2020-03-03T15:57:26.515Z,sell,1.466e-05,13.0,0.00019058
RDN/BTC,1583251048451,2020-03-03T15:57:28.451Z,sell,1.466e-05,1527.0,0.02238582
RDN/BTC,1583251048451,2020-03-03T15:57:28.451Z,sell,1.465e-05,381.0,0.00558165
RDN/BTC,1583251048451,2020-03-03T15:57:28.451Z,sell,1.464e-05,4158.0,0.06087312
RDN/BTC,1583251048530,2020-03-03T15:57:28.530Z,sell,1.465e-05,381.0,0.00558165
RDN/BTC,1583251048530,2020-03-03T15:57:28.530Z,sell,1.464e-05,1619.0,0.02370216
RDN/BTC,1583251048838,2020-03-03T15:57:28.838Z,sell,1.465e-05,791.0,0.01158815
RDN/BTC,1583251054357,2020-03-03T15:57:34.357Z,sell,1.457e-05,134.0,0.0019523799999999
RDN/BTC,1583251063407,2020-03-03T15:57:43.407Z,sell,1.457e-05,35.0,0.00050995
RDN/BTC,1583251090405,2020-03-03T15:58:10.405Z,buy,1.472e-05,525.0,0.007728
RDN/BTC,1583251120359,2020-03-03T15:58:40.359Z,buy,1.473e-05,1268.0,0.01867764
RDN/BTC,1583251120708,2020-03-03T15:58:40.708Z,sell,1.473e-05,6452.0,0.0950379599999999
RDN/BTC,1583251120876,2020-03-03T15:58:40.876Z,sell,1.473e-05,1806.0,0.02660238
RDN/BTC,1583251171316,2020-03-03T15:59:31.316Z,buy,1.469e-05,1941.0,0.02851329
RDN/BTC,1583251209939,2020-03-03T16:00:09.939Z,sell,1.456e-05,306.0,0.00445536
RDN/BTC,1583251209939,2020-03-03T16:00:09.939Z,sell,1.451e-05,763.0,0.01107113
RDN/BTC,1583251209939,2020-03-03T16:00:09.939Z,sell,1.45e-05,311.0,0.0045095
RDN/BTC,1583251209939,2020-03-03T16:00:09.939Z,sell,1.447e-05,529.0,0.00765463
RDN/BTC,1583251209949,2020-03-03T16:00:09.949Z,buy,1.45e-05,593.0,0.0085985
RDN/BTC,1583251210385,2020-03-03T16:00:10.385Z,buy,1.45e-05,172.0,0.002494
RDN/BTC,1583251219496,2020-03-03T16:00:19.496Z,sell,1.446e-05,830.0,0.0120018
RDN/BTC,1583251219496,2020-03-03T16:00:19.496Z,sell,1.444e-05,51.0,0.00073644
RDN/BTC,1583251219496,2020-03-03T16:00:19.496Z,sell,1.442e-05,863.0,0.01244446
RDN/BTC,1583251219496,2020-03-03T16:00:19.496Z,sell,1.437e-05,117.0,0.00168129
RDN/BTC,1583251219496,2020-03-03T16:00:19.496Z,sell,1.436e-05,1815.0,0.0260634
RDN/BTC,1583251219496,2020-03-03T16:00:19.496Z,sell,1.435e-05,52.0,0.0007462
RDN/BTC,1583251219496,2020-03-03T16:00:19.496Z,sell,1.434e-05,351.0,0.00503334
RDN/BTC,1583251219496,2020-03-03T16:00:19.496Z,sell,1.433e-05,632.0,0.00905656
RDN/BTC,1583251219496,2020-03-03T16:00:19.496Z,sell,1.432e-05,200.0,0.002864
RDN/BTC,1583251219496,2020-03-03T16:00:19.496Z,sell,1.431e-05,412.0,0.00589572
RDN/BTC,1583251219496,2020-03-03T16:00:19.496Z,sell,1.43e-05,72.0,0.0010296
RDN/BTC,1583251219496,2020-03-03T16:00:19.496Z,sell,1.43e-05,9.0,0.0001287
RDN/BTC,1583251220242,2020-03-03T16:00:20.242Z,buy,1.442e-05,317.0,0.00457114
RDN/BTC,1583251220242,2020-03-03T16:00:20.242Z,buy,1.443e-05,117.0,0.00168831
RDN/BTC,1583251220242,2020-03-03T16:00:20.242Z,buy,1.444e-05,907.0,0.01309708
RDN/BTC,1583251221614,2020-03-03T16:00:21.614Z,buy,1.438e-05,593.0,0.00852734
RDN/BTC,1583251222214,2020-03-03T16:00:22.214Z,buy,1.439e-05,636.0,0.00915204
RDN/BTC,1583251222281,2020-03-03T16:00:22.281Z,buy,1.439e-05,204.0,0.00293556
RDN/BTC,1583251222344,2020-03-03T16:00:22.344Z,buy,1.439e-05,264.0,0.0037989599999999
RDN/BTC,1583251222418,2020-03-03T16:00:22.418Z,buy,1.439e-05,333.0,0.00479187
RDN/BTC,1583251222467,2020-03-03T16:00:22.467Z,buy,1.439e-05,171.0,0.0024606899999999
RDN/BTC,1583251222542,2020-03-03T16:00:22.542Z,buy,1.439e-05,474.0,0.00682086
RDN/BTC,1583251222574,2020-03-03T16:00:22.574Z,buy,1.439e-05,3130.0,0.0450406999999999
RDN/BTC,1583251222651,2020-03-03T16:00:22.651Z,buy,1.439e-05,99.0,0.00142461
RDN/BTC,1583251222852,2020-03-03T16:00:22.852Z,buy,1.439e-05,87.0,0.00125193
RDN/BTC,1583251230531,2020-03-03T16:00:30.531Z,buy,1.432e-05,116.0,0.00166112
RDN/BTC,1583251239707,2020-03-03T16:00:39.707Z,buy,1.428e-05,167.0,0.00238476
RDN/BTC,1583251240975,2020-03-03T16:00:40.975Z,buy,1.428e-05,152.0,0.00217056
RDN/BTC,1583251242107,2020-03-03T16:00:42.107Z,sell,1.427e-05,69.0,0.00098463
RDN/BTC,1583251242107,2020-03-03T16:00:42.107Z,sell,1.425e-05,1649.0,0.02349825
RDN/BTC,1583251242107,2020-03-03T16:00:42.107Z,sell,1.424e-05,2896.0,0.04123904
RDN/BTC,1583251242326,2020-03-03T16:00:42.326Z,buy,1.424e-05,41.0,0.00058384
RDN/BTC,1583251244215,2020-03-03T16:00:44.215Z,buy,1.424e-05,305.0,0.0043432
RDN/BTC,1583251246047,2020-03-03T16:00:46.047Z,buy,1.423e-05,101.0,0.0014372299999999
RDN/BTC,1583251246357,2020-03-03T16:00:46.357Z,buy,1.423e-05,33.0,0.00046959
RDN/BTC,1583251246992,2020-03-03T16:00:46.992Z,sell,1.422e-05,46.0,0.00065412
RDN/BTC,1583251247639,2020-03-03T16:00:47.639Z,sell,1.422e-05,154.0,0.00218988
RDN/BTC,1583251247639,2020-03-03T16:00:47.639Z,sell,1.421e-05,2775.0,0.0394327499999999
RDN/BTC,1583251247639,2020-03-03T16:00:47.639Z,sell,1.419e-05,155.0,0.00219945
RDN/BTC,1583251247639,2020-03-03T16:00:47.639Z,sell,1.418e-05,11.0,0.00015598
RDN/BTC,1583251247639,2020-03-03T16:00:47.639Z,sell,1.415e-05,322.0,0.0045563
RDN/BTC,1583251248063,2020-03-03T16:00:48.063Z,buy,1.415e-05,6297.0,0.08910255
RDN/BTC,1583251248297,2020-03-03T16:00:48.297Z,buy,1.415e-05,52.0,0.0007358
RDN/BTC,1583251248622,2020-03-03T16:00:48.622Z,buy,1.415e-05,12.0,0.0001698
RDN/BTC,1583251248748,2020-03-03T16:00:48.748Z,sell,1.414e-05,66.0,0.00093324
RDN/BTC,1583251250571,2020-03-03T16:00:50.571Z,sell,1.413e-05,132.0,0.00186516
RDN/BTC,1583251250571,2020-03-03T16:00:50.571Z,sell,1.412e-05,183.0,0.00258396
RDN/BTC,1583251251211,2020-03-03T16:00:51.211Z,buy,1.415e-05,141.0,0.00199515
RDN/BTC,1583251253683,2020-03-03T16:00:53.683Z,sell,1.415e-05,563.0,0.00796645
RDN/BTC,1583251253683,2020-03-03T16:00:53.683Z,sell,1.414e-05,613.0,0.00866782
RDN/BTC,1583251253683,2020-03-03T16:00:53.683Z,sell,1.412e-05,431.0,0.00608572
RDN/BTC,1583251253683,2020-03-03T16:00:53.683Z,sell,1.409e-05,765.0,0.01077885
RDN/BTC,1583251255241,2020-03-03T16:00:55.241Z,buy,1.426e-05,563.0,0.00802838
RDN/BTC,1583251255241,2020-03-03T16:00:55.241Z,buy,1.427e-05,70.0,0.0009989
RDN/BTC,1583251255241,2020-03-03T16:00:55.241Z,buy,1.428e-05,909.0,0.01298052
RDN/BTC,1583251255800,2020-03-03T16:00:55.800Z,sell,1.424e-05,386.0,0.00549664
RDN/BTC,1583251269539,2020-03-03T16:01:09.539Z,sell,1.421e-05,352.0,0.00500192
RDN/BTC,1583251272417,2020-03-03T16:01:12.417Z,buy,1.422e-05,49.0,0.0006967799999999
RDN/BTC,1583251272650,2020-03-03T16:01:12.650Z,sell,1.42e-05,71.0,0.0010082
RDN/BTC,1583251281680,2020-03-03T16:01:21.680Z,sell,1.42e-05,27.0,0.0003834
RDN/BTC,1583251285011,2020-03-03T16:01:25.011Z,buy,1.42e-05,573.0,0.0081365999999999
RDN/BTC,1583251286633,2020-03-03T16:01:26.633Z,sell,1.42e-05,75.0,0.001065
RDN/BTC,1583251293394,2020-03-03T16:01:33.394Z,sell,1.417e-05,1689.0,0.02393313
RDN/BTC,1583251293394,2020-03-03T16:01:33.394Z,sell,1.416e-05,252.0,0.00356832
RDN/BTC,1583251410421,2020-03-03T16:03:30.421Z,buy,1.423e-05,174.0,0.00247602
RDN/BTC,1583251428110,2020-03-03T16:03:48.110Z,buy,1.424e-05,145.0,0.0020648
RDN/BTC,1583251430327,2020-03-03T16:03:50.327Z,buy,1.424e-05,62.0,0.00088288
RDN/BTC,1583251464576,2020-03-03T16:04:24.576Z,buy,1.424e-05,46.0,0.00065504
RDN/BTC,1583251803310,2020-03-03T16:10:03.310Z,buy,1.42e-05,20.0,0.0002839999999999
RDN/BTC,1583251893550,2020-03-03T16:11:33.550Z,sell,1.417e-05,938.0,0.01329146
RDN/BTC,1583251894087,2020-03-03T16:11:34.087Z,buy,1.418e-05,39.0,0.00055302
RDN/BTC,1583251908234,2020-03-03T16:11:48.234Z,buy,1.416e-05,129.0,0.00182664
RDN/BTC,1583251908431,2020-03-03T16:11:48.431Z,sell,1.413e-05,185.0,0.00261405
RDN/BTC,1583251912182,2020-03-03T16:11:52.182Z,buy,1.416e-05,231.0,0.00327096
RDN/BTC,1583251912217,2020-03-03T16:11:52.217Z,buy,1.416e-05,231.0,0.00327096
RDN/BTC,1583251912242,2020-03-03T16:11:52.242Z,buy,1.416e-05,231.0,0.00327096
RDN/BTC,1583251912443,2020-03-03T16:11:52.443Z,buy,1.416e-05,231.0,0.00327096
RDN/BTC,1583251938015,2020-03-03T16:12:18.015Z,sell,1.415e-05,39.0,0.00055185
RDN/BTC,1583251941047,2020-03-03T16:12:21.047Z,sell,1.415e-05,325.0,0.00459875
RDN/BTC,1583251968134,2020-03-03T16:12:48.134Z,buy,1.423e-05,113.0,0.00160799
RDN/BTC,1583252010674,2020-03-03T16:13:30.674Z,sell,1.414e-05,5198.0,0.07349972
RDN/BTC,1583252013004,2020-03-03T16:13:33.004Z,sell,1.413e-05,250.0,0.0035325
RDN/BTC,1583252028778,2020-03-03T16:13:48.778Z,buy,1.414e-05,89.0,0.00125846
RDN/BTC,1583252030849,2020-03-03T16:13:50.849Z,buy,1.414e-05,174.0,0.00246036
RDN/BTC,1583252036374,2020-03-03T16:13:56.374Z,sell,1.413e-05,1837.0,0.02595681
RDN/BTC,1583252037550,2020-03-03T16:13:57.550Z,sell,1.412e-05,509.0,0.00718708
RDN/BTC,1583252041479,2020-03-03T16:14:01.479Z,sell,1.411e-05,3365.0,0.04748015
RDN/BTC,1583252042006,2020-03-03T16:14:02.006Z,sell,1.409e-05,586.0,0.00825674
RDN/BTC,1583252060052,2020-03-03T16:14:20.052Z,sell,1.409e-05,87.0,0.00122583
RDN/BTC,1583252060052,2020-03-03T16:14:20.052Z,sell,1.408e-05,3479.0,0.04898432
RDN/BTC,1583252246866,2020-03-03T16:17:26.866Z,sell,1.411e-05,167.0,0.00235637
RDN/BTC,1583252269413,2020-03-03T16:17:49.413Z,sell,1.411e-05,149.0,0.00210239
RDN/BTC,1583252269413,2020-03-03T16:17:49.413Z,sell,1.411e-05,149.0,0.00210239
RDN/BTC,1583252317399,2020-03-03T16:18:37.399Z,buy,1.414e-05,50.0,0.000707
RDN/BTC,1583252343495,2020-03-03T16:19:03.495Z,buy,1.414e-05,12.0,0.00016968
RDN/BTC,1583252519548,2020-03-03T16:21:59.548Z,sell,1.416e-05,11.0,0.00015576
RDN/BTC,1583253006781,2020-03-03T16:30:06.781Z,buy,1.421e-05,104.0,0.00147784
RDN/BTC,1583253006820,2020-03-03T16:30:06.820Z,buy,1.421e-05,90.0,0.0012789
RDN/BTC,1583253006822,2020-03-03T16:30:06.822Z,buy,1.421e-05,699.0,0.00993279
RDN/BTC,1583253006920,2020-03-03T16:30:06.920Z,buy,1.422e-05,209.0,0.00297198
RDN/BTC,1583253007060,2020-03-03T16:30:07.060Z,buy,1.422e-05,20.0,0.0002844
RDN/BTC,1583253007088,2020-03-03T16:30:07.088Z,buy,1.422e-05,164.0,0.00233208
RDN/BTC,1583253007088,2020-03-03T16:30:07.088Z,buy,1.423e-05,316.0,0.0044966799999999
RDN/BTC,1583253007088,2020-03-03T16:30:07.088Z,buy,1.425e-05,391.0,0.00557175
RDN/BTC,1583253007088,2020-03-03T16:30:07.088Z,buy,1.427e-05,478.0,0.00682106
RDN/BTC,1583253007088,2020-03-03T16:30:07.088Z,buy,1.428e-05,2964.0,0.04232592
RDN/BTC,1583253007100,2020-03-03T16:30:07.100Z,buy,1.428e-05,139.0,0.00198492
RDN/BTC,1583253007402,2020-03-03T16:30:07.402Z,sell,1.424e-05,420.0,0.0059808
RDN/BTC,1583253008210,2020-03-03T16:30:08.210Z,buy,1.424e-05,292.0,0.00415808
RDN/BTC,1583253008210,2020-03-03T16:30:08.210Z,buy,1.428e-05,376.0,0.00536928
RDN/BTC,1583253008217,2020-03-03T16:30:08.217Z,sell,1.428e-05,382.0,0.00545496
RDN/BTC,1583253008225,2020-03-03T16:30:08.225Z,sell,1.428e-05,138.0,0.00197064
RDN/BTC,1583253011853,2020-03-03T16:30:11.853Z,buy,1.427e-05,141.0,0.00201207
RDN/BTC,1583253011953,2020-03-03T16:30:11.953Z,buy,1.427e-05,20.0,0.0002854
RDN/BTC,1583253011953,2020-03-03T16:30:11.953Z,buy,1.429e-05,33.0,0.00047157
RDN/BTC,1583253011953,2020-03-03T16:30:11.953Z,buy,1.43e-05,7.0,0.0001001
RDN/BTC,1583253012059,2020-03-03T16:30:12.059Z,buy,1.43e-05,303.0,0.0043329
RDN/BTC,1583253012059,2020-03-03T16:30:12.059Z,buy,1.431e-05,48.0,0.00068688
RDN/BTC,1583253012196,2020-03-03T16:30:12.196Z,buy,1.429e-05,1392.0,0.01989168
RDN/BTC,1583253012395,2020-03-03T16:30:12.395Z,buy,1.429e-05,71.0,0.00101459
RDN/BTC,1583253012980,2020-03-03T16:30:12.980Z,buy,1.429e-05,71.0,0.00101459
RDN/BTC,1583253013719,2020-03-03T16:30:13.719Z,buy,1.429e-05,8.0,0.00011432
RDN/BTC,1583253013871,2020-03-03T16:30:13.871Z,buy,1.429e-05,1775.0,0.02536475
RDN/BTC,1583253013871,2020-03-03T16:30:13.871Z,buy,1.431e-05,819.0,0.01171989
RDN/BTC,1583253013871,2020-03-03T16:30:13.871Z,buy,1.432e-05,208.0,0.00297856
RDN/BTC,1583253013871,2020-03-03T16:30:13.871Z,buy,1.433e-05,320.0,0.0045856
RDN/BTC,1583253013871,2020-03-03T16:30:13.871Z,buy,1.434e-05,8473.0,0.12150282
RDN/BTC,1583253013871,2020-03-03T16:30:13.871Z,buy,1.435e-05,69.0,0.00099015
RDN/BTC,1583253013892,2020-03-03T16:30:13.892Z,sell,1.435e-05,140.0,0.002009
RDN/BTC,1583253013911,2020-03-03T16:30:13.911Z,sell,1.435e-05,125.0,0.00179375
RDN/BTC,1583253014130,2020-03-03T16:30:14.130Z,sell,1.435e-05,406.0,0.0058261
RDN/BTC,1583253014157,2020-03-03T16:30:14.157Z,sell,1.435e-05,225.0,0.00322875
RDN/BTC,1583253014658,2020-03-03T16:30:14.658Z,buy,1.439e-05,141.0,0.00202899
RDN/BTC,1583253015566,2020-03-03T16:30:15.566Z,buy,1.439e-05,93.0,0.00133827
RDN/BTC,1583253015566,2020-03-03T16:30:15.566Z,buy,1.44e-05,13.0,0.0001872
RDN/BTC,1583253016260,2020-03-03T16:30:16.260Z,buy,1.44e-05,2607.0,0.0375408
RDN/BTC,1583253016260,2020-03-03T16:30:16.260Z,buy,1.443e-05,2507.0,0.03617601
RDN/BTC,1583253016575,2020-03-03T16:30:16.575Z,sell,1.443e-05,153.0,0.00220779
RDN/BTC,1583253016577,2020-03-03T16:30:16.577Z,sell,1.443e-05,5080.0,0.0733044
RDN/BTC,1583253050065,2020-03-03T16:30:50.065Z,buy,1.444e-05,14.0,0.00020216
RDN/BTC,1583253056345,2020-03-03T16:30:56.345Z,sell,1.433e-05,139.0,0.00199187
RDN/BTC,1583253075881,2020-03-03T16:31:15.881Z,buy,1.444e-05,186.0,0.00268584
RDN/BTC,1583253076346,2020-03-03T16:31:16.346Z,sell,1.444e-05,37.0,0.00053428
RDN/BTC,1583253125784,2020-03-03T16:32:05.784Z,buy,1.447e-05,32.0,0.00046304
RDN/BTC,1583253126375,2020-03-03T16:32:06.375Z,sell,1.444e-05,282.0,0.00407208
RDN/BTC,1583253129770,2020-03-03T16:32:09.770Z,buy,1.447e-05,320.0,0.0046304
RDN/BTC,1583253135973,2020-03-03T16:32:15.973Z,buy,1.448e-05,857.0,0.01240936
RDN/BTC,1583253135973,2020-03-03T16:32:15.973Z,buy,1.45e-05,362.0,0.005249
RDN/BTC,1583253137883,2020-03-03T16:32:17.883Z,sell,1.447e-05,282.0,0.00408054
RDN/BTC,1583253138614,2020-03-03T16:32:18.614Z,buy,1.45e-05,69.0,0.0010005
RDN/BTC,1583253179140,2020-03-03T16:32:59.140Z,sell,1.447e-05,3383.0,0.04895201
RDN/BTC,1583253179212,2020-03-03T16:32:59.212Z,sell,1.445e-05,104.0,0.0015028
RDN/BTC,1583253182897,2020-03-03T16:33:02.897Z,sell,1.444e-05,141.0,0.00203604
RDN/BTC,1583253203474,2020-03-03T16:33:23.474Z,sell,1.444e-05,205.0,0.0029602
RDN/BTC,1583253211741,2020-03-03T16:33:31.741Z,sell,1.441e-05,314.0,0.00452474
RDN/BTC,1583253215090,2020-03-03T16:33:35.090Z,sell,1.441e-05,113.0,0.0016283299999999
RDN/BTC,1583253216023,2020-03-03T16:33:36.023Z,buy,1.45e-05,11.0,0.0001595
RDN/BTC,1583253228600,2020-03-03T16:33:48.600Z,buy,1.45e-05,1124.0,0.016298
RDN/BTC,1583253229697,2020-03-03T16:33:49.697Z,sell,1.45e-05,152.0,0.002204
RDN/BTC,1583253291307,2020-03-03T16:34:51.307Z,sell,1.45e-05,55.0,0.0007975
RDN/BTC,1583253315118,2020-03-03T16:35:15.118Z,sell,1.441e-05,93.0,0.00134013
RDN/BTC,1583253315118,2020-03-03T16:35:15.118Z,sell,1.438e-05,24.0,0.00034512
RDN/BTC,1583253399384,2020-03-03T16:36:39.384Z,buy,1.449e-05,89.0,0.00128961
RDN/BTC,1583253399384,2020-03-03T16:36:39.384Z,buy,1.45e-05,8.0,0.000116
RDN/BTC,1583253399384,2020-03-03T16:36:39.384Z,buy,1.451e-05,1740.0,0.0252474
RDN/BTC,1583253410572,2020-03-03T16:36:50.572Z,buy,1.452e-05,179.0,0.00259908
RDN/BTC,1583253415073,2020-03-03T16:36:55.073Z,buy,1.452e-05,218.0,0.00316536
RDN/BTC,1583253415073,2020-03-03T16:36:55.073Z,buy,1.454e-05,20.0,0.0002908
RDN/BTC,1583253415073,2020-03-03T16:36:55.073Z,buy,1.456e-05,11.0,0.0001601599999999
RDN/BTC,1583253415073,2020-03-03T16:36:55.073Z,buy,1.457e-05,11.0,0.0001602699999999
RDN/BTC,1583253415073,2020-03-03T16:36:55.073Z,buy,1.458e-05,45.0,0.0006561
RDN/BTC,1583253415073,2020-03-03T16:36:55.073Z,buy,1.46e-05,52.0,0.0007592
RDN/BTC,1583253415073,2020-03-03T16:36:55.073Z,buy,1.462e-05,1188.0,0.01736856
RDN/BTC,1583253415073,2020-03-03T16:36:55.073Z,buy,1.463e-05,436.0,0.00637868
RDN/BTC,1583253415073,2020-03-03T16:36:55.073Z,buy,1.465e-05,940.0,0.013771
RDN/BTC,1583253417396,2020-03-03T16:36:57.396Z,sell,1.445e-05,14.0,0.0002023
RDN/BTC,1583253569083,2020-03-03T16:39:29.083Z,sell,1.452e-05,61.0,0.00088572
RDN/BTC,1583253591135,2020-03-03T16:39:51.135Z,sell,1.453e-05,8.0,0.00011624
RDN/BTC,1583253659355,2020-03-03T16:40:59.355Z,buy,1.464e-05,535.0,0.0078324
RDN/BTC,1583253659355,2020-03-03T16:40:59.355Z,buy,1.466e-05,739.0,0.01083374
RDN/BTC,1583253664892,2020-03-03T16:41:04.892Z,buy,1.466e-05,385.0,0.0056441
RDN/BTC,1583253664892,2020-03-03T16:41:04.892Z,buy,1.469e-05,443.0,0.00650767
RDN/BTC,1583253664892,2020-03-03T16:41:04.892Z,buy,1.47e-05,357.0,0.0052479
RDN/BTC,1583253664892,2020-03-03T16:41:04.892Z,buy,1.474e-05,52.0,0.0007664799999999
RDN/BTC,1583253664892,2020-03-03T16:41:04.892Z,buy,1.476e-05,13.0,0.0001918799999999
RDN/BTC,1583253664892,2020-03-03T16:41:04.892Z,buy,1.479e-05,339.0,0.00501381
RDN/BTC,1583253675187,2020-03-03T16:41:15.187Z,buy,1.478e-05,14.0,0.00020692
RDN/BTC,1583253712410,2020-03-03T16:41:52.410Z,buy,1.474e-05,7.0,0.00010318
RDN/BTC,1583253715684,2020-03-03T16:41:55.684Z,buy,1.473e-05,85.0,0.00125205
RDN/BTC,1583253715684,2020-03-03T16:41:55.684Z,buy,1.474e-05,1271.0,0.01873454
RDN/BTC,1583253740751,2020-03-03T16:42:20.751Z,buy,1.473e-05,466.0,0.00686418
