symbol,timestamp,datetime,side,price,amount,btc_volume
RDN/BTC,1555088812844,2019-04-12T17:06:52.844Z,sell,6.528e-05,210.0,0.0137088
RDN/BTC,1555088825676,2019-04-12T17:07:05.676Z,buy,6.528e-05,127.0,0.00829056
RDN/BTC,1555089033262,2019-04-12T17:10:33.262Z,sell,6.528e-05,31.0,0.00202368
RDN/BTC,1555089034221,2019-04-12T17:10:34.221Z,sell,6.526e-05,111.0,0.0072438599999999
RDN/BTC,1555089036761,2019-04-12T17:10:36.761Z,sell,6.526e-05,232.0,0.0151403199999999
RDN/BTC,1555089305556,2019-04-12T17:15:05.556Z,sell,6.526e-05,30.0,0.0019578
RDN/BTC,1555089531252,2019-04-12T17:18:51.252Z,buy,6.54e-05,119.0,0.0077826
RDN/BTC,1555089533817,2019-04-12T17:18:53.817Z,buy,6.541e-05,126.0,0.00824166
RDN/BTC,1555089699838,2019-04-12T17:21:39.838Z,buy,6.541e-05,16.0,0.00104656
RDN/BTC,1555089699838,2019-04-12T17:21:39.838Z,buy,6.547e-05,16.0,0.00104752
RDN/BTC,1555089699838,2019-04-12T17:21:39.838Z,buy,6.549e-05,105.0,0.00687645
RDN/BTC,1555089699838,2019-04-12T17:21:39.838Z,buy,6.552e-05,15.0,0.0009828
RDN/BTC,1555089753188,2019-04-12T17:22:33.188Z,sell,6.526e-05,38.0,0.00247988
RDN/BTC,1555089775990,2019-04-12T17:22:55.990Z,buy,6.552e-05,109.0,0.0071416799999999
RDN/BTC,1555089874869,2019-04-12T17:24:34.869Z,buy,6.552e-05,823.0,0.05392296
RDN/BTC,1555089883565,2019-04-12T17:24:43.565Z,buy,6.552e-05,474.0,0.0310564799999999
RDN/BTC,1555089891881,2019-04-12T17:24:51.881Z,buy,6.552e-05,237.0,0.0155282399999999
RDN/BTC,1555089891881,2019-04-12T17:24:51.881Z,buy,6.553e-05,2447.0,0.16035191
RDN/BTC,1555089891990,2019-04-12T17:24:51.990Z,sell,6.553e-05,116.0,0.00760148
RDN/BTC,1555089905793,2019-04-12T17:25:05.793Z,sell,6.527e-05,17.0,0.00110959
RDN/BTC,1555089905866,2019-04-12T17:25:05.866Z,buy,6.554e-05,456.0,0.02988624
RDN/BTC,1555089913394,2019-04-12T17:25:13.394Z,buy,6.559e-05,23.0,0.00150857
RDN/BTC,1555089913394,2019-04-12T17:25:13.394Z,buy,6.561e-05,129.0,0.00846369
RDN/BTC,1555089934058,2019-04-12T17:25:34.058Z,buy,6.567e-05,695.0,0.04564065
RDN/BTC,1555089934058,2019-04-12T17:25:34.058Z,buy,6.568e-05,30.0,0.0019703999999999
RDN/BTC,1555089934058,2019-04-12T17:25:34.058Z,buy,6.569e-05,4775.0,0.31366975
RDN/BTC,1555089950543,2019-04-12T17:25:50.543Z,buy,6.569e-05,44.0,0.00289036
RDN/BTC,1555089950543,2019-04-12T17:25:50.543Z,buy,6.571e-05,190.0,0.0124849
RDN/BTC,1555089950589,2019-04-12T17:25:50.589Z,sell,6.571e-05,58.0,0.00381118
RDN/BTC,1555089950650,2019-04-12T17:25:50.650Z,sell,6.571e-05,21.0,0.00137991
RDN/BTC,1555089951906,2019-04-12T17:25:51.906Z,buy,6.577e-05,158.0,0.01039166
RDN/BTC,1555089954873,2019-04-12T17:25:54.873Z,sell,6.571e-05,36.0,0.00236556
RDN/BTC,1555089955988,2019-04-12T17:25:55.988Z,sell,6.572e-05,122.0,0.00801784
RDN/BTC,1555089955988,2019-04-12T17:25:55.988Z,sell,6.571e-05,642.0,0.04218582
RDN/BTC,1555089977987,2019-04-12T17:26:17.987Z,buy,6.564e-05,20.0,0.0013128
RDN/BTC,1555089986201,2019-04-12T17:26:26.201Z,sell,6.567e-05,35.0,0.00229845
RDN/BTC,1555089991593,2019-04-12T17:26:31.593Z,sell,6.566e-05,230.0,0.0151018
RDN/BTC,1555089991593,2019-04-12T17:26:31.593Z,sell,6.553e-05,106.0,0.00694618
RDN/BTC,1555090001866,2019-04-12T17:26:41.866Z,buy,6.579e-05,41.0,0.00269739
RDN/BTC,1555090001866,2019-04-12T17:26:41.866Z,buy,6.588e-05,309.0,0.02035692
RDN/BTC,1555090001932,2019-04-12T17:26:41.932Z,sell,6.588e-05,18.0,0.00118584
RDN/BTC,1555090002197,2019-04-12T17:26:42.197Z,sell,6.588e-05,245.0,0.0161406
RDN/BTC,1555090002416,2019-04-12T17:26:42.416Z,sell,6.588e-05,888.0,0.05850144
RDN/BTC,1555090002424,2019-04-12T17:26:42.424Z,sell,6.588e-05,705.0,0.0464454
RDN/BTC,1555090002424,2019-04-12T17:26:42.424Z,sell,6.588e-05,148.0,0.00975024
RDN/BTC,1555090002424,2019-04-12T17:26:42.424Z,sell,6.584e-05,30.0,0.0019752
RDN/BTC,1555090006211,2019-04-12T17:26:46.211Z,buy,6.577e-05,800.0,0.052616
RDN/BTC,1555090006211,2019-04-12T17:26:46.211Z,buy,6.581e-05,650.0,0.0427764999999999
RDN/BTC,1555090006211,2019-04-12T17:26:46.211Z,buy,6.59e-05,876.0,0.0577284
RDN/BTC,1555090057386,2019-04-12T17:27:37.386Z,sell,6.57e-05,145.0,0.0095265
RDN/BTC,1555090058660,2019-04-12T17:27:38.660Z,sell,6.57e-05,79.0,0.0051903
RDN/BTC,1555090063633,2019-04-12T17:27:43.633Z,sell,6.57e-05,19.0,0.0012483
RDN/BTC,1555090066708,2019-04-12T17:27:46.708Z,sell,6.57e-05,37.0,0.0024308999999999
RDN/BTC,1555090067792,2019-04-12T17:27:47.792Z,sell,6.57e-05,9.0,0.0005913
RDN/BTC,1555090067792,2019-04-12T17:27:47.792Z,sell,6.568e-05,28.0,0.00183904
RDN/BTC,1555090072309,2019-04-12T17:27:52.309Z,sell,6.568e-05,29.0,0.00190472
RDN/BTC,1555090081405,2019-04-12T17:28:01.405Z,sell,6.57e-05,185.0,0.0121545
RDN/BTC,1555090083309,2019-04-12T17:28:03.309Z,sell,6.57e-05,61.0,0.0040076999999999
RDN/BTC,1555090116367,2019-04-12T17:28:36.367Z,sell,6.57e-05,20.0,0.001314
RDN/BTC,1555090121659,2019-04-12T17:28:41.659Z,sell,6.57e-05,30.0,0.001971
RDN/BTC,1555090179041,2019-04-12T17:29:39.041Z,sell,6.57e-05,23.0,0.0015111
RDN/BTC,1555090208910,2019-04-12T17:30:08.910Z,sell,6.571e-05,761.0,0.05000531
RDN/BTC,1555090208910,2019-04-12T17:30:08.910Z,sell,6.57e-05,944.0,0.0620208
RDN/BTC,1555090208910,2019-04-12T17:30:08.910Z,sell,6.567e-05,619.0,0.04064973
RDN/BTC,1555090582242,2019-04-12T17:36:22.242Z,sell,6.56e-05,80.0,0.0052479999999999
RDN/BTC,1555090699807,2019-04-12T17:38:19.807Z,buy,6.589e-05,289.0,0.0190422099999999
RDN/BTC,1555090815826,2019-04-12T17:40:15.826Z,buy,6.59e-05,157.0,0.0103463
RDN/BTC,1555090815826,2019-04-12T17:40:15.826Z,buy,6.591e-05,774.0,0.05101434
RDN/BTC,1555091219575,2019-04-12T17:46:59.575Z,buy,6.591e-05,34.0,0.00224094
RDN/BTC,1555091219575,2019-04-12T17:46:59.575Z,buy,6.602e-05,20.0,0.0013203999999999
RDN/BTC,1555091219575,2019-04-12T17:46:59.575Z,buy,6.603e-05,237.0,0.01564911
RDN/BTC,1555091219575,2019-04-12T17:46:59.575Z,buy,6.607e-05,570.0,0.0376598999999999
RDN/BTC,1555091219575,2019-04-12T17:46:59.575Z,buy,6.614e-05,58.0,0.00383612
RDN/BTC,1555091219575,2019-04-12T17:46:59.575Z,buy,6.617e-05,81.0,0.00535977
RDN/BTC,1555091330529,2019-04-12T17:48:50.529Z,sell,6.601e-05,23.0,0.00151823
RDN/BTC,1555091352953,2019-04-12T17:49:12.953Z,sell,6.602e-05,106.0,0.0069981199999999
RDN/BTC,1555091421064,2019-04-12T17:50:21.064Z,sell,6.6e-05,133.0,0.008778
RDN/BTC,1555091434417,2019-04-12T17:50:34.417Z,sell,6.6e-05,349.0,0.023034
RDN/BTC,1555091434666,2019-04-12T17:50:34.666Z,sell,6.6e-05,330.0,0.02178
RDN/BTC,1555091440338,2019-04-12T17:50:40.338Z,sell,6.6e-05,120.0,0.00792
RDN/BTC,1555091447423,2019-04-12T17:50:47.423Z,sell,6.6e-05,35.0,0.00231
RDN/BTC,1555091452514,2019-04-12T17:50:52.514Z,sell,6.6e-05,20.0,0.00132
RDN/BTC,1555091456085,2019-04-12T17:50:56.085Z,sell,6.589e-05,19.0,0.00125191
RDN/BTC,1555091456085,2019-04-12T17:50:56.085Z,sell,6.577e-05,150.0,0.0098655
RDN/BTC,1555091456085,2019-04-12T17:50:56.085Z,sell,6.576e-05,30.0,0.0019728
RDN/BTC,1555091697888,2019-04-12T17:54:57.888Z,sell,6.586e-05,30.0,0.0019757999999999
RDN/BTC,1555091809866,2019-04-12T17:56:49.866Z,sell,6.591e-05,221.0,0.01456611
RDN/BTC,1555091809866,2019-04-12T17:56:49.866Z,sell,6.586e-05,168.0,0.01106448
RDN/BTC,1555091809866,2019-04-12T17:56:49.866Z,sell,6.591e-05,221.0,0.01456611
RDN/BTC,1555091809866,2019-04-12T17:56:49.866Z,sell,6.586e-05,168.0,0.01106448
RDN/BTC,1555092129774,2019-04-12T18:02:09.774Z,sell,6.587e-05,20.0,0.0013174
RDN/BTC,1555092135040,2019-04-12T18:02:15.040Z,sell,6.587e-05,28.0,0.00184436
RDN/BTC,1555092138862,2019-04-12T18:02:18.862Z,sell,6.587e-05,114.0,0.00750918
RDN/BTC,1555092138862,2019-04-12T18:02:18.862Z,sell,6.586e-05,79.0,0.00520294
RDN/BTC,1555092143788,2019-04-12T18:02:23.788Z,sell,6.587e-05,160.0,0.0105392
RDN/BTC,1555092463214,2019-04-12T18:07:43.214Z,buy,6.608e-05,31.0,0.00204848
RDN/BTC,1555092463214,2019-04-12T18:07:43.214Z,buy,6.61e-05,174.0,0.0115013999999999
RDN/BTC,1555092463214,2019-04-12T18:07:43.214Z,buy,6.615e-05,31.0,0.0020506499999999
RDN/BTC,1555092463214,2019-04-12T18:07:43.214Z,buy,6.622e-05,31.0,0.00205282
RDN/BTC,1555092463214,2019-04-12T18:07:43.214Z,buy,6.623e-05,76.0,0.00503348
RDN/BTC,1555092463214,2019-04-12T18:07:43.214Z,buy,6.626e-05,234.0,0.01550484
RDN/BTC,1555092463214,2019-04-12T18:07:43.214Z,buy,6.627e-05,182.0,0.01206114
RDN/BTC,1555092584942,2019-04-12T18:09:44.942Z,buy,6.621e-05,16.0,0.00105936
RDN/BTC,1555092584942,2019-04-12T18:09:44.942Z,buy,6.627e-05,150.0,0.0099405
RDN/BTC,1555092584959,2019-04-12T18:09:44.959Z,sell,6.627e-05,721.0,0.04778067
RDN/BTC,1555092585360,2019-04-12T18:09:45.360Z,sell,6.627e-05,219.0,0.01451313
RDN/BTC,1555092589608,2019-04-12T18:09:49.608Z,sell,6.598e-05,100.0,0.006598
RDN/BTC,1555092589608,2019-04-12T18:09:49.608Z,sell,6.596e-05,503.0,0.03317788
RDN/BTC,1555092595468,2019-04-12T18:09:55.468Z,buy,6.627e-05,578.0,0.03830406
RDN/BTC,1555092595468,2019-04-12T18:09:55.468Z,buy,6.628e-05,36.0,0.0023860799999999
RDN/BTC,1555092598582,2019-04-12T18:09:58.582Z,sell,6.628e-05,18.0,0.0011930399999999
RDN/BTC,1555092598583,2019-04-12T18:09:58.583Z,sell,6.628e-05,18.0,0.0011930399999999
RDN/BTC,1555092598594,2019-04-12T18:09:58.594Z,sell,6.628e-05,18.0,0.0011930399999999
RDN/BTC,1555092600945,2019-04-12T18:10:00.945Z,sell,6.628e-05,55.0,0.0036453999999999
RDN/BTC,1555092621232,2019-04-12T18:10:21.232Z,sell,6.628e-05,878.0,0.05819384
RDN/BTC,1555092654628,2019-04-12T18:10:54.628Z,sell,6.628e-05,16.0,0.00106048
RDN/BTC,1555092662018,2019-04-12T18:11:02.018Z,sell,6.628e-05,554.0,0.03671912
RDN/BTC,1555092662018,2019-04-12T18:11:02.018Z,sell,6.602e-05,1004.0,0.06628408
RDN/BTC,1555092662018,2019-04-12T18:11:02.018Z,sell,6.589e-05,32.0,0.00210848
RDN/BTC,1555092662018,2019-04-12T18:11:02.018Z,sell,6.588e-05,50.0,0.003294
RDN/BTC,1555092662018,2019-04-12T18:11:02.018Z,sell,6.588e-05,11.0,0.00072468
RDN/BTC,1555092662018,2019-04-12T18:11:02.018Z,sell,6.587e-05,2.0,0.00013174
RDN/BTC,1555092662018,2019-04-12T18:11:02.018Z,sell,6.585e-05,162.0,0.0106677
RDN/BTC,1555092662018,2019-04-12T18:11:02.018Z,sell,6.584e-05,3.0,0.00019752
RDN/BTC,1555092664385,2019-04-12T18:11:04.385Z,sell,6.6e-05,30.0,0.00198
RDN/BTC,1555092664385,2019-04-12T18:11:04.385Z,sell,6.589e-05,339.0,0.02233671
RDN/BTC,1555092755587,2019-04-12T18:12:35.587Z,sell,6.591e-05,161.0,0.01061151
RDN/BTC,1555092756554,2019-04-12T18:12:36.554Z,sell,6.591e-05,144.0,0.00949104
RDN/BTC,1555092757522,2019-04-12T18:12:37.522Z,sell,6.585e-05,162.0,0.0106677
RDN/BTC,1555092758486,2019-04-12T18:12:38.486Z,sell,6.584e-05,661.0,0.04352024
RDN/BTC,1555092759452,2019-04-12T18:12:39.452Z,sell,6.583e-05,197.0,0.0129685099999999
RDN/BTC,1555092760491,2019-04-12T18:12:40.491Z,sell,6.583e-05,911.0,0.05997113
RDN/BTC,1555092763500,2019-04-12T18:12:43.500Z,sell,6.578e-05,150.0,0.0098669999999999
RDN/BTC,1555092767411,2019-04-12T18:12:47.411Z,sell,6.578e-05,128.0,0.00841984
RDN/BTC,1555092786257,2019-04-12T18:13:06.257Z,buy,6.613e-05,2.0,0.00013226
RDN/BTC,1555092788877,2019-04-12T18:13:08.877Z,buy,6.613e-05,20.0,0.0013226
RDN/BTC,1555092790162,2019-04-12T18:13:10.162Z,buy,6.613e-05,20.0,0.0013226
RDN/BTC,1555092832059,2019-04-12T18:13:52.059Z,buy,6.611e-05,78.0,0.00515658
RDN/BTC,1555092835694,2019-04-12T18:13:55.694Z,buy,6.611e-05,53.0,0.00350383
RDN/BTC,1555092953496,2019-04-12T18:15:53.496Z,sell,6.579e-05,90.0,0.0059211
RDN/BTC,1555092953496,2019-04-12T18:15:53.496Z,sell,6.578e-05,214.0,0.01407692
RDN/BTC,1555092954207,2019-04-12T18:15:54.207Z,sell,6.578e-05,326.0,0.02144428
RDN/BTC,1555092954207,2019-04-12T18:15:54.207Z,sell,6.577e-05,20.0,0.0013154
RDN/BTC,1555092954207,2019-04-12T18:15:54.207Z,sell,6.576e-05,8.0,0.00052608
RDN/BTC,1555092954566,2019-04-12T18:15:54.566Z,sell,6.576e-05,123.0,0.0080884799999999
RDN/BTC,1555092954644,2019-04-12T18:15:54.644Z,sell,6.576e-05,188.0,0.01236288
RDN/BTC,1555092954644,2019-04-12T18:15:54.644Z,sell,6.568e-05,166.0,0.0109028799999999
RDN/BTC,1555092954717,2019-04-12T18:15:54.717Z,sell,6.568e-05,186.0,0.0122164799999999
RDN/BTC,1555092954872,2019-04-12T18:15:54.872Z,sell,6.568e-05,150.0,0.009852
RDN/BTC,1555092955396,2019-04-12T18:15:55.396Z,sell,6.568e-05,481.0,0.0315920799999999
RDN/BTC,1555092955969,2019-04-12T18:15:55.969Z,sell,6.562e-05,192.0,0.0125990399999999
RDN/BTC,1555092955969,2019-04-12T18:15:55.969Z,sell,6.561e-05,192.0,0.01259712
RDN/BTC,1555092955969,2019-04-12T18:15:55.969Z,sell,6.56e-05,211.0,0.0138415999999999
RDN/BTC,1555092956804,2019-04-12T18:15:56.804Z,sell,6.568e-05,72.0,0.00472896
RDN/BTC,1555092957033,2019-04-12T18:15:57.033Z,sell,6.568e-05,345.0,0.0226596
RDN/BTC,1555092957538,2019-04-12T18:15:57.538Z,sell,6.568e-05,228.0,0.0149750399999999
RDN/BTC,1555092961333,2019-04-12T18:16:01.333Z,sell,6.56e-05,53.0,0.0034768
RDN/BTC,1555092962475,2019-04-12T18:16:02.475Z,sell,6.56e-05,31.0,0.0020336
RDN/BTC,1555092962843,2019-04-12T18:16:02.843Z,sell,6.56e-05,221.0,0.0144976
RDN/BTC,1555092963063,2019-04-12T18:16:03.063Z,sell,6.56e-05,38.0,0.0024928
RDN/BTC,1555092963283,2019-04-12T18:16:03.283Z,sell,6.56e-05,159.0,0.0104304
RDN/BTC,1555092965324,2019-04-12T18:16:05.324Z,sell,6.56e-05,181.0,0.0118736
RDN/BTC,1555092965739,2019-04-12T18:16:05.739Z,sell,6.56e-05,126.0,0.0082656
RDN/BTC,1555092966043,2019-04-12T18:16:06.043Z,sell,6.56e-05,368.0,0.0241407999999999
RDN/BTC,1555092966428,2019-04-12T18:16:06.428Z,sell,6.56e-05,60.0,0.0039359999999999
RDN/BTC,1555092969108,2019-04-12T18:16:09.108Z,sell,6.56e-05,305.0,0.0200079999999999
RDN/BTC,1555092969551,2019-04-12T18:16:09.551Z,sell,6.56e-05,270.0,0.017712
RDN/BTC,1555092972142,2019-04-12T18:16:12.142Z,buy,6.577e-05,23.0,0.00151271
RDN/BTC,1555092974653,2019-04-12T18:16:14.653Z,buy,6.552e-05,27.0,0.00176904
RDN/BTC,1555092978512,2019-04-12T18:16:18.512Z,sell,6.547e-05,122.0,0.0079873399999999
RDN/BTC,1555092978512,2019-04-12T18:16:18.512Z,sell,6.545e-05,38.0,0.0024871
RDN/BTC,1555093004946,2019-04-12T18:16:44.946Z,buy,6.549e-05,297.0,0.01945053
RDN/BTC,1555093004968,2019-04-12T18:16:44.968Z,buy,6.549e-05,8.0,0.00052392
RDN/BTC,1555093004968,2019-04-12T18:16:44.968Z,buy,6.55e-05,76.0,0.004978
RDN/BTC,1555093031385,2019-04-12T18:17:11.385Z,sell,6.545e-05,17.0,0.00111265
RDN/BTC,1555093064398,2019-04-12T18:17:44.398Z,buy,6.553e-05,41.0,0.00268673
RDN/BTC,1555093098485,2019-04-12T18:18:18.485Z,sell,6.551e-05,420.0,0.0275142
RDN/BTC,1555093098764,2019-04-12T18:18:18.764Z,sell,6.551e-05,48.0,0.00314448
RDN/BTC,1555093161968,2019-04-12T18:19:21.968Z,sell,6.55e-05,16.0,0.001048
RDN/BTC,1555093326156,2019-04-12T18:22:06.156Z,sell,6.547e-05,124.0,0.0081182799999999
RDN/BTC,1555093333522,2019-04-12T18:22:13.522Z,sell,6.547e-05,187.0,0.01224289
RDN/BTC,1555093333522,2019-04-12T18:22:13.522Z,sell,6.545e-05,115.0,0.00752675
RDN/BTC,1555093333522,2019-04-12T18:22:13.522Z,sell,6.531e-05,5.0,0.00032655
RDN/BTC,1555093333522,2019-04-12T18:22:13.522Z,sell,6.531e-05,15.0,0.0009796499999999
RDN/BTC,1555093333522,2019-04-12T18:22:13.522Z,sell,6.53e-05,19.0,0.0012407
RDN/BTC,1555093393511,2019-04-12T18:23:13.511Z,buy,6.546e-05,68.0,0.00445128
RDN/BTC,1555093551435,2019-04-12T18:25:51.435Z,buy,6.547e-05,119.0,0.00779093
RDN/BTC,1555093656193,2019-04-12T18:27:36.193Z,buy,6.547e-05,401.0,0.0262534699999999
RDN/BTC,1555093656193,2019-04-12T18:27:36.193Z,buy,6.566e-05,286.0,0.01877876
RDN/BTC,1555093658831,2019-04-12T18:27:38.831Z,buy,6.558e-05,304.0,0.01993632
RDN/BTC,1555093658831,2019-04-12T18:27:38.831Z,buy,6.565e-05,388.0,0.0254722
RDN/BTC,1555093718661,2019-04-12T18:28:38.661Z,sell,6.531e-05,565.0,0.03690015
RDN/BTC,1555093718925,2019-04-12T18:28:38.925Z,buy,6.531e-05,797.0,0.05205207
RDN/BTC,1555093769606,2019-04-12T18:29:29.606Z,sell,6.531e-05,28.0,0.0018286799999999
RDN/BTC,1555093769606,2019-04-12T18:29:29.606Z,sell,6.53e-05,59.0,0.0038527
RDN/BTC,1555093769606,2019-04-12T18:29:29.606Z,sell,6.527e-05,161.0,0.01050847
RDN/BTC,1555093769606,2019-04-12T18:29:29.606Z,sell,6.526e-05,752.0,0.04907552
RDN/BTC,1555093804957,2019-04-12T18:30:04.957Z,sell,6.526e-05,108.0,0.0070480799999999
RDN/BTC,1555093805858,2019-04-12T18:30:05.858Z,buy,6.526e-05,29.0,0.0018925399999999
RDN/BTC,1555093806540,2019-04-12T18:30:06.540Z,buy,6.513e-05,25.0,0.00162825
RDN/BTC,1555093808189,2019-04-12T18:30:08.189Z,buy,6.5e-05,25.0,0.001625
RDN/BTC,1555093808246,2019-04-12T18:30:08.246Z,buy,6.5e-05,67.0,0.0043549999999999
RDN/BTC,1555093808303,2019-04-12T18:30:08.303Z,buy,6.5e-05,25.0,0.001625
RDN/BTC,1555093808396,2019-04-12T18:30:08.396Z,buy,6.5e-05,18.0,0.0011699999999999
RDN/BTC,1555093808647,2019-04-12T18:30:08.647Z,buy,6.5e-05,143.0,0.009295
RDN/BTC,1555093810675,2019-04-12T18:30:10.675Z,sell,6.497e-05,108.0,0.0070167599999999
RDN/BTC,1555093810675,2019-04-12T18:30:10.675Z,sell,6.496e-05,107.0,0.00695072
RDN/BTC,1555093834847,2019-04-12T18:30:34.847Z,sell,6.497e-05,84.0,0.00545748
RDN/BTC,1555093880267,2019-04-12T18:31:20.267Z,buy,6.5e-05,43.0,0.0027949999999999
RDN/BTC,1555093880816,2019-04-12T18:31:20.816Z,buy,6.5e-05,661.0,0.0429649999999999
RDN/BTC,1555094149415,2019-04-12T18:35:49.415Z,buy,6.52e-05,184.0,0.0119968
RDN/BTC,1555094495722,2019-04-12T18:41:35.722Z,sell,6.507e-05,45.0,0.00292815
RDN/BTC,1555094495722,2019-04-12T18:41:35.722Z,sell,6.506e-05,1042.0,0.06779252
RDN/BTC,1555094536207,2019-04-12T18:42:16.207Z,sell,6.506e-05,802.0,0.05217812
RDN/BTC,1555094592971,2019-04-12T18:43:12.971Z,sell,6.506e-05,540.0,0.0351324
RDN/BTC,1555094933829,2019-04-12T18:48:53.829Z,sell,6.506e-05,322.0,0.02094932
RDN/BTC,1555095201626,2019-04-12T18:53:21.626Z,buy,6.538e-05,107.0,0.00699566
RDN/BTC,1555095203633,2019-04-12T18:53:23.633Z,buy,6.539e-05,46.0,0.0030079399999999
RDN/BTC,1555095205965,2019-04-12T18:53:25.965Z,buy,6.539e-05,150.0,0.0098085
RDN/BTC,1555095205965,2019-04-12T18:53:25.965Z,buy,6.54e-05,1289.0,0.0843006
RDN/BTC,1555095266218,2019-04-12T18:54:26.218Z,buy,6.538e-05,23.0,0.00150374
RDN/BTC,1555095266218,2019-04-12T18:54:26.218Z,buy,6.538e-05,23.0,0.00150374
RDN/BTC,1555095529906,2019-04-12T18:58:49.906Z,sell,6.523e-05,108.0,0.00704484
RDN/BTC,1555095557812,2019-04-12T18:59:17.812Z,sell,6.523e-05,68.0,0.0044356399999999
RDN/BTC,1555095667782,2019-04-12T19:01:07.782Z,sell,6.538e-05,31.0,0.00202678
RDN/BTC,1555095667782,2019-04-12T19:01:07.782Z,sell,6.523e-05,601.0,0.03920323
RDN/BTC,1555095667782,2019-04-12T19:01:07.782Z,sell,6.522e-05,459.0,0.02993598
RDN/BTC,1555095703659,2019-04-12T19:01:43.659Z,sell,6.507e-05,271.0,0.01763397
RDN/BTC,1555095703659,2019-04-12T19:01:43.659Z,sell,6.506e-05,806.0,0.05243836
RDN/BTC,1555095971930,2019-04-12T19:06:11.930Z,buy,6.54e-05,56.0,0.0036624
RDN/BTC,1555096420742,2019-04-12T19:13:40.742Z,buy,6.539e-05,45.0,0.00294255
RDN/BTC,1555096420742,2019-04-12T19:13:40.742Z,buy,6.54e-05,1118.0,0.0731172
RDN/BTC,1555096420742,2019-04-12T19:13:40.742Z,buy,6.546e-05,2172.0,0.14217912
RDN/BTC,1555096535844,2019-04-12T19:15:35.844Z,sell,6.511e-05,54.0,0.00351594
RDN/BTC,1555096692960,2019-04-12T19:18:12.960Z,buy,6.545e-05,271.0,0.01773695
RDN/BTC,1555096699516,2019-04-12T19:18:19.516Z,buy,6.545e-05,31.0,0.00202895
RDN/BTC,1555096774069,2019-04-12T19:19:34.069Z,sell,6.511e-05,140.0,0.0091154
RDN/BTC,1555096774069,2019-04-12T19:19:34.069Z,sell,6.51e-05,618.0,0.0402318
RDN/BTC,1555096990609,2019-04-12T19:23:10.609Z,sell,6.508e-05,595.0,0.0387225999999999
RDN/BTC,1555097106001,2019-04-12T19:25:06.001Z,sell,6.507e-05,315.0,0.02049705
RDN/BTC,1555097106001,2019-04-12T19:25:06.001Z,sell,6.506e-05,576.0,0.03747456
RDN/BTC,1555097154787,2019-04-12T19:25:54.787Z,sell,6.506e-05,36.0,0.00234216
RDN/BTC,1555097774924,2019-04-12T19:36:14.924Z,sell,6.506e-05,175.0,0.0113855
RDN/BTC,1555097785842,2019-04-12T19:36:25.842Z,buy,6.506e-05,17.0,0.00110602
RDN/BTC,1555098382984,2019-04-12T19:46:22.984Z,sell,6.501e-05,28.0,0.00182028
RDN/BTC,1555098705899,2019-04-12T19:51:45.899Z,buy,6.501e-05,28.0,0.00182028
RDN/BTC,1555098728110,2019-04-12T19:52:08.110Z,sell,6.5e-05,1560.0,0.1013999999999999
RDN/BTC,1555098783872,2019-04-12T19:53:03.872Z,sell,6.5e-05,31.0,0.002015
RDN/BTC,1555098783872,2019-04-12T19:53:03.872Z,sell,6.5e-05,31.0,0.002015
RDN/BTC,1555099136069,2019-04-12T19:58:56.069Z,buy,6.526e-05,20.0,0.0013051999999999
RDN/BTC,1555099220430,2019-04-12T20:00:20.430Z,buy,6.524e-05,175.0,0.011417
RDN/BTC,1555099220433,2019-04-12T20:00:20.433Z,buy,6.524e-05,175.0,0.011417
RDN/BTC,1555099220490,2019-04-12T20:00:20.490Z,buy,6.524e-05,50.0,0.003262
RDN/BTC,1555099558288,2019-04-12T20:05:58.288Z,buy,6.524e-05,101.0,0.00658924
RDN/BTC,1555099601650,2019-04-12T20:06:41.650Z,sell,6.5e-05,217.0,0.014105
RDN/BTC,1555099601837,2019-04-12T20:06:41.837Z,sell,6.5e-05,169.0,0.0109849999999999
RDN/BTC,1555099602030,2019-04-12T20:06:42.030Z,sell,6.5e-05,334.0,0.0217099999999999
RDN/BTC,1555099637579,2019-04-12T20:07:17.579Z,sell,6.5e-05,138.0,0.0089699999999999
RDN/BTC,1555099698457,2019-04-12T20:08:18.457Z,sell,6.5e-05,337.0,0.0219049999999999
RDN/BTC,1555099867529,2019-04-12T20:11:07.529Z,buy,6.507e-05,32.0,0.00208224
RDN/BTC,1555099937995,2019-04-12T20:12:17.995Z,sell,6.5e-05,51.0,0.003315
RDN/BTC,1555100034638,2019-04-12T20:13:54.638Z,sell,6.502e-05,180.0,0.0117036
RDN/BTC,1555100056557,2019-04-12T20:14:16.557Z,sell,6.502e-05,6.0,0.00039012
RDN/BTC,1555100285039,2019-04-12T20:18:05.039Z,sell,6.5e-05,82.0,0.00533
RDN/BTC,1555100463563,2019-04-12T20:21:03.563Z,sell,6.493e-05,20.0,0.0012986
RDN/BTC,1555100463563,2019-04-12T20:21:03.563Z,sell,6.469e-05,80.0,0.0051752
RDN/BTC,1555100563411,2019-04-12T20:22:43.411Z,sell,6.477e-05,16.0,0.00103632
RDN/BTC,1555100563411,2019-04-12T20:22:43.411Z,sell,6.458e-05,45.0,0.0029060999999999
RDN/BTC,1555100617241,2019-04-12T20:23:37.241Z,sell,6.459e-05,90.0,0.0058131
RDN/BTC,1555100704736,2019-04-12T20:25:04.736Z,sell,6.459e-05,497.0,0.03210123
RDN/BTC,1555100718991,2019-04-12T20:25:18.991Z,sell,6.458e-05,2.0,0.00012916
RDN/BTC,1555100718991,2019-04-12T20:25:18.991Z,sell,6.444e-05,54.0,0.00347976
RDN/BTC,1555100737173,2019-04-12T20:25:37.173Z,sell,6.447e-05,68.0,0.00438396
RDN/BTC,1555100743298,2019-04-12T20:25:43.298Z,buy,6.478e-05,57.0,0.00369246
RDN/BTC,1555100948866,2019-04-12T20:29:08.866Z,sell,6.447e-05,31.0,0.00199857
RDN/BTC,1555100949033,2019-04-12T20:29:09.033Z,buy,6.447e-05,51.0,0.00328797
RDN/BTC,1555100949806,2019-04-12T20:29:09.806Z,buy,6.447e-05,190.0,0.0122493
RDN/BTC,1555101057272,2019-04-12T20:30:57.272Z,buy,6.478e-05,78.0,0.00505284
RDN/BTC,1555101512766,2019-04-12T20:38:32.766Z,sell,6.447e-05,31.0,0.00199857
RDN/BTC,1555101512766,2019-04-12T20:38:32.766Z,sell,6.444e-05,1.0,6.444e-05
RDN/BTC,1555101533493,2019-04-12T20:38:53.493Z,buy,6.477e-05,124.0,0.00803148
RDN/BTC,1555101770455,2019-04-12T20:42:50.455Z,sell,6.462e-05,37.0,0.00239094
RDN/BTC,1555102060108,2019-04-12T20:47:40.108Z,sell,6.463e-05,126.0,0.0081433799999999
RDN/BTC,1555102149043,2019-04-12T20:49:09.043Z,sell,6.463e-05,7.0,0.00045241
RDN/BTC,1555102149043,2019-04-12T20:49:09.043Z,sell,6.462e-05,307.0,0.01983834
RDN/BTC,1555102165703,2019-04-12T20:49:25.703Z,buy,6.478e-05,29.0,0.00187862
RDN/BTC,1555102233549,2019-04-12T20:50:33.549Z,buy,6.478e-05,105.0,0.0068019
RDN/BTC,1555102371298,2019-04-12T20:52:51.298Z,sell,6.463e-05,150.0,0.0096945
RDN/BTC,1555102371298,2019-04-12T20:52:51.298Z,sell,6.463e-05,150.0,0.0096945
RDN/BTC,1555102419839,2019-04-12T20:53:39.839Z,buy,6.478e-05,16.0,0.00103648
RDN/BTC,1555102435369,2019-04-12T20:53:55.369Z,sell,6.463e-05,105.0,0.0067861499999999
RDN/BTC,1555102540229,2019-04-12T20:55:40.229Z,sell,6.461e-05,200.0,0.012922
RDN/BTC,1555102540229,2019-04-12T20:55:40.229Z,sell,6.458e-05,1495.0,0.0965471
RDN/BTC,1555102540259,2019-04-12T20:55:40.259Z,buy,6.458e-05,79.0,0.00510182
RDN/BTC,1555103108021,2019-04-12T21:05:08.021Z,buy,6.457e-05,16.0,0.00103312
RDN/BTC,1555103108297,2019-04-12T21:05:08.297Z,buy,6.457e-05,109.0,0.00703813
RDN/BTC,1555103145900,2019-04-12T21:05:45.900Z,sell,6.455e-05,57.0,0.0036793499999999
RDN/BTC,1555103179377,2019-04-12T21:06:19.377Z,sell,6.455e-05,30.0,0.0019364999999999
RDN/BTC,1555103240310,2019-04-12T21:07:20.310Z,buy,6.478e-05,37.0,0.00239686
RDN/BTC,1555103434312,2019-04-12T21:10:34.312Z,buy,6.478e-05,50.0,0.003239
RDN/BTC,1555103743989,2019-04-12T21:15:43.989Z,sell,6.457e-05,40.0,0.0025828
RDN/BTC,1555103895252,2019-04-12T21:18:15.252Z,buy,6.478e-05,42.0,0.00272076
RDN/BTC,1555103969847,2019-04-12T21:19:29.847Z,buy,6.478e-05,151.0,0.00978178
RDN/BTC,1555103984732,2019-04-12T21:19:44.732Z,sell,6.457e-05,42.0,0.00271194
RDN/BTC,1555104116020,2019-04-12T21:21:56.020Z,buy,6.478e-05,134.0,0.00868052
RDN/BTC,1555104277493,2019-04-12T21:24:37.493Z,sell,6.461e-05,166.0,0.01072526
RDN/BTC,1555104279803,2019-04-12T21:24:39.803Z,buy,6.461e-05,30.0,0.0019383
RDN/BTC,1555104359604,2019-04-12T21:25:59.604Z,buy,6.461e-05,91.0,0.00587951
RDN/BTC,1555104371840,2019-04-12T21:26:11.840Z,sell,6.456e-05,30.0,0.0019368
RDN/BTC,1555104617210,2019-04-12T21:30:17.210Z,buy,6.461e-05,37.0,0.00239057
RDN/BTC,1555104670369,2019-04-12T21:31:10.369Z,buy,6.461e-05,43.0,0.00277823
RDN/BTC,1555104744494,2019-04-12T21:32:24.494Z,buy,6.461e-05,30.0,0.0019383
RDN/BTC,1555104745413,2019-04-12T21:32:25.413Z,buy,6.461e-05,51.0,0.00329511
RDN/BTC,1555104820407,2019-04-12T21:33:40.407Z,sell,6.456e-05,30.0,0.0019368
RDN/BTC,1555105141303,2019-04-12T21:39:01.303Z,sell,6.458e-05,46.0,0.00297068
RDN/BTC,1555105141303,2019-04-12T21:39:01.303Z,sell,6.456e-05,215.0,0.0138804
RDN/BTC,1555105184541,2019-04-12T21:39:44.541Z,buy,6.461e-05,16.0,0.00103376
RDN/BTC,1555105208696,2019-04-12T21:40:08.696Z,sell,6.456e-05,243.0,0.01568808
RDN/BTC,1555105721520,2019-04-12T21:48:41.520Z,buy,6.461e-05,109.0,0.00704249
RDN/BTC,1555105787111,2019-04-12T21:49:47.111Z,sell,6.456e-05,188.0,0.01213728
RDN/BTC,1555105788691,2019-04-12T21:49:48.691Z,sell,6.454e-05,30.0,0.0019362
RDN/BTC,1555105791750,2019-04-12T21:49:51.750Z,sell,6.454e-05,30.0,0.0019362
RDN/BTC,1555105793491,2019-04-12T21:49:53.491Z,buy,6.455e-05,224.0,0.0144591999999999
RDN/BTC,1555105794716,2019-04-12T21:49:54.716Z,sell,6.454e-05,30.0,0.0019362
RDN/BTC,1555105797811,2019-04-12T21:49:57.811Z,sell,6.454e-05,30.0,0.0019362
RDN/BTC,1555105799032,2019-04-12T21:49:59.032Z,buy,6.455e-05,86.0,0.0055512999999999
RDN/BTC,1555105803236,2019-04-12T21:50:03.236Z,sell,6.454e-05,74.0,0.00477596
RDN/BTC,1555105803236,2019-04-12T21:50:03.236Z,sell,6.454e-05,74.0,0.00477596
RDN/BTC,1555106199516,2019-04-12T21:56:39.516Z,sell,6.455e-05,38.0,0.0024529
RDN/BTC,1555106199516,2019-04-12T21:56:39.516Z,sell,6.454e-05,269.0,0.01736126
RDN/BTC,1555106262505,2019-04-12T21:57:42.505Z,sell,6.453e-05,4060.0,0.2619918
RDN/BTC,1555106262505,2019-04-12T21:57:42.505Z,sell,6.452e-05,5413.0,0.34924676
RDN/BTC,1555106262505,2019-04-12T21:57:42.505Z,sell,6.449e-05,7905.0,0.50979345
RDN/BTC,1555106262505,2019-04-12T21:57:42.505Z,sell,6.448e-05,1354.0,0.08730592
RDN/BTC,1555106262505,2019-04-12T21:57:42.505Z,sell,6.445e-05,1337.0,0.0861696499999999
RDN/BTC,1555106270632,2019-04-12T21:57:50.632Z,sell,6.444e-05,143.0,0.00921492
RDN/BTC,1555106275605,2019-04-12T21:57:55.605Z,sell,6.438e-05,28.0,0.00180264
RDN/BTC,1555106275605,2019-04-12T21:57:55.605Z,sell,6.436e-05,61.0,0.00392596
RDN/BTC,1555106275605,2019-04-12T21:57:55.605Z,sell,6.43e-05,32.0,0.0020576
RDN/BTC,1555106307728,2019-04-12T21:58:27.728Z,sell,6.43e-05,50.0,0.003215
RDN/BTC,1555106315725,2019-04-12T21:58:35.725Z,buy,6.438e-05,25.0,0.0016095
RDN/BTC,1555106326429,2019-04-12T21:58:46.429Z,buy,6.437e-05,25.0,0.0016092499999999
RDN/BTC,1555106331480,2019-04-12T21:58:51.480Z,sell,6.43e-05,119.0,0.0076517
RDN/BTC,1555106331480,2019-04-12T21:58:51.480Z,sell,6.426e-05,24.0,0.0015422399999999
RDN/BTC,1555106331480,2019-04-12T21:58:51.480Z,sell,6.416e-05,20.0,0.0012832
RDN/BTC,1555106331480,2019-04-12T21:58:51.480Z,sell,6.409e-05,252.0,0.01615068
RDN/BTC,1555106331480,2019-04-12T21:58:51.480Z,sell,6.405e-05,33.0,0.00211365
RDN/BTC,1555106331480,2019-04-12T21:58:51.480Z,sell,6.404e-05,244.0,0.01562576
RDN/BTC,1555106331480,2019-04-12T21:58:51.480Z,sell,6.403e-05,159.0,0.0101807699999999
RDN/BTC,1555106351424,2019-04-12T21:59:11.424Z,buy,6.433e-05,23.0,0.00147959
RDN/BTC,1555106351475,2019-04-12T21:59:11.475Z,buy,6.432e-05,31.0,0.0019939199999999
RDN/BTC,1555106353442,2019-04-12T21:59:13.442Z,buy,6.432e-05,24.0,0.00154368
RDN/BTC,1555106353482,2019-04-12T21:59:13.482Z,buy,6.432e-05,24.0,0.00154368
RDN/BTC,1555106353529,2019-04-12T21:59:13.529Z,buy,6.432e-05,340.0,0.0218687999999999
RDN/BTC,1555106353529,2019-04-12T21:59:13.529Z,buy,6.433e-05,552.0,0.03551016
RDN/BTC,1555106353568,2019-04-12T21:59:13.568Z,buy,6.433e-05,72.0,0.00463176
RDN/BTC,1555106353704,2019-04-12T21:59:13.704Z,buy,6.431e-05,24.0,0.00154344
RDN/BTC,1555106353736,2019-04-12T21:59:13.736Z,buy,6.431e-05,38.0,0.00244378
RDN/BTC,1555106354131,2019-04-12T21:59:14.131Z,buy,6.431e-05,25.0,0.00160775
RDN/BTC,1555106354213,2019-04-12T21:59:14.213Z,buy,6.431e-05,105.0,0.0067525499999999
RDN/BTC,1555106354223,2019-04-12T21:59:14.223Z,buy,6.431e-05,28.0,0.00180068
RDN/BTC,1555106354234,2019-04-12T21:59:14.234Z,buy,6.431e-05,26.0,0.00167206
RDN/BTC,1555106354427,2019-04-12T21:59:14.427Z,buy,6.431e-05,96.0,0.00617376
RDN/BTC,1555106354670,2019-04-12T21:59:14.670Z,buy,6.431e-05,26.0,0.00167206
RDN/BTC,1555106354843,2019-04-12T21:59:14.843Z,buy,6.431e-05,22.0,0.00141482
RDN/BTC,1555106354843,2019-04-12T21:59:14.843Z,buy,6.433e-05,31.0,0.00199423
RDN/BTC,1555106354847,2019-04-12T21:59:14.847Z,buy,6.433e-05,142.0,0.00913486
RDN/BTC,1555106354861,2019-04-12T21:59:14.861Z,buy,6.433e-05,28.0,0.00180124
RDN/BTC,1555106354885,2019-04-12T21:59:14.885Z,buy,6.433e-05,24.0,0.00154392
RDN/BTC,1555106355196,2019-04-12T21:59:15.196Z,buy,6.433e-05,36.0,0.00231588
RDN/BTC,1555106355312,2019-04-12T21:59:15.312Z,buy,6.433e-05,27.0,0.00173691
RDN/BTC,1555106355430,2019-04-12T21:59:15.430Z,buy,6.433e-05,24.0,0.00154392
RDN/BTC,1555106355439,2019-04-12T21:59:15.439Z,buy,6.433e-05,42.0,0.00270186
RDN/BTC,1555106355562,2019-04-12T21:59:15.562Z,buy,6.433e-05,23.0,0.00147959
RDN/BTC,1555106355721,2019-04-12T21:59:15.721Z,buy,6.433e-05,27.0,0.00173691
RDN/BTC,1555106356205,2019-04-12T21:59:16.205Z,buy,6.433e-05,25.0,0.00160825
RDN/BTC,1555106356221,2019-04-12T21:59:16.221Z,buy,6.433e-05,15.0,0.00096495
RDN/BTC,1555106356221,2019-04-12T21:59:16.221Z,buy,6.435e-05,45.0,0.00289575
RDN/BTC,1555106356221,2019-04-12T21:59:16.221Z,buy,6.442e-05,9.0,0.00057978
RDN/BTC,1555106356473,2019-04-12T21:59:16.473Z,buy,6.442e-05,24.0,0.00154608
RDN/BTC,1555106356473,2019-04-12T21:59:16.473Z,buy,6.443e-05,36.0,0.00231948
RDN/BTC,1555106356581,2019-04-12T21:59:16.581Z,buy,6.443e-05,40.0,0.0025772
RDN/BTC,1555106356581,2019-04-12T21:59:16.581Z,buy,6.445e-05,5.0,0.0003222499999999
RDN/BTC,1555106356808,2019-04-12T21:59:16.808Z,buy,6.445e-05,24.0,0.0015467999999999
RDN/BTC,1555106356976,2019-04-12T21:59:16.976Z,buy,6.445e-05,24.0,0.0015467999999999
RDN/BTC,1555106357302,2019-04-12T21:59:17.302Z,buy,6.445e-05,24.0,0.0015467999999999
RDN/BTC,1555106357449,2019-04-12T21:59:17.449Z,buy,6.445e-05,152.0,0.0097963999999999
RDN/BTC,1555106357606,2019-04-12T21:59:17.606Z,buy,6.445e-05,23.0,0.00148235
RDN/BTC,1555106357735,2019-04-12T21:59:17.735Z,buy,6.445e-05,24.0,0.0015467999999999
RDN/BTC,1555106357842,2019-04-12T21:59:17.842Z,buy,6.445e-05,30.0,0.0019334999999999
RDN/BTC,1555106357879,2019-04-12T21:59:17.879Z,buy,6.445e-05,27.0,0.0017401499999999
RDN/BTC,1555106358045,2019-04-12T21:59:18.045Z,buy,6.445e-05,28.0,0.0018046
RDN/BTC,1555106358162,2019-04-12T21:59:18.162Z,buy,6.445e-05,22.0,0.0014179
RDN/BTC,1555106358162,2019-04-12T21:59:18.162Z,buy,6.452e-05,5.0,0.0003226
RDN/BTC,1555106358328,2019-04-12T21:59:18.328Z,buy,6.452e-05,27.0,0.00174204
RDN/BTC,1555106358402,2019-04-12T21:59:18.402Z,buy,6.452e-05,23.0,0.0014839599999999
RDN/BTC,1555106358481,2019-04-12T21:59:18.481Z,buy,6.452e-05,24.0,0.00154848
RDN/BTC,1555106358504,2019-04-12T21:59:18.504Z,buy,6.452e-05,52.0,0.00335504
RDN/BTC,1555106358519,2019-04-12T21:59:18.519Z,buy,6.452e-05,64.0,0.00412928
RDN/BTC,1555106358679,2019-04-12T21:59:18.679Z,buy,6.452e-05,28.0,0.00180656
RDN/BTC,1555106358736,2019-04-12T21:59:18.736Z,buy,6.452e-05,25.0,0.001613
RDN/BTC,1555106358740,2019-04-12T21:59:18.740Z,buy,6.452e-05,41.0,0.00264532
RDN/BTC,1555106358965,2019-04-12T21:59:18.965Z,buy,6.452e-05,159.0,0.01025868
RDN/BTC,1555106359043,2019-04-12T21:59:19.043Z,buy,6.452e-05,24.0,0.00154848
RDN/BTC,1555106359146,2019-04-12T21:59:19.146Z,buy,6.452e-05,24.0,0.00154848
RDN/BTC,1555106359440,2019-04-12T21:59:19.440Z,buy,6.452e-05,25.0,0.001613
RDN/BTC,1555106359560,2019-04-12T21:59:19.560Z,buy,6.452e-05,46.0,0.0029679199999999
RDN/BTC,1555106359560,2019-04-12T21:59:19.560Z,buy,6.462e-05,20.0,0.0012924
RDN/BTC,1555106359609,2019-04-12T21:59:19.609Z,buy,6.462e-05,24.0,0.00155088
RDN/BTC,1555106359635,2019-04-12T21:59:19.635Z,buy,6.462e-05,23.0,0.00148626
RDN/BTC,1555106359761,2019-04-12T21:59:19.761Z,buy,6.461e-05,24.0,0.00155064
RDN/BTC,1555106359988,2019-04-12T21:59:19.988Z,buy,6.461e-05,23.0,0.00148603
RDN/BTC,1555106360140,2019-04-12T21:59:20.140Z,buy,6.461e-05,24.0,0.00155064
RDN/BTC,1555106362536,2019-04-12T21:59:22.536Z,sell,6.425e-05,77.0,0.00494725
RDN/BTC,1555106362536,2019-04-12T21:59:22.536Z,sell,6.423e-05,652.0,0.04187796
RDN/BTC,1555106372140,2019-04-12T21:59:32.140Z,sell,6.424e-05,24.0,0.0015417599999999
RDN/BTC,1555106384625,2019-04-12T21:59:44.625Z,sell,6.425e-05,271.0,0.01741175
RDN/BTC,1555106384625,2019-04-12T21:59:44.625Z,sell,6.424e-05,590.0,0.0379015999999999
RDN/BTC,1555106404505,2019-04-12T22:00:04.505Z,sell,6.422e-05,23.0,0.00147706
RDN/BTC,1555106404505,2019-04-12T22:00:04.505Z,sell,6.415e-05,16.0,0.0010264
RDN/BTC,1555106404505,2019-04-12T22:00:04.505Z,sell,6.413e-05,23.0,0.00147499
RDN/BTC,1555106404505,2019-04-12T22:00:04.505Z,sell,6.405e-05,160.0,0.010248
RDN/BTC,1555106404505,2019-04-12T22:00:04.505Z,sell,6.403e-05,252.0,0.01613556
RDN/BTC,1555106404532,2019-04-12T22:00:04.532Z,buy,6.403e-05,119.0,0.0076195699999999
RDN/BTC,1555106404532,2019-04-12T22:00:04.532Z,buy,6.403e-05,238.0,0.0152391399999999
RDN/BTC,1555106404561,2019-04-12T22:00:04.561Z,buy,6.403e-05,198.0,0.0126779399999999
RDN/BTC,1555106404564,2019-04-12T22:00:04.564Z,buy,6.403e-05,84.0,0.0053785199999999
RDN/BTC,1555106404586,2019-04-12T22:00:04.586Z,buy,6.403e-05,119.0,0.0076195699999999
RDN/BTC,1555106404602,2019-04-12T22:00:04.602Z,buy,6.403e-05,117.0,0.00749151
RDN/BTC,1555106404644,2019-04-12T22:00:04.644Z,buy,6.403e-05,51.0,0.0032655299999999
RDN/BTC,1555106405061,2019-04-12T22:00:05.061Z,buy,6.403e-05,533.0,0.03412799
RDN/BTC,1555106405846,2019-04-12T22:00:05.846Z,sell,6.4e-05,24.0,0.001536
RDN/BTC,1555106417491,2019-04-12T22:00:17.491Z,sell,6.4e-05,413.0,0.0264319999999999
RDN/BTC,1555106424632,2019-04-12T22:00:24.632Z,sell,6.4e-05,376.0,0.024064
RDN/BTC,1555106443998,2019-04-12T22:00:43.998Z,buy,6.401e-05,17.0,0.00108817
RDN/BTC,1555106452762,2019-04-12T22:00:52.762Z,buy,6.402e-05,196.0,0.01254792
RDN/BTC,1555106462973,2019-04-12T22:01:02.973Z,sell,6.402e-05,1087.0,0.06958974
RDN/BTC,1555106518246,2019-04-12T22:01:58.246Z,buy,6.402e-05,69.0,0.00441738
RDN/BTC,1555106521534,2019-04-12T22:02:01.534Z,buy,6.402e-05,71.0,0.00454542
RDN/BTC,1555106583289,2019-04-12T22:03:03.289Z,buy,6.442e-05,31.0,0.00199702
RDN/BTC,1555106596349,2019-04-12T22:03:16.349Z,buy,6.436e-05,48.0,0.00308928
RDN/BTC,1555106608647,2019-04-12T22:03:28.647Z,buy,6.436e-05,216.0,0.01390176
RDN/BTC,1555106608800,2019-04-12T22:03:28.800Z,sell,6.436e-05,58.0,0.00373288
RDN/BTC,1555106609632,2019-04-12T22:03:29.632Z,sell,6.436e-05,23.0,0.00148028
RDN/BTC,1555106697205,2019-04-12T22:04:57.205Z,sell,6.436e-05,23.0,0.00148028
RDN/BTC,1555106915784,2019-04-12T22:08:35.784Z,sell,6.436e-05,4.0,0.00025744
RDN/BTC,1555106915784,2019-04-12T22:08:35.784Z,sell,6.401e-05,77.0,0.00492877
RDN/BTC,1555106920237,2019-04-12T22:08:40.237Z,buy,6.436e-05,23.0,0.00148028
RDN/BTC,1555106998155,2019-04-12T22:09:58.155Z,sell,6.402e-05,23.0,0.00147246
RDN/BTC,1555107036759,2019-04-12T22:10:36.759Z,buy,6.439e-05,150.0,0.0096585
RDN/BTC,1555107036759,2019-04-12T22:10:36.759Z,buy,6.44e-05,315.0,0.020286
RDN/BTC,1555107069645,2019-04-12T22:11:09.645Z,sell,6.439e-05,34.0,0.00218926
RDN/BTC,1555107254073,2019-04-12T22:14:14.073Z,buy,6.446e-05,155.0,0.0099913
RDN/BTC,1555107263895,2019-04-12T22:14:23.895Z,sell,6.446e-05,4.0,0.00025784
RDN/BTC,1555107338578,2019-04-12T22:15:38.578Z,sell,6.424e-05,66.0,0.00423984
RDN/BTC,1555107409879,2019-04-12T22:16:49.879Z,sell,6.424e-05,193.0,0.01239832
RDN/BTC,1555107684695,2019-04-12T22:21:24.695Z,buy,6.425e-05,119.0,0.00764575
RDN/BTC,1555107719486,2019-04-12T22:21:59.486Z,buy,6.451e-05,37.0,0.00238687
RDN/BTC,1555107753331,2019-04-12T22:22:33.331Z,buy,6.45e-05,155.0,0.0099975
RDN/BTC,1555108060846,2019-04-12T22:27:40.846Z,sell,6.45e-05,345.0,0.0222524999999999
RDN/BTC,1555108066614,2019-04-12T22:27:46.614Z,sell,6.45e-05,59.0,0.0038055
RDN/BTC,1555108156453,2019-04-12T22:29:16.453Z,sell,6.42e-05,41.0,0.0026322
RDN/BTC,1555108473318,2019-04-12T22:34:33.318Z,buy,6.442e-05,141.0,0.00908322
RDN/BTC,1555108488743,2019-04-12T22:34:48.743Z,sell,6.443e-05,186.0,0.01198398
RDN/BTC,1555108820942,2019-04-12T22:40:20.942Z,sell,6.421e-05,135.0,0.00866835
RDN/BTC,1555108820942,2019-04-12T22:40:20.942Z,sell,6.42e-05,191.0,0.0122622
RDN/BTC,1555108836746,2019-04-12T22:40:36.746Z,sell,6.42e-05,45.0,0.002889
RDN/BTC,1555109163711,2019-04-12T22:46:03.711Z,buy,6.443e-05,37.0,0.00238391
RDN/BTC,1555109314836,2019-04-12T22:48:34.836Z,buy,6.443e-05,134.0,0.00863362
RDN/BTC,1555109314836,2019-04-12T22:48:34.836Z,buy,6.45e-05,195.0,0.0125774999999999
RDN/BTC,1555109314836,2019-04-12T22:48:34.836Z,buy,6.443e-05,134.0,0.00863362
RDN/BTC,1555109314836,2019-04-12T22:48:34.836Z,buy,6.45e-05,195.0,0.0125774999999999
RDN/BTC,1555109678080,2019-04-12T22:54:38.080Z,buy,6.448e-05,153.0,0.00986544
RDN/BTC,1555110009299,2019-04-12T23:00:09.299Z,buy,6.444e-05,119.0,0.00766836
RDN/BTC,1555110486540,2019-04-12T23:08:06.540Z,buy,6.443e-05,37.0,0.00238391
RDN/BTC,1555110614644,2019-04-12T23:10:14.644Z,sell,6.415e-05,136.0,0.0087244
RDN/BTC,1555110614644,2019-04-12T23:10:14.644Z,sell,6.412e-05,132.0,0.00846384
RDN/BTC,1555110667148,2019-04-12T23:11:07.148Z,buy,6.444e-05,465.0,0.0299646
RDN/BTC,1555110773457,2019-04-12T23:12:53.457Z,sell,6.419e-05,372.0,0.02387868
RDN/BTC,1555111587738,2019-04-12T23:26:27.738Z,sell,6.429e-05,51.0,0.0032787899999999
RDN/BTC,1555111839139,2019-04-12T23:30:39.139Z,buy,6.44e-05,21.0,0.0013524
RDN/BTC,1555112342094,2019-04-12T23:39:02.094Z,buy,6.44e-05,47.0,0.0030267999999999
RDN/BTC,1555112342094,2019-04-12T23:39:02.094Z,buy,6.44e-05,47.0,0.0030267999999999
RDN/BTC,1555112969307,2019-04-12T23:49:29.307Z,buy,6.447e-05,53.0,0.00341691
RDN/BTC,1555113371259,2019-04-12T23:56:11.259Z,sell,6.435e-05,80.0,0.005148
RDN/BTC,1555114189451,2019-04-13T00:09:49.451Z,sell,6.436e-05,185.0,0.0119066
RDN/BTC,1555114189451,2019-04-13T00:09:49.451Z,sell,6.435e-05,16.0,0.0010296
RDN/BTC,1555114246259,2019-04-13T00:10:46.259Z,buy,6.433e-05,39.0,0.00250887
RDN/BTC,1555114270906,2019-04-13T00:11:10.906Z,sell,6.432e-05,162.0,0.01041984
RDN/BTC,1555114270906,2019-04-13T00:11:10.906Z,sell,6.431e-05,314.0,0.02019334
RDN/BTC,1555114270906,2019-04-13T00:11:10.906Z,sell,6.43e-05,11041.0,0.7099363000000001
RDN/BTC,1555114362971,2019-04-13T00:12:42.971Z,sell,6.431e-05,1516.0,0.09749396
RDN/BTC,1555114389156,2019-04-13T00:13:09.156Z,sell,6.429e-05,17.0,0.00109293
RDN/BTC,1555114389156,2019-04-13T00:13:09.156Z,sell,6.411e-05,83.0,0.0053211299999999
RDN/BTC,1555114392064,2019-04-13T00:13:12.064Z,sell,6.411e-05,68.0,0.00435948
RDN/BTC,1555114492506,2019-04-13T00:14:52.506Z,sell,6.413e-05,638.0,0.04091494
RDN/BTC,1555115006105,2019-04-13T00:23:26.105Z,sell,6.431e-05,318.0,0.02045058
RDN/BTC,1555115006194,2019-04-13T00:23:26.194Z,sell,6.431e-05,293.0,0.01884283
RDN/BTC,1555115006445,2019-04-13T00:23:26.445Z,sell,6.413e-05,16.0,0.00102608
RDN/BTC,1555115006445,2019-04-13T00:23:26.445Z,sell,6.412e-05,167.0,0.01070804
RDN/BTC,1555115006714,2019-04-13T00:23:26.714Z,sell,6.412e-05,600.0,0.038472
RDN/BTC,1555115006734,2019-04-13T00:23:26.734Z,sell,6.412e-05,103.0,0.00660436
RDN/BTC,1555115006734,2019-04-13T00:23:26.734Z,sell,6.411e-05,146.0,0.00936006
RDN/BTC,1555115006834,2019-04-13T00:23:26.834Z,sell,6.411e-05,38.0,0.0024361799999999
RDN/BTC,1555115006887,2019-04-13T00:23:26.887Z,sell,6.411e-05,252.0,0.01615572
RDN/BTC,1555115006931,2019-04-13T00:23:26.931Z,sell,6.411e-05,38.0,0.0024361799999999
RDN/BTC,1555115007257,2019-04-13T00:23:27.257Z,sell,6.413e-05,1091.0,0.0699658299999999
RDN/BTC,1555115007257,2019-04-13T00:23:27.257Z,sell,6.411e-05,232.0,0.01487352
RDN/BTC,1555115007931,2019-04-13T00:23:27.931Z,sell,6.411e-05,746.0,0.04782606
RDN/BTC,1555115009932,2019-04-13T00:23:29.932Z,sell,6.411e-05,238.0,0.0152581799999999
RDN/BTC,1555115009932,2019-04-13T00:23:29.932Z,sell,6.41e-05,539.0,0.0345499
RDN/BTC,1555115012658,2019-04-13T00:23:32.658Z,sell,6.41e-05,18.0,0.0011538
RDN/BTC,1555115412263,2019-04-13T00:30:12.263Z,sell,6.411e-05,459.0,0.0294264899999999
RDN/BTC,1555115650385,2019-04-13T00:34:10.385Z,buy,6.42e-05,56.0,0.0035952
RDN/BTC,1555115650385,2019-04-13T00:34:10.385Z,buy,6.42e-05,56.0,0.0035952
RDN/BTC,1555116376474,2019-04-13T00:46:16.474Z,buy,6.418e-05,77.0,0.00494186
RDN/BTC,1555116534116,2019-04-13T00:48:54.116Z,sell,6.41e-05,456.0,0.0292296
RDN/BTC,1555116941352,2019-04-13T00:55:41.352Z,buy,6.416e-05,37.0,0.00237392
RDN/BTC,1555117220683,2019-04-13T01:00:20.683Z,buy,6.414e-05,311.0,0.01994754
RDN/BTC,1555117234830,2019-04-13T01:00:34.830Z,buy,6.415e-05,62.0,0.0039773
RDN/BTC,1555117247766,2019-04-13T01:00:47.766Z,buy,6.417e-05,311.0,0.01995687
RDN/BTC,1555117247773,2019-04-13T01:00:47.773Z,buy,6.42e-05,29.0,0.0018618
RDN/BTC,1555117398048,2019-04-13T01:03:18.048Z,buy,6.424e-05,161.0,0.0103426399999999
RDN/BTC,1555117398216,2019-04-13T01:03:18.216Z,buy,6.424e-05,150.0,0.0096359999999999
RDN/BTC,1555117398216,2019-04-13T01:03:18.216Z,buy,6.431e-05,17.0,0.00109327
RDN/BTC,1555117398976,2019-04-13T01:03:18.976Z,buy,6.431e-05,30.0,0.0019293
RDN/BTC,1555117399806,2019-04-13T01:03:19.806Z,buy,6.431e-05,152.0,0.00977512
RDN/BTC,1555117402458,2019-04-13T01:03:22.458Z,sell,6.412e-05,169.0,0.01083628
RDN/BTC,1555117402622,2019-04-13T01:03:22.622Z,sell,6.412e-05,5.0,0.0003206
RDN/BTC,1555117402622,2019-04-13T01:03:22.622Z,sell,6.411e-05,152.0,0.0097447199999999
RDN/BTC,1555117402683,2019-04-13T01:03:22.683Z,sell,6.412e-05,147.0,0.00942564
RDN/BTC,1555117402721,2019-04-13T01:03:22.721Z,sell,6.412e-05,50.0,0.003206
RDN/BTC,1555117410294,2019-04-13T01:03:30.294Z,sell,6.412e-05,270.0,0.0173124
RDN/BTC,1555117410294,2019-04-13T01:03:30.294Z,sell,6.411e-05,281.0,0.01801491
RDN/BTC,1555117418837,2019-04-13T01:03:38.837Z,sell,6.412e-05,38.0,0.00243656
RDN/BTC,1555117419658,2019-04-13T01:03:39.658Z,sell,6.412e-05,76.0,0.00487312
RDN/BTC,1555117425655,2019-04-13T01:03:45.655Z,buy,6.415e-05,285.0,0.01828275
RDN/BTC,1555117425722,2019-04-13T01:03:45.722Z,buy,6.415e-05,26.0,0.0016679
RDN/BTC,1555117436314,2019-04-13T01:03:56.314Z,sell,6.412e-05,72.0,0.00461664
RDN/BTC,1555117436314,2019-04-13T01:03:56.314Z,sell,6.411e-05,252.0,0.01615572
RDN/BTC,1555117441049,2019-04-13T01:04:01.049Z,sell,6.411e-05,407.0,0.0260927699999999
RDN/BTC,1555117445020,2019-04-13T01:04:05.020Z,sell,6.41e-05,312.0,0.0199991999999999
RDN/BTC,1555117448192,2019-04-13T01:04:08.192Z,sell,6.41e-05,312.0,0.0199991999999999
RDN/BTC,1555117451174,2019-04-13T01:04:11.174Z,sell,6.41e-05,312.0,0.0199991999999999
RDN/BTC,1555117454826,2019-04-13T01:04:14.826Z,buy,6.411e-05,226.0,0.01448886
RDN/BTC,1555117460553,2019-04-13T01:04:20.553Z,buy,6.411e-05,132.0,0.00846252
RDN/BTC,1555117535319,2019-04-13T01:05:35.319Z,sell,6.41e-05,290.0,0.018589
RDN/BTC,1555117538636,2019-04-13T01:05:38.636Z,sell,6.41e-05,252.0,0.0161532
RDN/BTC,1555117543140,2019-04-13T01:05:43.140Z,sell,6.41e-05,252.0,0.0161532
RDN/BTC,1555117547590,2019-04-13T01:05:47.590Z,sell,6.41e-05,252.0,0.0161532
RDN/BTC,1555117551989,2019-04-13T01:05:51.989Z,sell,6.41e-05,251.0,0.0160891
RDN/BTC,1555117552032,2019-04-13T01:05:52.032Z,sell,6.41e-05,251.0,0.0160891
RDN/BTC,1555117558371,2019-04-13T01:05:58.371Z,sell,6.41e-05,252.0,0.0161532
RDN/BTC,1555117565825,2019-04-13T01:06:05.825Z,sell,6.41e-05,195.0,0.0124995
RDN/BTC,1555117578746,2019-04-13T01:06:18.746Z,sell,6.409e-05,161.0,0.01031849
RDN/BTC,1555117584138,2019-04-13T01:06:24.138Z,sell,6.409e-05,252.0,0.01615068
RDN/BTC,1555117589671,2019-04-13T01:06:29.671Z,sell,6.409e-05,252.0,0.01615068
RDN/BTC,1555117594038,2019-04-13T01:06:34.038Z,sell,6.409e-05,252.0,0.01615068
RDN/BTC,1555117598431,2019-04-13T01:06:38.431Z,sell,6.409e-05,252.0,0.01615068
RDN/BTC,1555117602628,2019-04-13T01:06:42.628Z,sell,6.409e-05,252.0,0.01615068
RDN/BTC,1555117606883,2019-04-13T01:06:46.883Z,sell,6.409e-05,252.0,0.01615068
RDN/BTC,1555117611683,2019-04-13T01:06:51.683Z,sell,6.409e-05,252.0,0.01615068
RDN/BTC,1555117616164,2019-04-13T01:06:56.164Z,sell,6.41e-05,252.0,0.0161532
RDN/BTC,1555117621110,2019-04-13T01:07:01.110Z,sell,6.41e-05,81.0,0.0051921
RDN/BTC,1555118459634,2019-04-13T01:20:59.634Z,buy,6.415e-05,50.0,0.0032075
RDN/BTC,1555118877922,2019-04-13T01:27:57.922Z,buy,6.431e-05,40.0,0.0025724
RDN/BTC,1555118883916,2019-04-13T01:28:03.916Z,sell,6.41e-05,780.0,0.049998
RDN/BTC,1555118898647,2019-04-13T01:28:18.647Z,buy,6.431e-05,131.0,0.0084246099999999
RDN/BTC,1555118903866,2019-04-13T01:28:23.866Z,sell,6.411e-05,77.0,0.0049364699999999
RDN/BTC,1555119185533,2019-04-13T01:33:05.533Z,sell,6.41e-05,447.0,0.0286527
RDN/BTC,1555119185533,2019-04-13T01:33:05.533Z,sell,6.41e-05,447.0,0.0286527
RDN/BTC,1555119680616,2019-04-13T01:41:20.616Z,sell,6.409e-05,38.0,0.00243542
RDN/BTC,1555119759272,2019-04-13T01:42:39.272Z,sell,6.41e-05,32.0,0.0020512
RDN/BTC,1555119940366,2019-04-13T01:45:40.366Z,sell,6.41e-05,43.0,0.0027563
RDN/BTC,1555120827324,2019-04-13T02:00:27.324Z,sell,6.41e-05,29.0,0.0018589
RDN/BTC,1555120827324,2019-04-13T02:00:27.324Z,sell,6.409e-05,169.0,0.01083121
RDN/BTC,1555120845493,2019-04-13T02:00:45.493Z,sell,6.409e-05,28.0,0.00179452
RDN/BTC,1555121050848,2019-04-13T02:04:10.848Z,sell,6.409e-05,88.0,0.00563992
RDN/BTC,1555121122695,2019-04-13T02:05:22.695Z,buy,6.43e-05,140.0,0.009002
RDN/BTC,1555121128395,2019-04-13T02:05:28.395Z,sell,6.409e-05,292.0,0.01871428
RDN/BTC,1555121374450,2019-04-13T02:09:34.450Z,sell,6.409e-05,831.0,0.05325879
RDN/BTC,1555121374925,2019-04-13T02:09:34.925Z,buy,6.409e-05,238.0,0.01525342
RDN/BTC,1555121466984,2019-04-13T02:11:06.984Z,sell,6.408e-05,134.0,0.0085867199999999
RDN/BTC,1555121477453,2019-04-13T02:11:17.453Z,sell,6.408e-05,1681.0,0.1077184799999999
RDN/BTC,1555121481604,2019-04-13T02:11:21.604Z,sell,6.408e-05,128.0,0.00820224
RDN/BTC,1555121481604,2019-04-13T02:11:21.604Z,sell,6.405e-05,607.0,0.03887835
RDN/BTC,1555121772254,2019-04-13T02:16:12.254Z,buy,6.409e-05,19.0,0.00121771
RDN/BTC,1555122001189,2019-04-13T02:20:01.189Z,buy,6.409e-05,1205.0,0.07722845
RDN/BTC,1555122639528,2019-04-13T02:30:39.528Z,buy,6.431e-05,28.0,0.00180068
RDN/BTC,1555122639967,2019-04-13T02:30:39.967Z,buy,6.431e-05,18.0,0.00115758
RDN/BTC,1555122756065,2019-04-13T02:32:36.065Z,sell,6.405e-05,54.0,0.0034587
RDN/BTC,1555122756065,2019-04-13T02:32:36.065Z,sell,6.405e-05,54.0,0.0034587
RDN/BTC,1555122792373,2019-04-13T02:33:12.373Z,sell,6.405e-05,236.0,0.0151158
RDN/BTC,1555123518101,2019-04-13T02:45:18.101Z,sell,6.405e-05,431.0,0.02760555
RDN/BTC,1555124078738,2019-04-13T02:54:38.738Z,sell,6.407e-05,61.0,0.00390827
RDN/BTC,1555124588406,2019-04-13T03:03:08.406Z,sell,6.406e-05,46.0,0.00294676
RDN/BTC,1555125463820,2019-04-13T03:17:43.820Z,sell,6.406e-05,85.0,0.0054451
RDN/BTC,1555125741851,2019-04-13T03:22:21.851Z,sell,6.405e-05,17.0,0.00108885
RDN/BTC,1555125763764,2019-04-13T03:22:43.764Z,sell,6.405e-05,17.0,0.00108885
RDN/BTC,1555125800000,2019-04-13T03:23:20.000Z,sell,6.405e-05,17.0,0.00108885
RDN/BTC,1555125854201,2019-04-13T03:24:14.201Z,sell,6.405e-05,17.0,0.00108885
RDN/BTC,1555125908061,2019-04-13T03:25:08.061Z,sell,6.405e-05,17.0,0.00108885
RDN/BTC,1555125944768,2019-04-13T03:25:44.768Z,sell,6.405e-05,17.0,0.00108885
RDN/BTC,1555125984952,2019-04-13T03:26:24.952Z,sell,6.405e-05,17.0,0.00108885
RDN/BTC,1555126066613,2019-04-13T03:27:46.613Z,sell,6.405e-05,1428.0,0.0914634
RDN/BTC,1555126066613,2019-04-13T03:27:46.613Z,sell,6.404e-05,1647.0,0.10547388
RDN/BTC,1555126073147,2019-04-13T03:27:53.147Z,sell,6.404e-05,439.0,0.02811356
RDN/BTC,1555126091607,2019-04-13T03:28:11.607Z,buy,6.413e-05,18.0,0.00115434
RDN/BTC,1555126091607,2019-04-13T03:28:11.607Z,buy,6.421e-05,56.0,0.00359576
RDN/BTC,1555126092762,2019-04-13T03:28:12.762Z,buy,6.42e-05,74.0,0.0047508
RDN/BTC,1555126108731,2019-04-13T03:28:28.731Z,sell,6.4e-05,17.0,0.001088
RDN/BTC,1555126111109,2019-04-13T03:28:31.109Z,buy,6.417e-05,23.0,0.00147591
RDN/BTC,1555126113161,2019-04-13T03:28:33.161Z,buy,6.416e-05,325.0,0.020852
RDN/BTC,1555126113161,2019-04-13T03:28:33.161Z,buy,6.416e-05,325.0,0.020852
RDN/BTC,1555126449534,2019-04-13T03:34:09.534Z,buy,6.416e-05,29.0,0.0018606399999999
RDN/BTC,1555126458207,2019-04-13T03:34:18.207Z,buy,6.434e-05,46.0,0.00295964
RDN/BTC,1555126458233,2019-04-13T03:34:18.233Z,sell,6.434e-05,170.0,0.0109378
RDN/BTC,1555126628175,2019-04-13T03:37:08.175Z,sell,6.434e-05,16.0,0.00102944
RDN/BTC,1555127315883,2019-04-13T03:48:35.883Z,buy,6.443e-05,687.0,0.04426341
RDN/BTC,1555127330187,2019-04-13T03:48:50.187Z,buy,6.446e-05,591.0,0.03809586
RDN/BTC,1555127330187,2019-04-13T03:48:50.187Z,buy,6.451e-05,243.0,0.01567593
RDN/BTC,1555127330187,2019-04-13T03:48:50.187Z,buy,6.452e-05,114.0,0.00735528
RDN/BTC,1555127699304,2019-04-13T03:54:59.304Z,sell,6.422e-05,100.0,0.006422
RDN/BTC,1555127700357,2019-04-13T03:55:00.357Z,sell,6.422e-05,100.0,0.006422
RDN/BTC,1555127722779,2019-04-13T03:55:22.779Z,sell,6.422e-05,100.0,0.006422
RDN/BTC,1555128659570,2019-04-13T04:10:59.570Z,sell,6.446e-05,49.0,0.00315854
RDN/BTC,1555128763391,2019-04-13T04:12:43.391Z,sell,6.446e-05,48.0,0.00309408
RDN/BTC,1555128872174,2019-04-13T04:14:32.174Z,buy,6.449e-05,93.0,0.00599757
RDN/BTC,1555128904151,2019-04-13T04:15:04.151Z,sell,6.424e-05,166.0,0.0106638399999999
RDN/BTC,1555128909000,2019-04-13T04:15:09.000Z,sell,6.422e-05,29.0,0.00186238
RDN/BTC,1555128909000,2019-04-13T04:15:09.000Z,sell,6.418e-05,98.0,0.00628964
RDN/BTC,1555128962935,2019-04-13T04:16:02.935Z,buy,6.448e-05,457.0,0.02946736
RDN/BTC,1555128963756,2019-04-13T04:16:03.756Z,buy,6.448e-05,146.0,0.00941408
RDN/BTC,1555128986889,2019-04-13T04:16:26.889Z,buy,6.448e-05,27.0,0.00174096
RDN/BTC,1555129008830,2019-04-13T04:16:48.830Z,buy,6.45e-05,197.0,0.0127064999999999
RDN/BTC,1555129012298,2019-04-13T04:16:52.298Z,buy,6.45e-05,17.0,0.0010964999999999
RDN/BTC,1555129315839,2019-04-13T04:21:55.839Z,sell,6.448e-05,38.0,0.00245024
RDN/BTC,1555129612889,2019-04-13T04:26:52.889Z,sell,6.424e-05,100.0,0.0064239999999999
RDN/BTC,1555129629505,2019-04-13T04:27:09.505Z,sell,6.424e-05,100.0,0.0064239999999999
RDN/BTC,1555129645475,2019-04-13T04:27:25.475Z,sell,6.424e-05,90.0,0.0057816
RDN/BTC,1555129707881,2019-04-13T04:28:27.881Z,sell,6.423e-05,70.0,0.0044961
RDN/BTC,1555129707881,2019-04-13T04:28:27.881Z,sell,6.423e-05,70.0,0.0044961
RDN/BTC,1555129864746,2019-04-13T04:31:04.746Z,sell,6.443e-05,33.0,0.00212619
RDN/BTC,1555129864746,2019-04-13T04:31:04.746Z,sell,6.417e-05,218.0,0.01398906
RDN/BTC,1555129899402,2019-04-13T04:31:39.402Z,sell,6.419e-05,50.0,0.0032094999999999
RDN/BTC,1555129974314,2019-04-13T04:32:54.314Z,sell,6.419e-05,100.0,0.0064189999999999
RDN/BTC,1555130476497,2019-04-13T04:41:16.497Z,sell,6.448e-05,50.0,0.003224
RDN/BTC,1555130947347,2019-04-13T04:49:07.347Z,sell,6.42e-05,5015.0,0.321963
RDN/BTC,1555130964765,2019-04-13T04:49:24.765Z,sell,6.42e-05,228.0,0.0146376
RDN/BTC,1555130996856,2019-04-13T04:49:56.856Z,sell,6.42e-05,2990.0,0.191958
RDN/BTC,1555131033040,2019-04-13T04:50:33.040Z,sell,6.419e-05,979.0,0.0628420099999999
RDN/BTC,1555131379539,2019-04-13T04:56:19.539Z,sell,6.419e-05,56.0,0.0035946399999999
RDN/BTC,1555131429868,2019-04-13T04:57:09.868Z,buy,6.448e-05,225.0,0.014508
RDN/BTC,1555131429868,2019-04-13T04:57:09.868Z,buy,6.449e-05,550.0,0.0354695
RDN/BTC,1555131471115,2019-04-13T04:57:51.115Z,buy,6.45e-05,16.0,0.001032
RDN/BTC,1555132278669,2019-04-13T05:11:18.669Z,sell,6.419e-05,17.0,0.0010912299999999
RDN/BTC,1555132324520,2019-04-13T05:12:04.520Z,sell,6.419e-05,29.0,0.0018615099999999
RDN/BTC,1555132362489,2019-04-13T05:12:42.489Z,buy,6.443e-05,212.0,0.01365916
RDN/BTC,1555132362564,2019-04-13T05:12:42.564Z,buy,6.444e-05,800.0,0.051552
RDN/BTC,1555132362824,2019-04-13T05:12:42.824Z,buy,6.444e-05,33.0,0.00212652
RDN/BTC,1555132362824,2019-04-13T05:12:42.824Z,buy,6.449e-05,69.0,0.00444981
RDN/BTC,1555132363030,2019-04-13T05:12:43.030Z,buy,6.449e-05,600.0,0.038694
RDN/BTC,1555132363054,2019-04-13T05:12:43.054Z,buy,6.449e-05,308.0,0.01986292
RDN/BTC,1555132363080,2019-04-13T05:12:43.080Z,buy,6.449e-05,45.0,0.00290205
RDN/BTC,1555132363080,2019-04-13T05:12:43.080Z,buy,6.45e-05,1112.0,0.071724
RDN/BTC,1555132363080,2019-04-13T05:12:43.080Z,buy,6.452e-05,151.0,0.00974252
RDN/BTC,1555132363488,2019-04-13T05:12:43.488Z,sell,6.444e-05,42.0,0.00270648
RDN/BTC,1555132364196,2019-04-13T05:12:44.196Z,buy,6.449e-05,511.0,0.03295439
RDN/BTC,1555132365946,2019-04-13T05:12:45.946Z,buy,6.451e-05,158.0,0.01019258
RDN/BTC,1555132365953,2019-04-13T05:12:45.953Z,buy,6.451e-05,656.0,0.04231856
RDN/BTC,1555132365953,2019-04-13T05:12:45.953Z,buy,6.452e-05,50.0,0.003226
RDN/BTC,1555132365953,2019-04-13T05:12:45.953Z,buy,6.458e-05,24.0,0.0015499199999999
RDN/BTC,1555132365953,2019-04-13T05:12:45.953Z,buy,6.46e-05,255.0,0.0164729999999999
RDN/BTC,1555132365953,2019-04-13T05:12:45.953Z,buy,6.461e-05,476.0,0.03075436
RDN/BTC,1555132365953,2019-04-13T05:12:45.953Z,buy,6.47e-05,28.0,0.0018116
RDN/BTC,1555132365953,2019-04-13T05:12:45.953Z,buy,6.476e-05,46.0,0.0029789599999999
RDN/BTC,1555132365953,2019-04-13T05:12:45.953Z,buy,6.477e-05,65.0,0.00421005
RDN/BTC,1555132366041,2019-04-13T05:12:46.041Z,buy,6.476e-05,30.0,0.0019428
RDN/BTC,1555132366840,2019-04-13T05:12:46.840Z,buy,6.476e-05,600.0,0.0388559999999999
RDN/BTC,1555132368010,2019-04-13T05:12:48.010Z,buy,6.476e-05,410.0,0.0265515999999999
RDN/BTC,1555132368010,2019-04-13T05:12:48.010Z,buy,6.477e-05,1130.0,0.0731901
RDN/BTC,1555132372959,2019-04-13T05:12:52.959Z,buy,6.477e-05,67.0,0.00433959
RDN/BTC,1555132395900,2019-04-13T05:13:15.900Z,buy,6.477e-05,263.0,0.01703451
RDN/BTC,1555132508504,2019-04-13T05:15:08.504Z,sell,6.45e-05,67.0,0.0043215
RDN/BTC,1555132921734,2019-04-13T05:22:01.734Z,sell,6.421e-05,433.0,0.02780293
RDN/BTC,1555132991591,2019-04-13T05:23:11.591Z,buy,6.436e-05,32.0,0.00205952
RDN/BTC,1555132991591,2019-04-13T05:23:11.591Z,buy,6.45e-05,107.0,0.0069015
RDN/BTC,1555132991591,2019-04-13T05:23:11.591Z,buy,6.455e-05,94.0,0.0060677
RDN/BTC,1555132991591,2019-04-13T05:23:11.591Z,buy,6.436e-05,32.0,0.00205952
RDN/BTC,1555132991591,2019-04-13T05:23:11.591Z,buy,6.45e-05,107.0,0.0069015
RDN/BTC,1555132991591,2019-04-13T05:23:11.591Z,buy,6.455e-05,94.0,0.0060677
RDN/BTC,1555134078049,2019-04-13T05:41:18.049Z,sell,6.44e-05,35.0,0.002254
RDN/BTC,1555134128869,2019-04-13T05:42:08.869Z,sell,6.436e-05,35.0,0.0022526
RDN/BTC,1555134669105,2019-04-13T05:51:09.105Z,sell,6.445e-05,37.0,0.00238465
RDN/BTC,1555134724950,2019-04-13T05:52:04.950Z,sell,6.445e-05,381.0,0.02455545
RDN/BTC,1555134736092,2019-04-13T05:52:16.092Z,buy,6.455e-05,154.0,0.0099407
RDN/BTC,1555135257716,2019-04-13T06:00:57.716Z,sell,6.453e-05,35.0,0.00225855
RDN/BTC,1555135259978,2019-04-13T06:00:59.978Z,sell,6.453e-05,29.0,0.0018713699999999
RDN/BTC,1555135465400,2019-04-13T06:04:25.400Z,buy,6.455e-05,154.0,0.0099407
RDN/BTC,1555135796568,2019-04-13T06:09:56.568Z,buy,6.455e-05,24.0,0.0015492
RDN/BTC,1555136076049,2019-04-13T06:14:36.049Z,sell,6.453e-05,28.0,0.0018068399999999
RDN/BTC,1555136454580,2019-04-13T06:20:54.580Z,buy,6.455e-05,56.0,0.0036147999999999
RDN/BTC,1555136454580,2019-04-13T06:20:54.580Z,buy,6.477e-05,1093.0,0.07079361
RDN/BTC,1555136454993,2019-04-13T06:20:54.993Z,sell,6.477e-05,89.0,0.00576453
RDN/BTC,1555136455000,2019-04-13T06:20:55.000Z,sell,6.477e-05,697.0,0.04514469
RDN/BTC,1555136475368,2019-04-13T06:21:15.368Z,buy,6.47e-05,16.0,0.0010352
RDN/BTC,1555136475368,2019-04-13T06:21:15.368Z,buy,6.483e-05,144.0,0.00933552
RDN/BTC,1555136475368,2019-04-13T06:21:15.368Z,buy,6.489e-05,20.0,0.0012978
RDN/BTC,1555136475368,2019-04-13T06:21:15.368Z,buy,6.491e-05,1025.0,0.06653275
RDN/BTC,1555136475368,2019-04-13T06:21:15.368Z,buy,6.494e-05,194.0,0.01259836
RDN/BTC,1555136475368,2019-04-13T06:21:15.368Z,buy,6.495e-05,77.0,0.00500115
RDN/BTC,1555136475395,2019-04-13T06:21:15.395Z,sell,6.498e-05,393.0,0.02553714
RDN/BTC,1555136475414,2019-04-13T06:21:15.414Z,sell,6.498e-05,24.0,0.00155952
RDN/BTC,1555136475431,2019-04-13T06:21:15.431Z,sell,6.498e-05,150.0,0.009747
RDN/BTC,1555136476158,2019-04-13T06:21:16.158Z,sell,6.498e-05,152.0,0.00987696
RDN/BTC,1555136476262,2019-04-13T06:21:16.262Z,sell,6.498e-05,120.0,0.0077976
RDN/BTC,1555136476342,2019-04-13T06:21:16.342Z,sell,6.498e-05,105.0,0.0068229
RDN/BTC,1555136476385,2019-04-13T06:21:16.385Z,sell,6.498e-05,72.0,0.00467856
RDN/BTC,1555136476854,2019-04-13T06:21:16.854Z,sell,6.498e-05,28.0,0.00181944
RDN/BTC,1555136477850,2019-04-13T06:21:17.850Z,sell,6.498e-05,26.0,0.00168948
RDN/BTC,1555136479303,2019-04-13T06:21:19.303Z,sell,6.498e-05,420.0,0.0272916
RDN/BTC,1555136479303,2019-04-13T06:21:19.303Z,sell,6.474e-05,472.0,0.0305572799999999
RDN/BTC,1555136479352,2019-04-13T06:21:19.352Z,sell,6.474e-05,142.0,0.00919308
RDN/BTC,1555136481052,2019-04-13T06:21:21.052Z,sell,6.466e-05,16.0,0.00103456
RDN/BTC,1555136505525,2019-04-13T06:21:45.525Z,sell,6.471e-05,22.0,0.00142362
RDN/BTC,1555136505525,2019-04-13T06:21:45.525Z,sell,6.471e-05,22.0,0.00142362
RDN/BTC,1555136602059,2019-04-13T06:23:22.059Z,sell,6.462e-05,37.0,0.00239094
RDN/BTC,1555136977253,2019-04-13T06:29:37.253Z,sell,6.463e-05,23.0,0.0014864899999999
RDN/BTC,1555137944545,2019-04-13T06:45:44.545Z,buy,6.478e-05,16.0,0.00103648
RDN/BTC,1555137947558,2019-04-13T06:45:47.558Z,buy,6.495e-05,146.0,0.0094827
RDN/BTC,1555137986711,2019-04-13T06:46:26.711Z,sell,6.464e-05,232.0,0.01499648
RDN/BTC,1555138013832,2019-04-13T06:46:53.832Z,sell,6.464e-05,325.0,0.021008
RDN/BTC,1555138065569,2019-04-13T06:47:45.569Z,sell,6.469e-05,124.0,0.00802156
RDN/BTC,1555138065569,2019-04-13T06:47:45.569Z,sell,6.468e-05,812.0,0.0525201599999999
RDN/BTC,1555138065569,2019-04-13T06:47:45.569Z,sell,6.464e-05,64.0,0.00413696
RDN/BTC,1555138172060,2019-04-13T06:49:32.060Z,buy,6.489e-05,16.0,0.00103824
RDN/BTC,1555138172060,2019-04-13T06:49:32.060Z,buy,6.502e-05,135.0,0.0087777
RDN/BTC,1555138279606,2019-04-13T06:51:19.606Z,sell,6.469e-05,38.0,0.00245822
RDN/BTC,1555138290121,2019-04-13T06:51:30.121Z,sell,6.465e-05,18.0,0.0011637
RDN/BTC,1555138477379,2019-04-13T06:54:37.379Z,sell,6.469e-05,35.0,0.00226415
RDN/BTC,1555138655632,2019-04-13T06:57:35.632Z,sell,6.47e-05,150.0,0.009705
RDN/BTC,1555138695714,2019-04-13T06:58:15.714Z,buy,6.47e-05,463.0,0.0299561
RDN/BTC,1555138855050,2019-04-13T07:00:55.050Z,sell,6.47e-05,80.0,0.005176
RDN/BTC,1555138936280,2019-04-13T07:02:16.280Z,sell,6.47e-05,90.0,0.005823
RDN/BTC,1555139342962,2019-04-13T07:09:02.962Z,buy,6.504e-05,763.0,0.04962552
RDN/BTC,1555139342990,2019-04-13T07:09:02.990Z,sell,6.504e-05,93.0,0.00604872
RDN/BTC,1555139342998,2019-04-13T07:09:02.998Z,sell,6.504e-05,93.0,0.00604872
RDN/BTC,1555139343016,2019-04-13T07:09:03.016Z,sell,6.504e-05,186.0,0.01209744
RDN/BTC,1555139343038,2019-04-13T07:09:03.038Z,sell,6.504e-05,499.0,0.03245496
RDN/BTC,1555139343193,2019-04-13T07:09:03.193Z,sell,6.504e-05,64.0,0.00416256
RDN/BTC,1555139343722,2019-04-13T07:09:03.722Z,sell,6.504e-05,28.0,0.00182112
RDN/BTC,1555139344071,2019-04-13T07:09:04.071Z,sell,6.504e-05,25.0,0.001626
RDN/BTC,1555139345467,2019-04-13T07:09:05.467Z,sell,6.504e-05,24.0,0.00156096
RDN/BTC,1555139345699,2019-04-13T07:09:05.699Z,sell,6.504e-05,22.0,0.00143088
RDN/BTC,1555139346177,2019-04-13T07:09:06.177Z,sell,6.504e-05,27.0,0.00175608
RDN/BTC,1555139348278,2019-04-13T07:09:08.278Z,sell,6.504e-05,24.0,0.00156096
RDN/BTC,1555139795537,2019-04-13T07:16:35.537Z,sell,6.481e-05,25.0,0.00162025
RDN/BTC,1555139798465,2019-04-13T07:16:38.465Z,sell,6.481e-05,24.0,0.00155544
RDN/BTC,1555139802787,2019-04-13T07:16:42.787Z,sell,6.48e-05,38.0,0.0024624
RDN/BTC,1555140020538,2019-04-13T07:20:20.538Z,sell,6.48e-05,193.0,0.0125064
RDN/BTC,1555140020538,2019-04-13T07:20:20.538Z,sell,6.48e-05,193.0,0.0125064
RDN/BTC,1555140281943,2019-04-13T07:24:41.943Z,sell,6.481e-05,24.0,0.00155544
RDN/BTC,1555140322844,2019-04-13T07:25:22.844Z,sell,6.482e-05,23.0,0.00149086
RDN/BTC,1555140322844,2019-04-13T07:25:22.844Z,sell,6.481e-05,19.0,0.00123139
RDN/BTC,1555140748210,2019-04-13T07:32:28.210Z,buy,6.494e-05,73.0,0.00474062
RDN/BTC,1555140967306,2019-04-13T07:36:07.306Z,buy,6.494e-05,155.0,0.0100657
RDN/BTC,1555140968606,2019-04-13T07:36:08.606Z,sell,6.494e-05,24.0,0.00155856
RDN/BTC,1555140969155,2019-04-13T07:36:09.155Z,sell,6.494e-05,23.0,0.00149362
RDN/BTC,1555140970016,2019-04-13T07:36:10.016Z,sell,6.494e-05,60.0,0.0038964
RDN/BTC,1555140970584,2019-04-13T07:36:10.584Z,sell,6.494e-05,53.0,0.00344182
RDN/BTC,1555140974572,2019-04-13T07:36:14.572Z,sell,6.494e-05,23.0,0.00149362
RDN/BTC,1555140976852,2019-04-13T07:36:16.852Z,sell,6.494e-05,46.0,0.00298724
RDN/BTC,1555140976852,2019-04-13T07:36:16.852Z,sell,6.481e-05,23.0,0.00149063
RDN/BTC,1555141248731,2019-04-13T07:40:48.731Z,sell,6.482e-05,24.0,0.00155568
RDN/BTC,1555141248773,2019-04-13T07:40:48.773Z,sell,6.482e-05,25.0,0.0016205
RDN/BTC,1555141274996,2019-04-13T07:41:14.996Z,sell,6.484e-05,27.0,0.00175068
RDN/BTC,1555141585235,2019-04-13T07:46:25.235Z,sell,6.495e-05,30.0,0.0019485
RDN/BTC,1555141586159,2019-04-13T07:46:26.159Z,sell,6.495e-05,24.0,0.0015588
RDN/BTC,1555141592423,2019-04-13T07:46:32.423Z,sell,6.495e-05,45.0,0.00292275
RDN/BTC,1555141593089,2019-04-13T07:46:33.089Z,sell,6.495e-05,24.0,0.0015588
RDN/BTC,1555141593208,2019-04-13T07:46:33.208Z,sell,6.495e-05,28.0,0.0018186
RDN/BTC,1555141597644,2019-04-13T07:46:37.644Z,sell,6.495e-05,27.0,0.00175365
RDN/BTC,1555141649989,2019-04-13T07:47:29.989Z,sell,6.495e-05,31.0,0.00201345
RDN/BTC,1555141807996,2019-04-13T07:50:07.996Z,sell,6.495e-05,16.0,0.0010392
RDN/BTC,1555142902964,2019-04-13T08:08:22.964Z,buy,6.503e-05,23.0,0.00149569
RDN/BTC,1555142903059,2019-04-13T08:08:23.059Z,sell,6.503e-05,24.0,0.00156072
RDN/BTC,1555142903189,2019-04-13T08:08:23.189Z,sell,6.503e-05,1091.0,0.07094773
RDN/BTC,1555142903391,2019-04-13T08:08:23.391Z,sell,6.503e-05,193.0,0.01255079
RDN/BTC,1555142904442,2019-04-13T08:08:24.442Z,sell,6.503e-05,51.0,0.00331653
RDN/BTC,1555142906979,2019-04-13T08:08:26.979Z,sell,6.503e-05,24.0,0.00156072
RDN/BTC,1555142911454,2019-04-13T08:08:31.454Z,sell,6.503e-05,24.0,0.00156072
RDN/BTC,1555142912495,2019-04-13T08:08:32.495Z,sell,6.503e-05,25.0,0.00162575
RDN/BTC,1555142913533,2019-04-13T08:08:33.533Z,sell,6.503e-05,41.0,0.00266623
RDN/BTC,1555142913892,2019-04-13T08:08:33.892Z,sell,6.503e-05,52.0,0.00338156
RDN/BTC,1555142916671,2019-04-13T08:08:36.671Z,sell,6.503e-05,159.0,0.01033977
RDN/BTC,1555142918462,2019-04-13T08:08:38.462Z,sell,6.503e-05,27.0,0.00175581
RDN/BTC,1555142925834,2019-04-13T08:08:45.834Z,sell,6.503e-05,27.0,0.00175581
RDN/BTC,1555142927338,2019-04-13T08:08:47.338Z,sell,6.503e-05,28.0,0.00182084
RDN/BTC,1555142941345,2019-04-13T08:09:01.345Z,sell,6.503e-05,23.0,0.00149569
RDN/BTC,1555143058989,2019-04-13T08:10:58.989Z,sell,6.503e-05,57.0,0.00370671
RDN/BTC,1555143063871,2019-04-13T08:11:03.871Z,sell,6.503e-05,847.0,0.05508041
RDN/BTC,1555143509755,2019-04-13T08:18:29.755Z,buy,6.506e-05,19.0,0.00123614
RDN/BTC,1555143509755,2019-04-13T08:18:29.755Z,buy,6.509e-05,23.0,0.00149707
RDN/BTC,1555143509755,2019-04-13T08:18:29.755Z,buy,6.51e-05,23.0,0.0014973
RDN/BTC,1555143509755,2019-04-13T08:18:29.755Z,buy,6.518e-05,23.0,0.00149914
RDN/BTC,1555143509755,2019-04-13T08:18:29.755Z,buy,6.519e-05,20.0,0.0013038
RDN/BTC,1555143509755,2019-04-13T08:18:29.755Z,buy,6.525e-05,1588.0,0.103617
RDN/BTC,1555143509755,2019-04-13T08:18:29.755Z,buy,6.506e-05,19.0,0.00123614
RDN/BTC,1555143509755,2019-04-13T08:18:29.755Z,buy,6.509e-05,23.0,0.00149707
RDN/BTC,1555143509755,2019-04-13T08:18:29.755Z,buy,6.51e-05,23.0,0.0014973
RDN/BTC,1555143509755,2019-04-13T08:18:29.755Z,buy,6.518e-05,23.0,0.00149914
RDN/BTC,1555143509755,2019-04-13T08:18:29.755Z,buy,6.519e-05,20.0,0.0013038
RDN/BTC,1555143509755,2019-04-13T08:18:29.755Z,buy,6.525e-05,1588.0,0.103617
RDN/BTC,1555143867412,2019-04-13T08:24:27.412Z,buy,6.528e-05,23.0,0.00150144
RDN/BTC,1555143888131,2019-04-13T08:24:48.131Z,sell,6.506e-05,30.0,0.0019518
RDN/BTC,1555143892831,2019-04-13T08:24:52.831Z,sell,6.506e-05,316.0,0.02055896
RDN/BTC,1555143892831,2019-04-13T08:24:52.831Z,sell,6.505e-05,979.0,0.0636839499999999
RDN/BTC,1555143892831,2019-04-13T08:24:52.831Z,sell,6.503e-05,10710.0,0.6964713
RDN/BTC,1555143896198,2019-04-13T08:24:56.198Z,sell,6.506e-05,48.0,0.00312288
RDN/BTC,1555144021815,2019-04-13T08:27:01.815Z,sell,6.517e-05,36.0,0.00234612
RDN/BTC,1555144023160,2019-04-13T08:27:03.160Z,sell,6.517e-05,24.0,0.00156408
RDN/BTC,1555144033842,2019-04-13T08:27:13.842Z,sell,6.517e-05,23.0,0.00149891
RDN/BTC,1555144038478,2019-04-13T08:27:18.478Z,sell,6.517e-05,23.0,0.00149891
RDN/BTC,1555144038847,2019-04-13T08:27:18.847Z,sell,6.517e-05,222.0,0.01446774
RDN/BTC,1555144039783,2019-04-13T08:27:19.783Z,sell,6.517e-05,24.0,0.00156408
RDN/BTC,1555144042413,2019-04-13T08:27:22.413Z,sell,6.517e-05,24.0,0.00156408
RDN/BTC,1555144045032,2019-04-13T08:27:25.032Z,buy,6.526e-05,100.0,0.006526
RDN/BTC,1555144048290,2019-04-13T08:27:28.290Z,buy,6.526e-05,307.0,0.02003482
RDN/BTC,1555144048290,2019-04-13T08:27:28.290Z,buy,6.529e-05,363.0,0.02370027
RDN/BTC,1555144048290,2019-04-13T08:27:28.290Z,buy,6.53e-05,1119.0,0.0730707
RDN/BTC,1555144052933,2019-04-13T08:27:32.933Z,sell,6.531e-05,122.0,0.0079678199999999
RDN/BTC,1555144053143,2019-04-13T08:27:33.143Z,sell,6.531e-05,124.0,0.00809844
RDN/BTC,1555144053687,2019-04-13T08:27:33.687Z,buy,6.533e-05,4368.0,0.28536144
RDN/BTC,1555144055015,2019-04-13T08:27:35.015Z,sell,6.53e-05,66.0,0.0043098
RDN/BTC,1555144055938,2019-04-13T08:27:35.938Z,sell,6.53e-05,33.0,0.0021549
RDN/BTC,1555144085439,2019-04-13T08:28:05.439Z,sell,6.53e-05,63.0,0.0041139
RDN/BTC,1555144087349,2019-04-13T08:28:07.349Z,sell,6.53e-05,27.0,0.0017631
RDN/BTC,1555144178622,2019-04-13T08:29:38.622Z,sell,6.53e-05,63.0,0.0041139
RDN/BTC,1555144183918,2019-04-13T08:29:43.918Z,sell,6.53e-05,59.0,0.0038527
RDN/BTC,1555144540744,2019-04-13T08:35:40.744Z,sell,6.53e-05,2285.0,0.1492105
RDN/BTC,1555144671353,2019-04-13T08:37:51.353Z,sell,6.493e-05,126.0,0.00818118
RDN/BTC,1555144671353,2019-04-13T08:37:51.353Z,sell,6.491e-05,35.0,0.00227185
RDN/BTC,1555144671398,2019-04-13T08:37:51.398Z,buy,6.493e-05,70.0,0.0045451
RDN/BTC,1555144671398,2019-04-13T08:37:51.398Z,buy,6.499e-05,3.0,0.0001949699999999
RDN/BTC,1555144671475,2019-04-13T08:37:51.475Z,buy,6.499e-05,53.0,0.00344447
RDN/BTC,1555144671475,2019-04-13T08:37:51.475Z,buy,6.499e-05,126.0,0.00818874
RDN/BTC,1555144671519,2019-04-13T08:37:51.519Z,buy,6.499e-05,51.0,0.00331449
RDN/BTC,1555145057384,2019-04-13T08:44:17.384Z,sell,6.49e-05,30.0,0.001947
RDN/BTC,1555145057384,2019-04-13T08:44:17.384Z,sell,6.482e-05,623.0,0.04038286
RDN/BTC,1555145057384,2019-04-13T08:44:17.384Z,sell,6.481e-05,2392.0,0.15502552
RDN/BTC,1555145057384,2019-04-13T08:44:17.384Z,sell,6.48e-05,1038.0,0.0672624
RDN/BTC,1555145057406,2019-04-13T08:44:17.406Z,buy,6.48e-05,462.0,0.0299376
RDN/BTC,1555145057428,2019-04-13T08:44:17.428Z,buy,6.48e-05,85.0,0.005508
RDN/BTC,1555145057431,2019-04-13T08:44:17.431Z,buy,6.48e-05,41.0,0.0026568
RDN/BTC,1555145057450,2019-04-13T08:44:17.450Z,buy,6.48e-05,62.0,0.0040176
RDN/BTC,1555145057874,2019-04-13T08:44:17.874Z,buy,6.48e-05,30.0,0.001944
RDN/BTC,1555145059350,2019-04-13T08:44:19.350Z,buy,6.48e-05,639.0,0.0414072
RDN/BTC,1555145060270,2019-04-13T08:44:20.270Z,buy,6.48e-05,271.0,0.0175608
RDN/BTC,1555145060622,2019-04-13T08:44:20.622Z,buy,6.48e-05,2.0,0.0001296
RDN/BTC,1555145061048,2019-04-13T08:44:21.048Z,buy,6.48e-05,61.0,0.0039528
RDN/BTC,1555145062473,2019-04-13T08:44:22.473Z,buy,6.48e-05,498.0,0.0322704
RDN/BTC,1555145062564,2019-04-13T08:44:22.564Z,buy,6.48e-05,153.0,0.0099144
RDN/BTC,1555145062820,2019-04-13T08:44:22.820Z,buy,6.48e-05,78.0,0.0050544
RDN/BTC,1555145062975,2019-04-13T08:44:22.975Z,buy,6.48e-05,540.0,0.034992
RDN/BTC,1555145063787,2019-04-13T08:44:23.787Z,buy,6.48e-05,376.0,0.0243648
RDN/BTC,1555145063997,2019-04-13T08:44:23.997Z,buy,6.48e-05,210.0,0.013608
RDN/BTC,1555145064275,2019-04-13T08:44:24.275Z,buy,6.48e-05,217.0,0.0140616
RDN/BTC,1555145067139,2019-04-13T08:44:27.139Z,buy,6.48e-05,47.0,0.0030456
RDN/BTC,1555145067425,2019-04-13T08:44:27.425Z,buy,6.48e-05,90.0,0.005832
RDN/BTC,1555145067497,2019-04-13T08:44:27.497Z,buy,6.48e-05,679.0,0.0439992
RDN/BTC,1555145068531,2019-04-13T08:44:28.531Z,buy,6.48e-05,30.0,0.001944
RDN/BTC,1555145069834,2019-04-13T08:44:29.834Z,buy,6.48e-05,90.0,0.005832
RDN/BTC,1555145262337,2019-04-13T08:47:42.337Z,buy,6.499e-05,100.0,0.006499
RDN/BTC,1555145833841,2019-04-13T08:57:13.841Z,buy,6.483e-05,39.0,0.00252837
RDN/BTC,1555146168402,2019-04-13T09:02:48.402Z,sell,6.484e-05,131.0,0.00849404
RDN/BTC,1555146552014,2019-04-13T09:09:12.014Z,sell,6.486e-05,16.0,0.00103776
RDN/BTC,1555146788437,2019-04-13T09:13:08.437Z,buy,6.486e-05,17.0,0.00110262
RDN/BTC,1555146971493,2019-04-13T09:16:11.493Z,buy,6.486e-05,17.0,0.00110262
RDN/BTC,1555146971493,2019-04-13T09:16:11.493Z,buy,6.486e-05,17.0,0.00110262
RDN/BTC,1555147235728,2019-04-13T09:20:35.728Z,buy,6.486e-05,174.0,0.01128564
RDN/BTC,1555147259773,2019-04-13T09:20:59.773Z,buy,6.489e-05,37.0,0.00240093
RDN/BTC,1555147273424,2019-04-13T09:21:13.424Z,sell,6.489e-05,37.0,0.00240093
RDN/BTC,1555147296437,2019-04-13T09:21:36.437Z,buy,6.499e-05,153.0,0.00994347
RDN/BTC,1555147299926,2019-04-13T09:21:39.926Z,sell,6.499e-05,17.0,0.00110483
RDN/BTC,1555147335293,2019-04-13T09:22:15.293Z,buy,6.499e-05,17.0,0.00110483
RDN/BTC,1555147335296,2019-04-13T09:22:15.296Z,sell,6.499e-05,37.0,0.00240463
RDN/BTC,1555147336139,2019-04-13T09:22:16.139Z,sell,6.499e-05,90.0,0.0058491
RDN/BTC,1555147368268,2019-04-13T09:22:48.268Z,buy,6.512e-05,285.0,0.0185592
RDN/BTC,1555147368268,2019-04-13T09:22:48.268Z,buy,6.513e-05,946.0,0.06161298
RDN/BTC,1555147368268,2019-04-13T09:22:48.268Z,buy,6.514e-05,246.0,0.01602444
RDN/BTC,1555147426658,2019-04-13T09:23:46.658Z,sell,6.513e-05,30.0,0.0019538999999999
RDN/BTC,1555147465568,2019-04-13T09:24:25.568Z,sell,6.513e-05,20.0,0.0013026
RDN/BTC,1555147466577,2019-04-13T09:24:26.577Z,sell,6.513e-05,20.0,0.0013026
RDN/BTC,1555147619619,2019-04-13T09:26:59.619Z,sell,6.514e-05,20.0,0.0013028
RDN/BTC,1555147647880,2019-04-13T09:27:27.880Z,sell,6.499e-05,50.0,0.0032495
RDN/BTC,1555147863373,2019-04-13T09:31:03.373Z,sell,6.534e-05,32.0,0.00209088
RDN/BTC,1555148023924,2019-04-13T09:33:43.924Z,buy,6.508e-05,59.0,0.0038397199999999
RDN/BTC,1555148023924,2019-04-13T09:33:43.924Z,buy,6.511e-05,446.0,0.02903906
RDN/BTC,1555148112073,2019-04-13T09:35:12.073Z,buy,6.511e-05,1832.0,0.11928152
RDN/BTC,1555148112073,2019-04-13T09:35:12.073Z,buy,6.53e-05,373.0,0.0243569
RDN/BTC,1555148112073,2019-04-13T09:35:12.073Z,buy,6.531e-05,295.0,0.0192664499999999
RDN/BTC,1555148354226,2019-04-13T09:39:14.226Z,buy,6.536e-05,864.0,0.05647104
RDN/BTC,1555148354226,2019-04-13T09:39:14.226Z,buy,6.547e-05,20.0,0.0013093999999999
RDN/BTC,1555148354226,2019-04-13T09:39:14.226Z,buy,6.549e-05,400.0,0.026196
RDN/BTC,1555148354226,2019-04-13T09:39:14.226Z,buy,6.55e-05,1017.0,0.0666135
RDN/BTC,1555148354226,2019-04-13T09:39:14.226Z,buy,6.555e-05,20.0,0.0013109999999999
RDN/BTC,1555148354226,2019-04-13T09:39:14.226Z,buy,6.577e-05,23.0,0.00151271
RDN/BTC,1555148354236,2019-04-13T09:39:14.236Z,buy,6.577e-05,14.0,0.00092078
RDN/BTC,1555148354236,2019-04-13T09:39:14.236Z,buy,6.584e-05,197.0,0.01297048
RDN/BTC,1555148354236,2019-04-13T09:39:14.236Z,buy,6.587e-05,27.0,0.00177849
RDN/BTC,1555148354236,2019-04-13T09:39:14.236Z,buy,6.592e-05,508.0,0.03348736
RDN/BTC,1555148354236,2019-04-13T09:39:14.236Z,buy,6.593e-05,31.0,0.00204383
RDN/BTC,1555148354236,2019-04-13T09:39:14.236Z,buy,6.594e-05,2319.0,0.1529148599999999
RDN/BTC,1555148354328,2019-04-13T09:39:14.328Z,sell,6.569e-05,152.0,0.00998488
RDN/BTC,1555148354330,2019-04-13T09:39:14.330Z,sell,6.569e-05,152.0,0.00998488
RDN/BTC,1555148354332,2019-04-13T09:39:14.332Z,sell,6.569e-05,152.0,0.00998488
RDN/BTC,1555148354333,2019-04-13T09:39:14.333Z,sell,6.569e-05,152.0,0.00998488
RDN/BTC,1555148354350,2019-04-13T09:39:14.350Z,buy,6.577e-05,456.0,0.02999112
RDN/BTC,1555148354352,2019-04-13T09:39:14.352Z,sell,6.569e-05,152.0,0.00998488
RDN/BTC,1555148354354,2019-04-13T09:39:14.354Z,sell,6.569e-05,159.0,0.01044471
RDN/BTC,1555148354374,2019-04-13T09:39:14.374Z,sell,6.569e-05,152.0,0.00998488
RDN/BTC,1555148354381,2019-04-13T09:39:14.381Z,sell,6.569e-05,68.0,0.00446692
RDN/BTC,1555148354413,2019-04-13T09:39:14.413Z,sell,6.569e-05,118.0,0.00775142
RDN/BTC,1555148354413,2019-04-13T09:39:14.413Z,sell,6.569e-05,469.0,0.03080861
RDN/BTC,1555148354422,2019-04-13T09:39:14.422Z,sell,6.569e-05,238.0,0.01563422
RDN/BTC,1555148355011,2019-04-13T09:39:15.011Z,sell,6.569e-05,121.0,0.00794849
RDN/BTC,1555148355703,2019-04-13T09:39:15.703Z,sell,6.575e-05,181.0,0.01190075
RDN/BTC,1555148355859,2019-04-13T09:39:15.859Z,buy,6.591e-05,22.0,0.00145002
RDN/BTC,1555148356448,2019-04-13T09:39:16.448Z,sell,6.575e-05,340.0,0.022355
RDN/BTC,1555148356566,2019-04-13T09:39:16.566Z,sell,6.575e-05,201.0,0.01321575
RDN/BTC,1555148356606,2019-04-13T09:39:16.606Z,buy,6.591e-05,119.0,0.00784329
RDN/BTC,1555148357305,2019-04-13T09:39:17.305Z,sell,6.575e-05,43.0,0.00282725
RDN/BTC,1555148357476,2019-04-13T09:39:17.476Z,sell,6.575e-05,145.0,0.00953375
RDN/BTC,1555148357476,2019-04-13T09:39:17.476Z,sell,6.569e-05,65.0,0.00426985
RDN/BTC,1555148357621,2019-04-13T09:39:17.621Z,sell,6.569e-05,126.0,0.00827694
RDN/BTC,1555148358735,2019-04-13T09:39:18.735Z,buy,6.575e-05,18.0,0.0011835
RDN/BTC,1555148358859,2019-04-13T09:39:18.859Z,buy,6.575e-05,22.0,0.0014464999999999
RDN/BTC,1555148358859,2019-04-13T09:39:18.859Z,buy,6.576e-05,7.0,0.0004603199999999
RDN/BTC,1555148360301,2019-04-13T09:39:20.301Z,sell,6.569e-05,42.0,0.00275898
RDN/BTC,1555148360301,2019-04-13T09:39:20.301Z,sell,6.556e-05,1.0,6.556e-05
RDN/BTC,1555148364894,2019-04-13T09:39:24.894Z,sell,6.556e-05,120.0,0.0078672
RDN/BTC,1555148366572,2019-04-13T09:39:26.572Z,sell,6.549e-05,23.0,0.0015062699999999
RDN/BTC,1555148383951,2019-04-13T09:39:43.951Z,sell,6.549e-05,7.0,0.00045843
RDN/BTC,1555148391691,2019-04-13T09:39:51.691Z,buy,6.549e-05,1576.0,0.10321224
RDN/BTC,1555148391691,2019-04-13T09:39:51.691Z,buy,6.556e-05,256.0,0.01678336
RDN/BTC,1555148391691,2019-04-13T09:39:51.691Z,buy,6.557e-05,40.0,0.0026228
RDN/BTC,1555148391691,2019-04-13T09:39:51.691Z,buy,6.58e-05,586.0,0.0385588
RDN/BTC,1555148414111,2019-04-13T09:40:14.111Z,buy,6.569e-05,30.0,0.0019707
RDN/BTC,1555148544768,2019-04-13T09:42:24.768Z,sell,6.547e-05,30.0,0.0019641
RDN/BTC,1555148545565,2019-04-13T09:42:25.565Z,buy,6.568e-05,465.0,0.0305411999999999
RDN/BTC,1555148776137,2019-04-13T09:46:16.137Z,sell,6.545e-05,37.0,0.00242165
RDN/BTC,1555148800035,2019-04-13T09:46:40.035Z,sell,6.545e-05,44.0,0.0028798
RDN/BTC,1555148821122,2019-04-13T09:47:01.122Z,sell,6.545e-05,157.0,0.01027565
RDN/BTC,1555148836863,2019-04-13T09:47:16.863Z,sell,6.544e-05,55.0,0.0035992
RDN/BTC,1555148856011,2019-04-13T09:47:36.011Z,sell,6.544e-05,99.0,0.0064785599999999
RDN/BTC,1555148993195,2019-04-13T09:49:53.195Z,buy,6.544e-05,335.0,0.0219223999999999
RDN/BTC,1555149055039,2019-04-13T09:50:55.039Z,buy,6.544e-05,40.0,0.0026176
RDN/BTC,1555149354939,2019-04-13T09:55:54.939Z,sell,6.536e-05,309.0,0.02019624
RDN/BTC,1555149370208,2019-04-13T09:56:10.208Z,sell,6.53e-05,24.0,0.0015672
RDN/BTC,1555149399318,2019-04-13T09:56:39.318Z,sell,6.53e-05,21.0,0.0013713
RDN/BTC,1555149399318,2019-04-13T09:56:39.318Z,sell,6.525e-05,24.0,0.001566
RDN/BTC,1555149420132,2019-04-13T09:57:00.132Z,sell,6.525e-05,47.0,0.00306675
RDN/BTC,1555149601126,2019-04-13T10:00:01.126Z,buy,6.524e-05,765.0,0.0499086
RDN/BTC,1555149633255,2019-04-13T10:00:33.255Z,buy,6.524e-05,500.0,0.03262
RDN/BTC,1555149986673,2019-04-13T10:06:26.673Z,buy,6.524e-05,196.0,0.01278704
RDN/BTC,1555149991951,2019-04-13T10:06:31.951Z,buy,6.524e-05,614.0,0.04005736
RDN/BTC,1555150023419,2019-04-13T10:07:03.419Z,buy,6.558e-05,150.0,0.009837
RDN/BTC,1555150023419,2019-04-13T10:07:03.419Z,buy,6.559e-05,23.0,0.00150857
RDN/BTC,1555150543764,2019-04-13T10:15:43.764Z,buy,6.553e-05,1022.0,0.06697166
RDN/BTC,1555150543764,2019-04-13T10:15:43.764Z,buy,6.554e-05,371.0,0.02431534
RDN/BTC,1555150543764,2019-04-13T10:15:43.764Z,buy,6.553e-05,1022.0,0.06697166
RDN/BTC,1555150543764,2019-04-13T10:15:43.764Z,buy,6.554e-05,371.0,0.02431534
RDN/BTC,1555150945582,2019-04-13T10:22:25.582Z,sell,6.525e-05,30.0,0.0019575
RDN/BTC,1555150970092,2019-04-13T10:22:50.092Z,sell,6.525e-05,39.0,0.00254475
RDN/BTC,1555151027882,2019-04-13T10:23:47.882Z,sell,6.525e-05,764.0,0.049851
RDN/BTC,1555151297854,2019-04-13T10:28:17.854Z,sell,6.525e-05,417.0,0.02720925
RDN/BTC,1555151298580,2019-04-13T10:28:18.580Z,sell,6.525e-05,96.0,0.006264
RDN/BTC,1555151383910,2019-04-13T10:29:43.910Z,sell,6.525e-05,1499.0,0.09780975
RDN/BTC,1555151647741,2019-04-13T10:34:07.741Z,sell,6.513e-05,20.0,0.0013026
RDN/BTC,1555151647741,2019-04-13T10:34:07.741Z,sell,6.505e-05,150.0,0.0097574999999999
RDN/BTC,1555151647741,2019-04-13T10:34:07.741Z,sell,6.503e-05,46.0,0.00299138
RDN/BTC,1555151647741,2019-04-13T10:34:07.741Z,sell,6.502e-05,459.0,0.0298441799999999
RDN/BTC,1555151749633,2019-04-13T10:35:49.633Z,sell,6.504e-05,115.0,0.0074796
RDN/BTC,1555151947436,2019-04-13T10:39:07.436Z,buy,6.531e-05,150.0,0.0097965
RDN/BTC,1555151947464,2019-04-13T10:39:07.464Z,sell,6.532e-05,181.0,0.01182292
RDN/BTC,1555151948589,2019-04-13T10:39:08.589Z,sell,6.532e-05,150.0,0.009798
RDN/BTC,1555151958690,2019-04-13T10:39:18.690Z,sell,6.532e-05,59.0,0.00385388
RDN/BTC,1555152032222,2019-04-13T10:40:32.222Z,buy,6.529e-05,46.0,0.00300334
RDN/BTC,1555152077369,2019-04-13T10:41:17.369Z,buy,6.525e-05,102.0,0.0066555
RDN/BTC,1555152110871,2019-04-13T10:41:50.871Z,buy,6.535e-05,488.0,0.0318908
RDN/BTC,1555152111998,2019-04-13T10:41:51.998Z,buy,6.536e-05,129.0,0.00843144
RDN/BTC,1555152112346,2019-04-13T10:41:52.346Z,sell,6.535e-05,45.0,0.00294075
RDN/BTC,1555152124269,2019-04-13T10:42:04.269Z,sell,6.535e-05,66.0,0.0043131
RDN/BTC,1555152171876,2019-04-13T10:42:51.876Z,buy,6.536e-05,331.0,0.02163416
RDN/BTC,1555152171876,2019-04-13T10:42:51.876Z,buy,6.54e-05,464.0,0.0303456
RDN/BTC,1555152171876,2019-04-13T10:42:51.876Z,buy,6.557e-05,840.0,0.0550788
RDN/BTC,1555152171876,2019-04-13T10:42:51.876Z,buy,6.558e-05,244.0,0.01600152
RDN/BTC,1555152171876,2019-04-13T10:42:51.876Z,buy,6.559e-05,608.0,0.03987872
RDN/BTC,1555152171876,2019-04-13T10:42:51.876Z,buy,6.56e-05,4568.0,0.2996608
RDN/BTC,1555152171893,2019-04-13T10:42:51.893Z,sell,6.56e-05,324.0,0.0212544
RDN/BTC,1555152171903,2019-04-13T10:42:51.903Z,sell,6.56e-05,132.0,0.0086591999999999
RDN/BTC,1555152171908,2019-04-13T10:42:51.908Z,sell,6.56e-05,132.0,0.0086591999999999
RDN/BTC,1555152171912,2019-04-13T10:42:51.912Z,sell,6.56e-05,142.0,0.0093152
RDN/BTC,1555152172627,2019-04-13T10:42:52.627Z,sell,6.537e-05,24.0,0.00156888
RDN/BTC,1555152172627,2019-04-13T10:42:52.627Z,sell,6.536e-05,150.0,0.009804
RDN/BTC,1555152179134,2019-04-13T10:42:59.134Z,buy,6.539e-05,160.0,0.0104624
RDN/BTC,1555152188801,2019-04-13T10:43:08.801Z,buy,6.539e-05,165.0,0.01078935
RDN/BTC,1555152212248,2019-04-13T10:43:32.248Z,sell,6.537e-05,20.0,0.0013074
RDN/BTC,1555152481440,2019-04-13T10:48:01.440Z,buy,6.553e-05,71.0,0.00465263
RDN/BTC,1555152481440,2019-04-13T10:48:01.440Z,buy,6.559e-05,154.0,0.01010086
RDN/BTC,1555152481440,2019-04-13T10:48:01.440Z,buy,6.564e-05,20.0,0.0013128
RDN/BTC,1555152481440,2019-04-13T10:48:01.440Z,buy,6.565e-05,24.0,0.0015756
RDN/BTC,1555152481440,2019-04-13T10:48:01.440Z,buy,6.569e-05,244.0,0.01602836
RDN/BTC,1555152481440,2019-04-13T10:48:01.440Z,buy,6.57e-05,24.0,0.0015768
RDN/BTC,1555152481440,2019-04-13T10:48:01.440Z,buy,6.572e-05,441.0,0.02898252
RDN/BTC,1555152484007,2019-04-13T10:48:04.007Z,buy,6.574e-05,288.0,0.01893312
RDN/BTC,1555152484007,2019-04-13T10:48:04.007Z,buy,6.575e-05,24.0,0.001578
RDN/BTC,1555152484007,2019-04-13T10:48:04.007Z,buy,6.579e-05,8.0,0.00052632
RDN/BTC,1555152585776,2019-04-13T10:49:45.776Z,buy,6.569e-05,50.0,0.0032845
RDN/BTC,1555152669864,2019-04-13T10:51:09.864Z,sell,6.538e-05,33.0,0.00215754
RDN/BTC,1555152777718,2019-04-13T10:52:57.718Z,sell,6.538e-05,58.0,0.00379204
RDN/BTC,1555152777718,2019-04-13T10:52:57.718Z,sell,6.537e-05,168.0,0.01098216
RDN/BTC,1555152807767,2019-04-13T10:53:27.767Z,sell,6.535e-05,30.0,0.0019605
RDN/BTC,1555153004588,2019-04-13T10:56:44.588Z,sell,6.535e-05,62.0,0.0040517
RDN/BTC,1555153191212,2019-04-13T10:59:51.212Z,sell,6.536e-05,709.0,0.04634024
RDN/BTC,1555153191212,2019-04-13T10:59:51.212Z,sell,6.535e-05,108.0,0.0070578
RDN/BTC,1555153191212,2019-04-13T10:59:51.212Z,sell,6.522e-05,1016.0,0.06626352
RDN/BTC,1555153191212,2019-04-13T10:59:51.212Z,sell,6.502e-05,667.0,0.04336834
RDN/BTC,1555153209957,2019-04-13T11:00:09.957Z,sell,6.523e-05,710.0,0.0463132999999999
RDN/BTC,1555153209957,2019-04-13T11:00:09.957Z,sell,6.522e-05,315.0,0.0205443
RDN/BTC,1555153270544,2019-04-13T11:01:10.544Z,sell,6.526e-05,29.0,0.0018925399999999
RDN/BTC,1555153277181,2019-04-13T11:01:17.181Z,buy,6.563e-05,50.0,0.0032814999999999
RDN/BTC,1555153282591,2019-04-13T11:01:22.591Z,buy,6.565e-05,28.0,0.0018382
RDN/BTC,1555153287212,2019-04-13T11:01:27.212Z,sell,6.526e-05,28.0,0.00182728
RDN/BTC,1555153406675,2019-04-13T11:03:26.675Z,sell,6.52e-05,188.0,0.0122576
RDN/BTC,1555153406675,2019-04-13T11:03:26.675Z,sell,6.514e-05,1393.0,0.09074002
RDN/BTC,1555153406693,2019-04-13T11:03:26.693Z,buy,6.514e-05,65.0,0.0042341
RDN/BTC,1555153406736,2019-04-13T11:03:26.736Z,buy,6.514e-05,38.0,0.00247532
RDN/BTC,1555153406761,2019-04-13T11:03:26.761Z,buy,6.514e-05,550.0,0.035827
RDN/BTC,1555153435390,2019-04-13T11:03:55.390Z,sell,6.483e-05,16.0,0.00103728
RDN/BTC,1555153435390,2019-04-13T11:03:55.390Z,sell,6.482e-05,30.0,0.0019446
RDN/BTC,1555153435390,2019-04-13T11:03:55.390Z,sell,6.478e-05,150.0,0.009717
RDN/BTC,1555153435390,2019-04-13T11:03:55.390Z,sell,6.477e-05,172.0,0.01114044
RDN/BTC,1555153821484,2019-04-13T11:10:21.484Z,sell,6.484e-05,413.0,0.0267789199999999
RDN/BTC,1555153824325,2019-04-13T11:10:24.325Z,sell,6.484e-05,413.0,0.0267789199999999
RDN/BTC,1555153824325,2019-04-13T11:10:24.325Z,sell,6.483e-05,230.0,0.0149109
RDN/BTC,1555153859197,2019-04-13T11:10:59.197Z,sell,6.484e-05,39.0,0.0025287599999999
RDN/BTC,1555153859197,2019-04-13T11:10:59.197Z,sell,6.484e-05,39.0,0.0025287599999999
RDN/BTC,1555154752712,2019-04-13T11:25:52.712Z,sell,6.482e-05,31.0,0.00200942
RDN/BTC,1555154996030,2019-04-13T11:29:56.030Z,sell,6.482e-05,16.0,0.00103712
RDN/BTC,1555154998042,2019-04-13T11:29:58.042Z,sell,6.475e-05,18.0,0.0011655
RDN/BTC,1555155287259,2019-04-13T11:34:47.259Z,sell,6.479e-05,79.0,0.0051184099999999
RDN/BTC,1555155287259,2019-04-13T11:34:47.259Z,sell,6.477e-05,60.0,0.0038862
RDN/BTC,1555155508367,2019-04-13T11:38:28.367Z,buy,6.503e-05,65.0,0.00422695
RDN/BTC,1555155554471,2019-04-13T11:39:14.471Z,buy,6.524e-05,150.0,0.009786
RDN/BTC,1555155554471,2019-04-13T11:39:14.471Z,buy,6.525e-05,630.0,0.0411075
RDN/BTC,1555155554507,2019-04-13T11:39:14.507Z,sell,6.525e-05,65.0,0.00424125
RDN/BTC,1555155554557,2019-04-13T11:39:14.557Z,sell,6.525e-05,65.0,0.00424125
RDN/BTC,1555155577082,2019-04-13T11:39:37.082Z,buy,6.556e-05,210.0,0.0137676
RDN/BTC,1555156473066,2019-04-13T11:54:33.066Z,buy,6.5e-05,18.0,0.0011699999999999
RDN/BTC,1555156505847,2019-04-13T11:55:05.847Z,buy,6.499e-05,58.0,0.00376942
RDN/BTC,1555156828591,2019-04-13T12:00:28.591Z,sell,6.497e-05,20.0,0.0012994
RDN/BTC,1555156855697,2019-04-13T12:00:55.697Z,buy,6.479e-05,31.0,0.00200849
RDN/BTC,1555156863461,2019-04-13T12:01:03.461Z,sell,6.47e-05,962.0,0.0622414
RDN/BTC,1555156974905,2019-04-13T12:02:54.905Z,sell,6.47e-05,17.0,0.0010999
RDN/BTC,1555157253320,2019-04-13T12:07:33.320Z,sell,6.471e-05,58.0,0.0037531799999999
RDN/BTC,1555157408353,2019-04-13T12:10:08.353Z,sell,6.472e-05,517.0,0.03346024
RDN/BTC,1555157408613,2019-04-13T12:10:08.613Z,sell,6.472e-05,93.0,0.00601896
RDN/BTC,1555157408619,2019-04-13T12:10:08.619Z,sell,6.472e-05,84.0,0.00543648
RDN/BTC,1555157409641,2019-04-13T12:10:09.641Z,buy,6.499e-05,60.0,0.0038994
RDN/BTC,1555157409667,2019-04-13T12:10:09.667Z,buy,6.499e-05,45.0,0.00292455
RDN/BTC,1555157410701,2019-04-13T12:10:10.701Z,buy,6.499e-05,20.0,0.0012998
RDN/BTC,1555157414045,2019-04-13T12:10:14.045Z,buy,6.499e-05,28.0,0.00181972
RDN/BTC,1555157414045,2019-04-13T12:10:14.045Z,buy,6.515e-05,111.0,0.00723165
RDN/BTC,1555157414045,2019-04-13T12:10:14.045Z,buy,6.499e-05,28.0,0.00181972
RDN/BTC,1555157414045,2019-04-13T12:10:14.045Z,buy,6.515e-05,111.0,0.00723165
RDN/BTC,1555157496479,2019-04-13T12:11:36.479Z,sell,6.485e-05,77.0,0.00499345
RDN/BTC,1555157496479,2019-04-13T12:11:36.479Z,sell,6.484e-05,191.0,0.01238444
RDN/BTC,1555157542069,2019-04-13T12:12:22.069Z,sell,6.492e-05,170.0,0.0110363999999999
RDN/BTC,1555157542069,2019-04-13T12:12:22.069Z,sell,6.491e-05,192.0,0.01246272
RDN/BTC,1555157600734,2019-04-13T12:13:20.734Z,sell,6.49e-05,20.0,0.001298
RDN/BTC,1555158078781,2019-04-13T12:21:18.781Z,buy,6.514e-05,150.0,0.009771
RDN/BTC,1555158078781,2019-04-13T12:21:18.781Z,buy,6.515e-05,812.0,0.0529018
RDN/BTC,1555158128463,2019-04-13T12:22:08.463Z,sell,6.516e-05,16.0,0.00104256
RDN/BTC,1555158235933,2019-04-13T12:23:55.933Z,sell,6.516e-05,40.0,0.0026064
RDN/BTC,1555158244453,2019-04-13T12:24:04.453Z,sell,6.516e-05,27.0,0.00175932
RDN/BTC,1555158244453,2019-04-13T12:24:04.453Z,sell,6.515e-05,100.0,0.006515
RDN/BTC,1555158256066,2019-04-13T12:24:16.066Z,sell,6.515e-05,120.0,0.007818
RDN/BTC,1555158340805,2019-04-13T12:25:40.805Z,sell,6.515e-05,43.0,0.00280145
RDN/BTC,1555158430971,2019-04-13T12:27:10.971Z,sell,6.515e-05,21.0,0.00136815
RDN/BTC,1555158464864,2019-04-13T12:27:44.864Z,sell,6.515e-05,20.0,0.001303
RDN/BTC,1555158604531,2019-04-13T12:30:04.531Z,buy,6.539e-05,18.0,0.00117702
RDN/BTC,1555158604531,2019-04-13T12:30:04.531Z,buy,6.54e-05,187.0,0.0122298
RDN/BTC,1555159470572,2019-04-13T12:44:30.572Z,sell,6.516e-05,23.0,0.00149868
RDN/BTC,1555159470572,2019-04-13T12:44:30.572Z,sell,6.515e-05,311.0,0.02026165
RDN/BTC,1555160949388,2019-04-13T13:09:09.388Z,buy,6.54e-05,152.0,0.0099408
RDN/BTC,1555160964276,2019-04-13T13:09:24.276Z,sell,6.516e-05,18.0,0.00117288
RDN/BTC,1555160964276,2019-04-13T13:09:24.276Z,sell,6.516e-05,18.0,0.00117288
RDN/BTC,1555161112396,2019-04-13T13:11:52.396Z,buy,6.542e-05,18.0,0.0011775599999999
RDN/BTC,1555161118354,2019-04-13T13:11:58.354Z,buy,6.542e-05,18.0,0.0011775599999999
RDN/BTC,1555161220994,2019-04-13T13:13:40.994Z,buy,6.542e-05,1189.0,0.0777843799999999
RDN/BTC,1555161220994,2019-04-13T13:13:40.994Z,buy,6.543e-05,320.0,0.0209376
RDN/BTC,1555161220994,2019-04-13T13:13:40.994Z,buy,6.547e-05,83.0,0.0054340099999999
RDN/BTC,1555161220994,2019-04-13T13:13:40.994Z,buy,6.549e-05,625.0,0.0409312499999999
RDN/BTC,1555161220994,2019-04-13T13:13:40.994Z,buy,6.55e-05,83.0,0.0054365
RDN/BTC,1555161572315,2019-04-13T13:19:32.315Z,sell,6.518e-05,24.0,0.00156432
RDN/BTC,1555162013527,2019-04-13T13:26:53.527Z,sell,6.522e-05,81.0,0.00528282
RDN/BTC,1555162114242,2019-04-13T13:28:34.242Z,sell,6.521e-05,20.0,0.0013042
RDN/BTC,1555162155703,2019-04-13T13:29:15.703Z,sell,6.524e-05,20.0,0.0013048
RDN/BTC,1555162157710,2019-04-13T13:29:17.710Z,sell,6.524e-05,20.0,0.0013048
RDN/BTC,1555162159724,2019-04-13T13:29:19.724Z,sell,6.524e-05,239.0,0.01559236
RDN/BTC,1555162161706,2019-04-13T13:29:21.706Z,sell,6.525e-05,81.0,0.00528525
RDN/BTC,1555162161706,2019-04-13T13:29:21.706Z,sell,6.52e-05,11.0,0.0007172
RDN/BTC,1555162172292,2019-04-13T13:29:32.292Z,sell,6.524e-05,199.0,0.01298276
RDN/BTC,1555162172292,2019-04-13T13:29:32.292Z,sell,6.524e-05,60.0,0.0039144
RDN/BTC,1555162173430,2019-04-13T13:29:33.430Z,sell,6.524e-05,94.0,0.00613256
RDN/BTC,1555162173430,2019-04-13T13:29:33.430Z,sell,6.519e-05,46.0,0.00299874
RDN/BTC,1555162183413,2019-04-13T13:29:43.413Z,sell,6.523e-05,20.0,0.0013046
RDN/BTC,1555162184201,2019-04-13T13:29:44.201Z,sell,6.524e-05,20.0,0.0013048
RDN/BTC,1555162187586,2019-04-13T13:29:47.586Z,sell,6.524e-05,60.0,0.0039144
RDN/BTC,1555162212214,2019-04-13T13:30:12.214Z,sell,6.524e-05,20.0,0.0013048
RDN/BTC,1555164009076,2019-04-13T14:00:09.076Z,buy,6.549e-05,40.0,0.0026195999999999
RDN/BTC,1555164410680,2019-04-13T14:06:50.680Z,buy,6.549e-05,180.0,0.0117882
RDN/BTC,1555164410680,2019-04-13T14:06:50.680Z,buy,6.549e-05,180.0,0.0117882
RDN/BTC,1555165102860,2019-04-13T14:18:22.860Z,sell,6.533e-05,16.0,0.00104528
RDN/BTC,1555165773928,2019-04-13T14:29:33.928Z,sell,6.536e-05,27.0,0.00176472
RDN/BTC,1555165853505,2019-04-13T14:30:53.505Z,sell,6.536e-05,169.0,0.01104584
RDN/BTC,1555165853505,2019-04-13T14:30:53.505Z,sell,6.535e-05,77.0,0.00503195
RDN/BTC,1555165945248,2019-04-13T14:32:25.248Z,sell,6.537e-05,351.0,0.02294487
RDN/BTC,1555165988929,2019-04-13T14:33:08.929Z,sell,6.536e-05,152.0,0.00993472
RDN/BTC,1555166274715,2019-04-13T14:37:54.715Z,sell,6.534e-05,194.0,0.0126759599999999
RDN/BTC,1555166325417,2019-04-13T14:38:45.417Z,buy,6.549e-05,16.0,0.00104784
RDN/BTC,1555166377099,2019-04-13T14:39:37.099Z,sell,6.549e-05,16.0,0.00104784
RDN/BTC,1555166408237,2019-04-13T14:40:08.237Z,sell,6.549e-05,16.0,0.00104784
RDN/BTC,1555166437391,2019-04-13T14:40:37.391Z,sell,6.549e-05,16.0,0.00104784
RDN/BTC,1555166466392,2019-04-13T14:41:06.392Z,sell,6.549e-05,16.0,0.00104784
RDN/BTC,1555166497493,2019-04-13T14:41:37.493Z,sell,6.549e-05,16.0,0.00104784
RDN/BTC,1555166526776,2019-04-13T14:42:06.776Z,sell,6.549e-05,16.0,0.00104784
RDN/BTC,1555166588123,2019-04-13T14:43:08.123Z,sell,6.549e-05,16.0,0.00104784
RDN/BTC,1555166619207,2019-04-13T14:43:39.207Z,sell,6.549e-05,16.0,0.00104784
RDN/BTC,1555166647676,2019-04-13T14:44:07.676Z,sell,6.549e-05,16.0,0.00104784
RDN/BTC,1555166676368,2019-04-13T14:44:36.368Z,sell,6.549e-05,16.0,0.00104784
RDN/BTC,1555166734620,2019-04-13T14:45:34.620Z,sell,6.549e-05,12.0,0.00078588
RDN/BTC,1555166817961,2019-04-13T14:46:57.961Z,sell,6.534e-05,529.0,0.0345648599999999
RDN/BTC,1555166817961,2019-04-13T14:46:57.961Z,sell,6.533e-05,632.0,0.04128856
RDN/BTC,1555166817961,2019-04-13T14:46:57.961Z,sell,6.525e-05,76.0,0.004959
RDN/BTC,1555166817961,2019-04-13T14:46:57.961Z,sell,6.524e-05,617.0,0.04025308
RDN/BTC,1555166817961,2019-04-13T14:46:57.961Z,sell,6.518e-05,4588.0,0.29904584
RDN/BTC,1555166817961,2019-04-13T14:46:57.961Z,sell,6.515e-05,1017.0,0.06625755
RDN/BTC,1555166817961,2019-04-13T14:46:57.961Z,sell,6.514e-05,1154.0,0.07517156
RDN/BTC,1555166817961,2019-04-13T14:46:57.961Z,sell,6.477e-05,20.0,0.0012954
RDN/BTC,1555166817961,2019-04-13T14:46:57.961Z,sell,6.472e-05,46.0,0.00297712
RDN/BTC,1555166817961,2019-04-13T14:46:57.961Z,sell,6.471e-05,765.0,0.0495031499999999
RDN/BTC,1555166817961,2019-04-13T14:46:57.961Z,sell,6.469e-05,767.0,0.04961723
RDN/BTC,1555166817961,2019-04-13T14:46:57.961Z,sell,6.464e-05,107.0,0.00691648
RDN/BTC,1555166817961,2019-04-13T14:46:57.961Z,sell,6.456e-05,1424.0,0.09193344
RDN/BTC,1555166817961,2019-04-13T14:46:57.961Z,sell,6.454e-05,17.0,0.00109718
RDN/BTC,1555166817961,2019-04-13T14:46:57.961Z,sell,6.453e-05,61.0,0.00393633
RDN/BTC,1555166817961,2019-04-13T14:46:57.961Z,sell,6.441e-05,919.0,0.05919279
RDN/BTC,1555166817961,2019-04-13T14:46:57.961Z,sell,6.44e-05,3419.0,0.2201835999999999
RDN/BTC,1555166817961,2019-04-13T14:46:57.961Z,sell,6.437e-05,375.0,0.0241387499999999
RDN/BTC,1555166817961,2019-04-13T14:46:57.961Z,sell,6.419e-05,1522.0,0.09769718
RDN/BTC,1555166817961,2019-04-13T14:46:57.961Z,sell,6.4e-05,152.0,0.0097279999999999
RDN/BTC,1555166817961,2019-04-13T14:46:57.961Z,sell,6.4e-05,580.0,0.03712
RDN/BTC,1555166817980,2019-04-13T14:46:57.980Z,buy,6.4e-05,585.0,0.03744
RDN/BTC,1555166818003,2019-04-13T14:46:58.003Z,buy,6.544e-05,585.0,0.0382824
RDN/BTC,1555166818020,2019-04-13T14:46:58.020Z,sell,6.434e-05,403.0,0.02592902
RDN/BTC,1555166818147,2019-04-13T14:46:58.147Z,sell,6.502e-05,30.0,0.0019505999999999
RDN/BTC,1555166819733,2019-04-13T14:46:59.733Z,sell,6.504e-05,403.0,0.02621112
RDN/BTC,1555166819960,2019-04-13T14:46:59.960Z,buy,6.543e-05,20.0,0.0013086
RDN/BTC,1555166822173,2019-04-13T14:47:02.173Z,buy,6.527e-05,261.0,0.01703547
RDN/BTC,1555166822241,2019-04-13T14:47:02.241Z,buy,6.527e-05,60.0,0.0039162
RDN/BTC,1555166822391,2019-04-13T14:47:02.391Z,buy,6.527e-05,62.0,0.00404674
RDN/BTC,1555166823247,2019-04-13T14:47:03.247Z,buy,6.527e-05,60.0,0.0039162
RDN/BTC,1555166823298,2019-04-13T14:47:03.298Z,buy,6.527e-05,41.0,0.00267607
RDN/BTC,1555166829194,2019-04-13T14:47:09.194Z,buy,6.527e-05,60.0,0.0039162
RDN/BTC,1555166831246,2019-04-13T14:47:11.246Z,buy,6.527e-05,20.0,0.0013054
RDN/BTC,1555166832254,2019-04-13T14:47:12.254Z,buy,6.527e-05,2.0,0.00013054
RDN/BTC,1555166832254,2019-04-13T14:47:12.254Z,buy,6.528e-05,16.0,0.00104448
RDN/BTC,1555166832254,2019-04-13T14:47:12.254Z,buy,6.544e-05,84.0,0.0054969599999999
RDN/BTC,1555166836260,2019-04-13T14:47:16.260Z,buy,6.543e-05,40.0,0.0026172
RDN/BTC,1555166848392,2019-04-13T14:47:28.392Z,buy,6.542e-05,40.0,0.0026168
RDN/BTC,1555166860222,2019-04-13T14:47:40.222Z,buy,6.535e-05,48.0,0.0031368
RDN/BTC,1555166860865,2019-04-13T14:47:40.865Z,buy,6.535e-05,88.0,0.0057508
RDN/BTC,1555166871421,2019-04-13T14:47:51.421Z,buy,6.535e-05,44.0,0.0028754
RDN/BTC,1555166872439,2019-04-13T14:47:52.439Z,buy,6.535e-05,40.0,0.002614
RDN/BTC,1555166880624,2019-04-13T14:48:00.624Z,sell,6.516e-05,22.0,0.00143352
RDN/BTC,1555166929494,2019-04-13T14:48:49.494Z,buy,6.547e-05,2.0,0.00013094
RDN/BTC,1555166944647,2019-04-13T14:49:04.647Z,buy,6.547e-05,92.0,0.0060232399999999
RDN/BTC,1555166945627,2019-04-13T14:49:05.627Z,buy,6.547e-05,134.0,0.00877298
RDN/BTC,1555166957700,2019-04-13T14:49:17.700Z,buy,6.547e-05,101.0,0.00661247
RDN/BTC,1555166959727,2019-04-13T14:49:19.727Z,buy,6.547e-05,64.0,0.00419008
RDN/BTC,1555166973978,2019-04-13T14:49:33.978Z,buy,6.546e-05,21.0,0.00137466
RDN/BTC,1555167157245,2019-04-13T14:52:37.245Z,buy,6.542e-05,81.0,0.00529902
RDN/BTC,1555167181842,2019-04-13T14:53:01.842Z,buy,6.512e-05,60.0,0.0039071999999999
RDN/BTC,1555167181914,2019-04-13T14:53:01.914Z,buy,6.512e-05,21.0,0.00136752
RDN/BTC,1555167187798,2019-04-13T14:53:07.798Z,buy,6.539e-05,445.0,0.0290985499999999
RDN/BTC,1555167203830,2019-04-13T14:53:23.830Z,buy,6.539e-05,210.0,0.0137318999999999
RDN/BTC,1555167208150,2019-04-13T14:53:28.150Z,buy,6.539e-05,40.0,0.0026156
RDN/BTC,1555167215910,2019-04-13T14:53:35.910Z,buy,6.539e-05,23.0,0.0015039699999999
RDN/BTC,1555167216531,2019-04-13T14:53:36.531Z,buy,6.539e-05,39.0,0.00255021
RDN/BTC,1555167217752,2019-04-13T14:53:37.752Z,buy,6.539e-05,60.0,0.0039234
RDN/BTC,1555167230518,2019-04-13T14:53:50.518Z,buy,6.539e-05,60.0,0.0039234
RDN/BTC,1555167230518,2019-04-13T14:53:50.518Z,buy,6.54e-05,23.0,0.0015042
RDN/BTC,1555167237040,2019-04-13T14:53:57.040Z,buy,6.537e-05,25.0,0.00163425
RDN/BTC,1555167243231,2019-04-13T14:54:03.231Z,sell,6.507e-05,307.0,0.01997649
RDN/BTC,1555167243231,2019-04-13T14:54:03.231Z,sell,6.504e-05,6.0,0.00039024
RDN/BTC,1555167250396,2019-04-13T14:54:10.396Z,buy,6.539e-05,24.0,0.00156936
RDN/BTC,1555167278830,2019-04-13T14:54:38.830Z,buy,6.539e-05,20.0,0.0013078
RDN/BTC,1555167282985,2019-04-13T14:54:42.985Z,buy,6.537e-05,330.0,0.0215721
RDN/BTC,1555167282985,2019-04-13T14:54:42.985Z,buy,6.54e-05,93.0,0.0060822
RDN/BTC,1555167902925,2019-04-13T15:05:02.925Z,buy,6.543e-05,152.0,0.00994536
RDN/BTC,1555167902925,2019-04-13T15:05:02.925Z,buy,6.543e-05,152.0,0.00994536
RDN/BTC,1555168125966,2019-04-13T15:08:45.966Z,sell,6.54e-05,27.0,0.0017658
RDN/BTC,1555168209073,2019-04-13T15:10:09.073Z,buy,6.55e-05,2.0,0.000131
RDN/BTC,1555169174964,2019-04-13T15:26:14.964Z,sell,6.542e-05,45.0,0.0029438999999999
RDN/BTC,1555169428911,2019-04-13T15:30:28.911Z,buy,6.55e-05,2.0,0.000131
RDN/BTC,1555169914295,2019-04-13T15:38:34.295Z,buy,6.549e-05,320.0,0.0209567999999999
RDN/BTC,1555169914295,2019-04-13T15:38:34.295Z,buy,6.55e-05,61.0,0.0039955
RDN/BTC,1555170061347,2019-04-13T15:41:01.347Z,sell,6.542e-05,535.0,0.0349996999999999
RDN/BTC,1555170075589,2019-04-13T15:41:15.589Z,sell,6.54e-05,275.0,0.017985
RDN/BTC,1555170088303,2019-04-13T15:41:28.303Z,sell,6.515e-05,153.0,0.00996795
RDN/BTC,1555170088330,2019-04-13T15:41:28.330Z,buy,6.515e-05,143.0,0.00931645
RDN/BTC,1555170088344,2019-04-13T15:41:28.344Z,buy,6.515e-05,235.0,0.01531025
RDN/BTC,1555170088348,2019-04-13T15:41:28.348Z,buy,6.515e-05,245.0,0.01596175
RDN/BTC,1555170088392,2019-04-13T15:41:28.392Z,buy,6.515e-05,51.0,0.00332265
RDN/BTC,1555170088419,2019-04-13T15:41:28.419Z,buy,6.515e-05,51.0,0.00332265
RDN/BTC,1555170088440,2019-04-13T15:41:28.440Z,buy,6.515e-05,51.0,0.00332265
RDN/BTC,1555170088468,2019-04-13T15:41:28.468Z,sell,6.501e-05,51.0,0.00331551
RDN/BTC,1555170091852,2019-04-13T15:41:31.852Z,buy,6.515e-05,182.0,0.0118573
RDN/BTC,1555170092396,2019-04-13T15:41:32.396Z,sell,6.505e-05,51.0,0.00331755
RDN/BTC,1555170106796,2019-04-13T15:41:46.796Z,buy,6.506e-05,122.0,0.00793732
RDN/BTC,1555170107353,2019-04-13T15:41:47.353Z,buy,6.506e-05,122.0,0.00793732
RDN/BTC,1555170211904,2019-04-13T15:43:31.904Z,sell,6.516e-05,16.0,0.00104256
RDN/BTC,1555170418175,2019-04-13T15:46:58.175Z,buy,6.51e-05,25.0,0.0016274999999999
RDN/BTC,1555170418175,2019-04-13T15:46:58.175Z,buy,6.511e-05,128.0,0.00833408
RDN/BTC,1555170418177,2019-04-13T15:46:58.177Z,buy,6.511e-05,153.0,0.00996183
RDN/BTC,1555170418202,2019-04-13T15:46:58.202Z,buy,6.511e-05,545.0,0.03548495
RDN/BTC,1555170418202,2019-04-13T15:46:58.202Z,buy,6.528e-05,68.0,0.00443904
RDN/BTC,1555170418208,2019-04-13T15:46:58.208Z,buy,6.528e-05,30.0,0.0019584
RDN/BTC,1555170418225,2019-04-13T15:46:58.225Z,buy,6.528e-05,68.0,0.00443904
RDN/BTC,1555170418225,2019-04-13T15:46:58.225Z,buy,6.529e-05,8.0,0.00052232
RDN/BTC,1555170418254,2019-04-13T15:46:58.254Z,buy,6.529e-05,34.0,0.00221986
RDN/BTC,1555170418254,2019-04-13T15:46:58.254Z,buy,6.53e-05,119.0,0.0077707
RDN/BTC,1555170418259,2019-04-13T15:46:58.259Z,buy,6.53e-05,153.0,0.0099909
RDN/BTC,1555170418371,2019-04-13T15:46:58.371Z,buy,6.53e-05,61.0,0.0039833
RDN/BTC,1555170418671,2019-04-13T15:46:58.671Z,buy,6.53e-05,45.0,0.0029385
RDN/BTC,1555170418727,2019-04-13T15:46:58.727Z,buy,6.53e-05,305.0,0.0199165
RDN/BTC,1555170418809,2019-04-13T15:46:58.809Z,buy,6.53e-05,45.0,0.0029385
RDN/BTC,1555170418916,2019-04-13T15:46:58.916Z,buy,6.543e-05,38.0,0.00248634
RDN/BTC,1555170419460,2019-04-13T15:46:59.460Z,buy,6.53e-05,38.0,0.0024814
RDN/BTC,1555170419709,2019-04-13T15:46:59.709Z,buy,6.53e-05,22.0,0.0014366
RDN/BTC,1555170423577,2019-04-13T15:47:03.577Z,buy,6.53e-05,76.0,0.0049628
RDN/BTC,1555170423577,2019-04-13T15:47:03.577Z,buy,6.543e-05,132.0,0.00863676
RDN/BTC,1555170426101,2019-04-13T15:47:06.101Z,buy,6.543e-05,63.0,0.00412209
RDN/BTC,1555170544897,2019-04-13T15:49:04.897Z,buy,6.543e-05,18.0,0.00117774
RDN/BTC,1555170708154,2019-04-13T15:51:48.154Z,sell,6.516e-05,382.0,0.02489112
RDN/BTC,1555170708175,2019-04-13T15:51:48.175Z,buy,6.516e-05,670.0,0.0436572
RDN/BTC,1555171279276,2019-04-13T16:01:19.276Z,buy,6.541e-05,56.0,0.00366296
RDN/BTC,1555171332678,2019-04-13T16:02:12.678Z,buy,6.509e-05,789.0,0.05135601
RDN/BTC,1555171332678,2019-04-13T16:02:12.678Z,buy,6.509e-05,789.0,0.05135601
RDN/BTC,1555171662225,2019-04-13T16:07:42.225Z,sell,6.51e-05,180.0,0.011718
RDN/BTC,1555171757499,2019-04-13T16:09:17.499Z,sell,6.509e-05,30.0,0.0019527
RDN/BTC,1555171760425,2019-04-13T16:09:20.425Z,buy,6.509e-05,26.0,0.00169234
RDN/BTC,1555172080295,2019-04-13T16:14:40.295Z,buy,6.509e-05,30.0,0.0019527
RDN/BTC,1555172080910,2019-04-13T16:14:40.910Z,buy,6.509e-05,1168.0,0.07602512
RDN/BTC,1555172234457,2019-04-13T16:17:14.457Z,buy,6.541e-05,56.0,0.00366296
RDN/BTC,1555172709352,2019-04-13T16:25:09.352Z,sell,6.509e-05,30.0,0.0019527
RDN/BTC,1555172709352,2019-04-13T16:25:09.352Z,sell,6.507e-05,26.0,0.00169182
RDN/BTC,1555172711189,2019-04-13T16:25:11.189Z,sell,6.498e-05,26.0,0.00168948
RDN/BTC,1555173185144,2019-04-13T16:33:05.144Z,buy,6.542e-05,56.0,0.0036635199999999
