symbol,timestamp,datetime,side,price,amount,btc_volume
REQ/BTC,1555513263211,2019-04-17T15:01:03.211Z,buy,5.18e-06,421.0,0.00218078
REQ/BTC,1555513275226,2019-04-17T15:01:15.226Z,sell,5.17e-06,29709.0,0.1535955299999999
REQ/BTC,1555513275226,2019-04-17T15:01:15.226Z,sell,5.16e-06,6331.0,0.0326679599999999
REQ/BTC,1555513500071,2019-04-17T15:05:00.071Z,sell,5.16e-06,754.0,0.00389064
REQ/BTC,1555513508614,2019-04-17T15:05:08.614Z,sell,5.16e-06,13088.0,0.06753408
REQ/BTC,1555513508690,2019-04-17T15:05:08.690Z,buy,5.16e-06,1371.0,0.00707436
REQ/BTC,1555513508746,2019-04-17T15:05:08.746Z,buy,5.16e-06,271.0,0.00139836
REQ/BTC,1555513508844,2019-04-17T15:05:08.844Z,buy,5.16e-06,1543.0,0.00796188
REQ/BTC,1555513554117,2019-04-17T15:05:54.117Z,buy,5.18e-06,3248.0,0.01682464
REQ/BTC,1555514220507,2019-04-17T15:17:00.507Z,sell,5.18e-06,387.0,0.00200466
REQ/BTC,1555514220510,2019-04-17T15:17:00.510Z,sell,5.18e-06,384.0,0.00198912
REQ/BTC,1555514294501,2019-04-17T15:18:14.501Z,sell,5.18e-06,15202.0,0.07874636
REQ/BTC,1555514611806,2019-04-17T15:23:31.806Z,sell,5.18e-06,297.0,0.00153846
REQ/BTC,1555514648544,2019-04-17T15:24:08.544Z,sell,5.18e-06,1254.0,0.00649572
REQ/BTC,1555514692351,2019-04-17T15:24:52.351Z,sell,5.18e-06,15903.0,0.08237754
REQ/BTC,1555515092790,2019-04-17T15:31:32.790Z,buy,5.19e-06,215.0,0.00111585
REQ/BTC,1555515093678,2019-04-17T15:31:33.678Z,sell,5.19e-06,969.0,0.00502911
REQ/BTC,1555515104803,2019-04-17T15:31:44.803Z,buy,5.2e-06,300.0,0.00156
REQ/BTC,1555515308966,2019-04-17T15:35:08.966Z,buy,5.2e-06,6759.0,0.0351468
REQ/BTC,1555515308966,2019-04-17T15:35:08.966Z,buy,5.21e-06,5008.0,0.02609168
REQ/BTC,1555515543185,2019-04-17T15:39:03.185Z,buy,5.2e-06,2774.0,0.0144248
REQ/BTC,1555515543814,2019-04-17T15:39:03.814Z,buy,5.2e-06,309.0,0.0016068
REQ/BTC,1555515543814,2019-04-17T15:39:03.814Z,buy,5.21e-06,95.0,0.00049495
REQ/BTC,1555515548108,2019-04-17T15:39:08.108Z,buy,5.21e-06,3083.0,0.01606243
REQ/BTC,1555515548596,2019-04-17T15:39:08.596Z,buy,5.21e-06,1788.0,0.00931548
REQ/BTC,1555515555042,2019-04-17T15:39:15.042Z,buy,5.21e-06,2278.0,0.01186838
REQ/BTC,1555515562124,2019-04-17T15:39:22.124Z,buy,5.21e-06,2278.0,0.01186838
REQ/BTC,1555515565675,2019-04-17T15:39:25.675Z,buy,5.21e-06,2278.0,0.01186838
REQ/BTC,1555515583312,2019-04-17T15:39:43.312Z,buy,5.21e-06,2278.0,0.01186838
REQ/BTC,1555515585801,2019-04-17T15:39:45.801Z,buy,5.21e-06,2278.0,0.01186838
REQ/BTC,1555515588020,2019-04-17T15:39:48.020Z,buy,5.2e-06,1609.0,0.0083668
REQ/BTC,1555515588110,2019-04-17T15:39:48.110Z,buy,5.2e-06,179.0,0.0009308
REQ/BTC,1555515588110,2019-04-17T15:39:48.110Z,buy,5.21e-06,1416.0,0.00737736
REQ/BTC,1555515589744,2019-04-17T15:39:49.744Z,buy,5.21e-06,1686.0,0.00878406
REQ/BTC,1555515591053,2019-04-17T15:39:51.053Z,buy,5.21e-06,669.0,0.00348549
REQ/BTC,1555515608611,2019-04-17T15:40:08.611Z,buy,5.21e-06,462.0,0.00240702
REQ/BTC,1555515610721,2019-04-17T15:40:10.721Z,buy,5.21e-06,319.0,0.00166199
REQ/BTC,1555515616935,2019-04-17T15:40:16.935Z,buy,5.21e-06,300.0,0.001563
REQ/BTC,1555515642192,2019-04-17T15:40:42.192Z,buy,5.21e-06,300.0,0.001563
REQ/BTC,1555515725314,2019-04-17T15:42:05.314Z,buy,5.21e-06,1919.0,0.00999799
REQ/BTC,1555516556588,2019-04-17T15:55:56.588Z,sell,5.19e-06,800.0,0.004152
REQ/BTC,1555516556588,2019-04-17T15:55:56.588Z,sell,5.19e-06,800.0,0.004152
REQ/BTC,1555516834716,2019-04-17T16:00:34.716Z,sell,5.19e-06,3040.0,0.0157776
REQ/BTC,1555516874133,2019-04-17T16:01:14.133Z,buy,5.19e-06,733.0,0.00380427
REQ/BTC,1555516892862,2019-04-17T16:01:32.862Z,sell,5.18e-06,7764.0,0.04021752
REQ/BTC,1555516974457,2019-04-17T16:02:54.457Z,sell,5.18e-06,194.0,0.00100492
REQ/BTC,1555517147594,2019-04-17T16:05:47.594Z,sell,5.18e-06,7749.0,0.04013982
REQ/BTC,1555517147594,2019-04-17T16:05:47.594Z,sell,5.17e-06,14423.0,0.07456691
REQ/BTC,1555517147594,2019-04-17T16:05:47.594Z,sell,5.16e-06,24102.0,0.1243663199999999
REQ/BTC,1555517147594,2019-04-17T16:05:47.594Z,sell,5.15e-06,9603.0,0.04945545
REQ/BTC,1555517147594,2019-04-17T16:05:47.594Z,sell,5.14e-06,24825.0,0.1276005
REQ/BTC,1555517147594,2019-04-17T16:05:47.594Z,sell,5.13e-06,22035.0,0.11303955
REQ/BTC,1555517147594,2019-04-17T16:05:47.594Z,sell,5.12e-06,32347.0,0.16561664
REQ/BTC,1555517147594,2019-04-17T16:05:47.594Z,sell,5.11e-06,50264.0,0.25684904
REQ/BTC,1555517147594,2019-04-17T16:05:47.594Z,sell,5.1e-06,82765.0,0.4221015
REQ/BTC,1555517147594,2019-04-17T16:05:47.594Z,sell,5.09e-06,28691.0,0.14603719
REQ/BTC,1555517147594,2019-04-17T16:05:47.594Z,sell,5.08e-06,49540.0,0.2516632
REQ/BTC,1555517147594,2019-04-17T16:05:47.594Z,sell,5.07e-06,51025.0,0.25869675
REQ/BTC,1555517147594,2019-04-17T16:05:47.594Z,sell,5.06e-06,3258.0,0.01648548
REQ/BTC,1555517147623,2019-04-17T16:05:47.623Z,buy,5.11e-06,500.0,0.002555
REQ/BTC,1555517148855,2019-04-17T16:05:48.855Z,buy,5.18e-06,32.0,0.00016576
REQ/BTC,1555517149643,2019-04-17T16:05:49.643Z,sell,5.16e-06,506.0,0.00261096
REQ/BTC,1555517149643,2019-04-17T16:05:49.643Z,sell,5.15e-06,1828.0,0.0094142
REQ/BTC,1555517152024,2019-04-17T16:05:52.024Z,sell,5.15e-06,208.0,0.0010712
REQ/BTC,1555517152239,2019-04-17T16:05:52.239Z,sell,5.15e-06,208.0,0.0010712
REQ/BTC,1555517156206,2019-04-17T16:05:56.206Z,sell,5.15e-06,532.0,0.0027397999999999
REQ/BTC,1555517156591,2019-04-17T16:05:56.591Z,sell,5.15e-06,196.0,0.0010094
REQ/BTC,1555517163755,2019-04-17T16:06:03.755Z,sell,5.15e-06,5297.0,0.02727955
REQ/BTC,1555517166465,2019-04-17T16:06:06.465Z,buy,5.17e-06,240.0,0.0012407999999999
REQ/BTC,1555517194857,2019-04-17T16:06:34.857Z,sell,5.15e-06,5027.0,0.02588905
REQ/BTC,1555517207692,2019-04-17T16:06:47.692Z,buy,5.17e-06,23272.0,0.1203162399999999
REQ/BTC,1555517207698,2019-04-17T16:06:47.698Z,buy,5.17e-06,10184.0,0.0526512799999999
REQ/BTC,1555517207702,2019-04-17T16:06:47.702Z,buy,5.17e-06,7084.0,0.0366242799999999
REQ/BTC,1555517207710,2019-04-17T16:06:47.710Z,buy,5.18e-06,7983.0,0.04135194
REQ/BTC,1555517207721,2019-04-17T16:06:47.721Z,buy,5.18e-06,4483.0,0.02322194
REQ/BTC,1555517207750,2019-04-17T16:06:47.750Z,sell,5.15e-06,4483.0,0.02308745
REQ/BTC,1555517220181,2019-04-17T16:07:00.181Z,buy,5.18e-06,31.0,0.00016058
REQ/BTC,1555517227293,2019-04-17T16:07:07.293Z,sell,5.16e-06,3705.0,0.0191177999999999
REQ/BTC,1555517227910,2019-04-17T16:07:07.910Z,sell,5.16e-06,3705.0,0.0191177999999999
REQ/BTC,1555517228592,2019-04-17T16:07:08.592Z,sell,5.16e-06,3705.0,0.0191177999999999
REQ/BTC,1555517229161,2019-04-17T16:07:09.161Z,sell,5.16e-06,3705.0,0.0191177999999999
REQ/BTC,1555517229563,2019-04-17T16:07:09.563Z,sell,5.16e-06,3705.0,0.0191177999999999
REQ/BTC,1555517230352,2019-04-17T16:07:10.352Z,sell,5.16e-06,879.0,0.00453564
REQ/BTC,1555517230352,2019-04-17T16:07:10.352Z,sell,5.15e-06,2826.0,0.0145539
REQ/BTC,1555517230569,2019-04-17T16:07:10.569Z,sell,5.16e-06,2312.0,0.01192992
REQ/BTC,1555517230860,2019-04-17T16:07:10.860Z,sell,5.15e-06,3705.0,0.01908075
REQ/BTC,1555517246499,2019-04-17T16:07:26.499Z,sell,5.16e-06,220.0,0.0011351999999999
REQ/BTC,1555517247421,2019-04-17T16:07:27.421Z,sell,5.16e-06,220.0,0.0011351999999999
REQ/BTC,1555517248444,2019-04-17T16:07:28.444Z,sell,5.16e-06,220.0,0.0011351999999999
REQ/BTC,1555517249382,2019-04-17T16:07:29.382Z,sell,5.16e-06,220.0,0.0011351999999999
REQ/BTC,1555517250737,2019-04-17T16:07:30.737Z,sell,5.16e-06,220.0,0.0011351999999999
REQ/BTC,1555517252057,2019-04-17T16:07:32.057Z,sell,5.16e-06,220.0,0.0011351999999999
REQ/BTC,1555517253059,2019-04-17T16:07:33.059Z,sell,5.16e-06,220.0,0.0011351999999999
REQ/BTC,1555517254252,2019-04-17T16:07:34.252Z,sell,5.16e-06,220.0,0.0011351999999999
REQ/BTC,1555517263210,2019-04-17T16:07:43.210Z,sell,5.16e-06,220.0,0.0011351999999999
REQ/BTC,1555517264630,2019-04-17T16:07:44.630Z,sell,5.16e-06,220.0,0.0011351999999999
REQ/BTC,1555517266415,2019-04-17T16:07:46.415Z,sell,5.16e-06,112.0,0.00057792
REQ/BTC,1555517269439,2019-04-17T16:07:49.439Z,sell,5.15e-06,220.0,0.001133
REQ/BTC,1555517271089,2019-04-17T16:07:51.089Z,sell,5.15e-06,215.0,0.00110725
REQ/BTC,1555517272951,2019-04-17T16:07:52.951Z,sell,5.15e-06,220.0,0.001133
REQ/BTC,1555517277215,2019-04-17T16:07:57.215Z,sell,5.15e-06,215.0,0.00110725
REQ/BTC,1555517290060,2019-04-17T16:08:10.060Z,sell,5.15e-06,215.0,0.00110725
REQ/BTC,1555517350888,2019-04-17T16:09:10.888Z,sell,5.15e-06,220.0,0.001133
REQ/BTC,1555517392033,2019-04-17T16:09:52.033Z,buy,5.16e-06,272.0,0.00140352
REQ/BTC,1555517393956,2019-04-17T16:09:53.956Z,sell,5.15e-06,222.0,0.0011432999999999
REQ/BTC,1555517426988,2019-04-17T16:10:26.988Z,sell,5.15e-06,4843.0,0.02494145
REQ/BTC,1555517458885,2019-04-17T16:10:58.885Z,buy,5.16e-06,546.0,0.0028173599999999
REQ/BTC,1555517684293,2019-04-17T16:14:44.293Z,sell,5.15e-06,7998.0,0.0411896999999999
REQ/BTC,1555518302870,2019-04-17T16:25:02.870Z,buy,5.16e-06,513.0,0.00264708
REQ/BTC,1555518478730,2019-04-17T16:27:58.730Z,sell,5.15e-06,9257.0,0.0476735499999999
REQ/BTC,1555518668318,2019-04-17T16:31:08.318Z,buy,5.16e-06,916.0,0.0047265599999999
REQ/BTC,1555519785278,2019-04-17T16:49:45.278Z,sell,5.15e-06,951.0,0.00489765
REQ/BTC,1555519786577,2019-04-17T16:49:46.577Z,sell,5.14e-06,11916.0,0.06124824
REQ/BTC,1555519786713,2019-04-17T16:49:46.713Z,buy,5.14e-06,309.0,0.00158826
REQ/BTC,1555519787650,2019-04-17T16:49:47.650Z,sell,5.13e-06,13559.0,0.06955767
REQ/BTC,1555519788099,2019-04-17T16:49:48.099Z,buy,5.13e-06,5741.0,0.02945133
REQ/BTC,1555519788450,2019-04-17T16:49:48.450Z,sell,5.12e-06,11745.0,0.0601344
REQ/BTC,1555519788500,2019-04-17T16:49:48.500Z,buy,5.12e-06,1654.0,0.00846848
REQ/BTC,1555519788593,2019-04-17T16:49:48.593Z,buy,5.12e-06,1654.0,0.00846848
REQ/BTC,1555519789201,2019-04-17T16:49:49.201Z,buy,5.12e-06,1240.0,0.0063488
REQ/BTC,1555519794245,2019-04-17T16:49:54.245Z,buy,5.13e-06,965.0,0.00495045
REQ/BTC,1555519794316,2019-04-17T16:49:54.316Z,sell,5.13e-06,197.0,0.00101061
REQ/BTC,1555519805129,2019-04-17T16:50:05.129Z,buy,5.16e-06,1949.0,0.01005684
REQ/BTC,1555519850651,2019-04-17T16:50:50.651Z,sell,5.14e-06,575.0,0.0029555
REQ/BTC,1555519874109,2019-04-17T16:51:14.109Z,buy,5.14e-06,609.0,0.00313026
REQ/BTC,1555520068322,2019-04-17T16:54:28.322Z,buy,5.15e-06,389.0,0.00200335
REQ/BTC,1555520075504,2019-04-17T16:54:35.504Z,sell,5.13e-06,21120.0,0.1083456
REQ/BTC,1555520145459,2019-04-17T16:55:45.459Z,sell,5.13e-06,560.0,0.0028728
REQ/BTC,1555520145459,2019-04-17T16:55:45.459Z,sell,5.13e-06,560.0,0.0028728
REQ/BTC,1555520258003,2019-04-17T16:57:38.003Z,buy,5.15e-06,36.0,0.0001854
REQ/BTC,1555520281472,2019-04-17T16:58:01.472Z,sell,5.13e-06,11981.0,0.06146253
REQ/BTC,1555520463965,2019-04-17T17:01:03.965Z,buy,5.15e-06,778.0,0.0040067
REQ/BTC,1555520484797,2019-04-17T17:01:24.797Z,sell,5.13e-06,2176.0,0.01116288
REQ/BTC,1555520569774,2019-04-17T17:02:49.774Z,sell,5.13e-06,1365.0,0.00700245
REQ/BTC,1555520937159,2019-04-17T17:08:57.159Z,buy,5.15e-06,924.0,0.0047586
REQ/BTC,1555520969464,2019-04-17T17:09:29.464Z,buy,5.15e-06,221.0,0.0011381499999999
REQ/BTC,1555521053957,2019-04-17T17:10:53.957Z,sell,5.14e-06,413.0,0.00212282
REQ/BTC,1555521072406,2019-04-17T17:11:12.406Z,buy,5.15e-06,600.0,0.00309
REQ/BTC,1555521072554,2019-04-17T17:11:12.554Z,buy,5.15e-06,472.0,0.0024308
REQ/BTC,1555521073333,2019-04-17T17:11:13.333Z,sell,5.15e-06,578.0,0.0029767
REQ/BTC,1555521084761,2019-04-17T17:11:24.761Z,buy,5.16e-06,451.0,0.00232716
REQ/BTC,1555521354900,2019-04-17T17:15:54.900Z,buy,5.16e-06,358.0,0.00184728
REQ/BTC,1555521386792,2019-04-17T17:16:26.792Z,sell,5.14e-06,3011.0,0.01547654
REQ/BTC,1555521521848,2019-04-17T17:18:41.848Z,buy,5.16e-06,300.0,0.001548
REQ/BTC,1555521523735,2019-04-17T17:18:43.735Z,buy,5.16e-06,300.0,0.001548
REQ/BTC,1555521524922,2019-04-17T17:18:44.922Z,buy,5.16e-06,300.0,0.001548
REQ/BTC,1555521526871,2019-04-17T17:18:46.871Z,buy,5.16e-06,300.0,0.001548
REQ/BTC,1555521529657,2019-04-17T17:18:49.657Z,buy,5.16e-06,300.0,0.001548
REQ/BTC,1555521538951,2019-04-17T17:18:58.951Z,buy,5.16e-06,5734.0,0.02958744
REQ/BTC,1555522219530,2019-04-17T17:30:19.530Z,sell,5.14e-06,292.0,0.00150088
REQ/BTC,1555522244774,2019-04-17T17:30:44.774Z,sell,5.13e-06,1211.0,0.00621243
REQ/BTC,1555522351126,2019-04-17T17:32:31.126Z,buy,5.14e-06,214.0,0.00109996
REQ/BTC,1555522381674,2019-04-17T17:33:01.674Z,buy,5.15e-06,239.0,0.00123085
REQ/BTC,1555522384162,2019-04-17T17:33:04.162Z,buy,5.15e-06,3859.0,0.01987385
REQ/BTC,1555522508472,2019-04-17T17:35:08.472Z,sell,5.15e-06,213.0,0.00109695
REQ/BTC,1555522511111,2019-04-17T17:35:11.111Z,sell,5.15e-06,496.0,0.0025544
REQ/BTC,1555522580644,2019-04-17T17:36:20.644Z,sell,5.15e-06,3849.0,0.01982235
REQ/BTC,1555522599880,2019-04-17T17:36:39.880Z,sell,5.15e-06,256.0,0.0013184
REQ/BTC,1555522654298,2019-04-17T17:37:34.298Z,buy,5.15e-06,34.0,0.0001751
REQ/BTC,1555522693178,2019-04-17T17:38:13.178Z,buy,5.15e-06,2622.0,0.0135033
REQ/BTC,1555523375073,2019-04-17T17:49:35.073Z,sell,5.15e-06,606.0,0.0031209
REQ/BTC,1555523456478,2019-04-17T17:50:56.478Z,buy,5.16e-06,6654.0,0.03433464
REQ/BTC,1555523457411,2019-04-17T17:50:57.411Z,sell,5.15e-06,826.0,0.0042539
REQ/BTC,1555523457411,2019-04-17T17:50:57.411Z,sell,5.15e-06,826.0,0.0042539
REQ/BTC,1555523881594,2019-04-17T17:58:01.594Z,buy,5.16e-06,37.0,0.00019092
REQ/BTC,1555523945819,2019-04-17T17:59:05.819Z,buy,5.16e-06,3153.0,0.01626948
REQ/BTC,1555524624093,2019-04-17T18:10:24.093Z,buy,5.16e-06,690.0,0.0035604
REQ/BTC,1555524646599,2019-04-17T18:10:46.599Z,buy,5.16e-06,6645.0,0.0342882
REQ/BTC,1555524658186,2019-04-17T18:10:58.186Z,sell,5.15e-06,88.0,0.0004531999999999
REQ/BTC,1555524668952,2019-04-17T18:11:08.952Z,sell,5.14e-06,903.0,0.00464142
REQ/BTC,1555524777003,2019-04-17T18:12:57.003Z,sell,5.14e-06,2798.0,0.01438172
REQ/BTC,1555524791513,2019-04-17T18:13:11.513Z,sell,5.14e-06,5210.0,0.0267794
REQ/BTC,1555525258485,2019-04-17T18:20:58.485Z,sell,5.14e-06,3303.0,0.01697742
REQ/BTC,1555525300252,2019-04-17T18:21:40.252Z,buy,5.15e-06,583.0,0.00300245
REQ/BTC,1555525302233,2019-04-17T18:21:42.233Z,sell,5.15e-06,229.0,0.00117935
REQ/BTC,1555525437926,2019-04-17T18:23:57.926Z,buy,5.15e-06,7000.0,0.03605
REQ/BTC,1555525839899,2019-04-17T18:30:39.899Z,sell,5.14e-06,208.0,0.00106912
REQ/BTC,1555526464631,2019-04-17T18:41:04.631Z,buy,5.15e-06,198.0,0.0010197
REQ/BTC,1555526547134,2019-04-17T18:42:27.134Z,buy,5.15e-06,195.0,0.00100425
REQ/BTC,1555526727366,2019-04-17T18:45:27.366Z,sell,5.15e-06,383.0,0.0019724499999999
REQ/BTC,1555526870717,2019-04-17T18:47:50.717Z,buy,5.16e-06,34.0,0.00017544
REQ/BTC,1555527016980,2019-04-17T18:50:16.980Z,buy,5.16e-06,24910.0,0.1285356
REQ/BTC,1555527034735,2019-04-17T18:50:34.735Z,sell,5.16e-06,237.0,0.00122292
REQ/BTC,1555527034735,2019-04-17T18:50:34.735Z,sell,5.16e-06,237.0,0.00122292
REQ/BTC,1555527200220,2019-04-17T18:53:20.220Z,buy,5.17e-06,13002.0,0.0672203399999999
REQ/BTC,1555527200220,2019-04-17T18:53:20.220Z,buy,5.18e-06,6443.0,0.03337474
REQ/BTC,1555527265937,2019-04-17T18:54:25.937Z,buy,5.17e-06,1934.0,0.0099987799999999
REQ/BTC,1555527342445,2019-04-17T18:55:42.445Z,sell,5.16e-06,6210.0,0.0320436
REQ/BTC,1555527365250,2019-04-17T18:56:05.250Z,buy,5.16e-06,385.0,0.0019866
REQ/BTC,1555527365250,2019-04-17T18:56:05.250Z,buy,5.17e-06,85.0,0.00043945
REQ/BTC,1555527549985,2019-04-17T18:59:09.985Z,sell,5.15e-06,467.0,0.0024050499999999
REQ/BTC,1555527574049,2019-04-17T18:59:34.049Z,buy,5.16e-06,1812.0,0.00934992
REQ/BTC,1555527604265,2019-04-17T19:00:04.265Z,sell,5.16e-06,2600.0,0.0134159999999999
REQ/BTC,1555527664726,2019-04-17T19:01:04.726Z,buy,5.17e-06,626.0,0.00323642
REQ/BTC,1555527744541,2019-04-17T19:02:24.541Z,buy,5.17e-06,3932.0,0.02032844
REQ/BTC,1555527766813,2019-04-17T19:02:46.813Z,buy,5.17e-06,195.0,0.00100815
REQ/BTC,1555528112859,2019-04-17T19:08:32.859Z,sell,5.16e-06,580.0,0.0029928
REQ/BTC,1555528370665,2019-04-17T19:12:50.665Z,sell,5.16e-06,3911.0,0.02018076
REQ/BTC,1555528541988,2019-04-17T19:15:41.988Z,sell,5.16e-06,2427.0,0.01252332
REQ/BTC,1555528544479,2019-04-17T19:15:44.479Z,buy,5.17e-06,17238.0,0.08912046
REQ/BTC,1555528609151,2019-04-17T19:16:49.151Z,sell,5.17e-06,264.0,0.00136488
REQ/BTC,1555528638045,2019-04-17T19:17:18.045Z,sell,5.17e-06,17000.0,0.08789
REQ/BTC,1555528893970,2019-04-17T19:21:33.970Z,sell,5.17e-06,7693.0,0.03977281
REQ/BTC,1555529875747,2019-04-17T19:37:55.747Z,buy,5.18e-06,4999.0,0.02589482
REQ/BTC,1555530054272,2019-04-17T19:40:54.272Z,sell,5.17e-06,495.0,0.0025591499999999
REQ/BTC,1555530054272,2019-04-17T19:40:54.272Z,sell,5.17e-06,495.0,0.0025591499999999
REQ/BTC,1555530857696,2019-04-17T19:54:17.696Z,buy,5.18e-06,1934.0,0.01001812
REQ/BTC,1555531689255,2019-04-17T20:08:09.255Z,sell,5.17e-06,17082.0,0.08831394
REQ/BTC,1555531697974,2019-04-17T20:08:17.974Z,sell,5.17e-06,254.0,0.00131318
REQ/BTC,1555532066484,2019-04-17T20:14:26.484Z,buy,5.18e-06,15526.0,0.08042468
REQ/BTC,1555532207284,2019-04-17T20:16:47.284Z,buy,5.18e-06,1392.0,0.00721056
REQ/BTC,1555533211451,2019-04-17T20:33:31.451Z,buy,5.18e-06,3519.0,0.01822842
REQ/BTC,1555533313224,2019-04-17T20:35:13.224Z,buy,5.19e-06,20707.0,0.10746933
REQ/BTC,1555533319373,2019-04-17T20:35:19.373Z,buy,5.19e-06,1200.0,0.006228
REQ/BTC,1555533603573,2019-04-17T20:40:03.573Z,buy,5.19e-06,263.0,0.00136497
REQ/BTC,1555533603573,2019-04-17T20:40:03.573Z,buy,5.19e-06,263.0,0.00136497
REQ/BTC,1555533659982,2019-04-17T20:40:59.982Z,buy,5.19e-06,386.0,0.00200334
REQ/BTC,1555533851267,2019-04-17T20:44:11.267Z,sell,5.18e-06,3000.0,0.01554
REQ/BTC,1555534526355,2019-04-17T20:55:26.355Z,buy,5.19e-06,31180.0,0.1618242
REQ/BTC,1555534527361,2019-04-17T20:55:27.361Z,buy,5.2e-06,54951.0,0.2857452
REQ/BTC,1555534527585,2019-04-17T20:55:27.585Z,sell,5.19e-06,1047.0,0.00543393
REQ/BTC,1555534527771,2019-04-17T20:55:27.771Z,sell,5.19e-06,1047.0,0.00543393
REQ/BTC,1555534527925,2019-04-17T20:55:27.925Z,sell,5.19e-06,1047.0,0.00543393
REQ/BTC,1555534815675,2019-04-17T21:00:15.675Z,sell,5.19e-06,14677.0,0.07617363
REQ/BTC,1555534816389,2019-04-17T21:00:16.389Z,buy,5.19e-06,24106.0,0.12511014
REQ/BTC,1555534988202,2019-04-17T21:03:08.202Z,buy,5.21e-06,43347.0,0.22583787
REQ/BTC,1555534988453,2019-04-17T21:03:08.453Z,sell,5.21e-06,383.0,0.00199543
REQ/BTC,1555534989059,2019-04-17T21:03:09.059Z,sell,5.21e-06,1427.0,0.00743467
REQ/BTC,1555534998076,2019-04-17T21:03:18.076Z,buy,5.22e-06,19174.0,0.10008828
REQ/BTC,1555534998109,2019-04-17T21:03:18.109Z,sell,5.22e-06,3205.0,0.0167301
REQ/BTC,1555534998190,2019-04-17T21:03:18.190Z,sell,5.22e-06,3192.0,0.01666224
REQ/BTC,1555534998252,2019-04-17T21:03:18.252Z,sell,5.22e-06,439.0,0.00229158
REQ/BTC,1555534999981,2019-04-17T21:03:19.981Z,sell,5.21e-06,1530.0,0.0079713
REQ/BTC,1555535047948,2019-04-17T21:04:07.948Z,sell,5.21e-06,194.0,0.00101074
REQ/BTC,1555535132406,2019-04-17T21:05:32.406Z,sell,5.21e-06,400.0,0.002084
REQ/BTC,1555535299969,2019-04-17T21:08:19.969Z,sell,5.21e-06,301.0,0.00156821
REQ/BTC,1555535314328,2019-04-17T21:08:34.328Z,sell,5.21e-06,210.0,0.0010941
REQ/BTC,1555535365348,2019-04-17T21:09:25.348Z,buy,5.22e-06,363.0,0.00189486
REQ/BTC,1555535446596,2019-04-17T21:10:46.596Z,buy,5.22e-06,2202.0,0.01149444
REQ/BTC,1555535446765,2019-04-17T21:10:46.765Z,sell,5.22e-06,2291.0,0.01195902
REQ/BTC,1555535486308,2019-04-17T21:11:26.308Z,sell,5.21e-06,300.0,0.001563
REQ/BTC,1555535486718,2019-04-17T21:11:26.718Z,sell,5.21e-06,1986.0,0.01034706
REQ/BTC,1555535552113,2019-04-17T21:12:32.113Z,buy,5.22e-06,1227.0,0.00640494
REQ/BTC,1555535735259,2019-04-17T21:15:35.259Z,sell,5.21e-06,20660.0,0.1076386
REQ/BTC,1555535874642,2019-04-17T21:17:54.642Z,sell,5.21e-06,24949.0,0.12998429
REQ/BTC,1555536058912,2019-04-17T21:20:58.912Z,sell,5.21e-06,537.0,0.00279777
REQ/BTC,1555536142539,2019-04-17T21:22:22.539Z,sell,5.21e-06,4298.0,0.02239258
REQ/BTC,1555536160315,2019-04-17T21:22:40.315Z,sell,5.21e-06,29135.0,0.15179335
REQ/BTC,1555536160344,2019-04-17T21:22:40.344Z,sell,5.21e-06,3173.0,0.01653133
REQ/BTC,1555536171145,2019-04-17T21:22:51.145Z,sell,5.21e-06,204.0,0.00106284
REQ/BTC,1555536175334,2019-04-17T21:22:55.334Z,sell,5.21e-06,4584.0,0.02388264
REQ/BTC,1555536175584,2019-04-17T21:22:55.584Z,sell,5.21e-06,6736.0,0.03509456
REQ/BTC,1555536187143,2019-04-17T21:23:07.143Z,sell,5.21e-06,21254.0,0.11073334
REQ/BTC,1555536187149,2019-04-17T21:23:07.149Z,sell,5.2e-06,2147.0,0.0111644
REQ/BTC,1555536188411,2019-04-17T21:23:08.411Z,sell,5.19e-06,3022.0,0.01568418
REQ/BTC,1555536189432,2019-04-17T21:23:09.432Z,sell,5.19e-06,4356.0,0.02260764
REQ/BTC,1555536219517,2019-04-17T21:23:39.517Z,sell,5.19e-06,430.0,0.0022317
REQ/BTC,1555536224483,2019-04-17T21:23:44.483Z,sell,5.18e-06,1434.0,0.00742812
REQ/BTC,1555536226274,2019-04-17T21:23:46.274Z,sell,5.17e-06,2907.0,0.01502919
REQ/BTC,1555536228281,2019-04-17T21:23:48.281Z,sell,5.17e-06,953.0,0.00492701
REQ/BTC,1555536240802,2019-04-17T21:24:00.802Z,sell,5.17e-06,513.0,0.00265221
REQ/BTC,1555536537884,2019-04-17T21:28:57.884Z,sell,5.18e-06,194.0,0.00100492
REQ/BTC,1555536538552,2019-04-17T21:28:58.552Z,buy,5.18e-06,824.0,0.00426832
REQ/BTC,1555536649561,2019-04-17T21:30:49.561Z,buy,5.18e-06,414.0,0.00214452
REQ/BTC,1555536816749,2019-04-17T21:33:36.749Z,sell,5.17e-06,1018.0,0.00526306
REQ/BTC,1555536893002,2019-04-17T21:34:53.002Z,sell,5.17e-06,194.0,0.0010029799999999
REQ/BTC,1555537030001,2019-04-17T21:37:10.001Z,sell,5.17e-06,1018.0,0.00526306
REQ/BTC,1555537030001,2019-04-17T21:37:10.001Z,sell,5.17e-06,1018.0,0.00526306
REQ/BTC,1555537242312,2019-04-17T21:40:42.312Z,sell,5.17e-06,1018.0,0.00526306
REQ/BTC,1555537422825,2019-04-17T21:43:42.825Z,sell,5.17e-06,4716.0,0.02438172
REQ/BTC,1555537448139,2019-04-17T21:44:08.139Z,sell,5.16e-06,6951.0,0.0358671599999999
REQ/BTC,1555537448237,2019-04-17T21:44:08.237Z,buy,5.16e-06,1730.0,0.0089268
REQ/BTC,1555537462264,2019-04-17T21:44:22.264Z,sell,5.15e-06,1018.0,0.0052426999999999
REQ/BTC,1555537488979,2019-04-17T21:44:48.979Z,sell,5.15e-06,19890.0,0.1024335
REQ/BTC,1555537533470,2019-04-17T21:45:33.470Z,sell,5.15e-06,32751.0,0.16866765
REQ/BTC,1555537533504,2019-04-17T21:45:33.504Z,buy,5.15e-06,1052.0,0.0054177999999999
REQ/BTC,1555537533522,2019-04-17T21:45:33.522Z,buy,5.15e-06,1867.0,0.00961505
REQ/BTC,1555537533641,2019-04-17T21:45:33.641Z,buy,5.15e-06,71567.0,0.36857005
REQ/BTC,1555537535635,2019-04-17T21:45:35.635Z,buy,5.17e-06,215.0,0.00111155
REQ/BTC,1555537606640,2019-04-17T21:46:46.640Z,buy,5.17e-06,1018.0,0.00526306
REQ/BTC,1555537699799,2019-04-17T21:48:19.799Z,buy,5.18e-06,415.0,0.0021497
REQ/BTC,1555537814661,2019-04-17T21:50:14.661Z,buy,5.17e-06,1018.0,0.00526306
REQ/BTC,1555537847667,2019-04-17T21:50:47.667Z,buy,5.16e-06,575.0,0.002967
REQ/BTC,1555537855152,2019-04-17T21:50:55.152Z,sell,5.17e-06,929.0,0.0048029299999999
REQ/BTC,1555537855152,2019-04-17T21:50:55.152Z,sell,5.16e-06,271.0,0.00139836
REQ/BTC,1555538022249,2019-04-17T21:53:42.249Z,sell,5.17e-06,1018.0,0.00526306
REQ/BTC,1555538157028,2019-04-17T21:55:57.028Z,buy,5.18e-06,8.0,4.144e-05
REQ/BTC,1555538157028,2019-04-17T21:55:57.028Z,buy,5.19e-06,430.0,0.0022317
REQ/BTC,1555538157028,2019-04-17T21:55:57.028Z,buy,5.2e-06,1492.0,0.0077584
REQ/BTC,1555538167787,2019-04-17T21:56:07.787Z,buy,5.19e-06,1078.0,0.00559482
REQ/BTC,1555538186947,2019-04-17T21:56:26.947Z,sell,5.17e-06,590.0,0.0030502999999999
REQ/BTC,1555538186947,2019-04-17T21:56:26.947Z,sell,5.16e-06,16725.0,0.0863009999999999
REQ/BTC,1555538301683,2019-04-17T21:58:21.683Z,sell,5.17e-06,430.0,0.0022231
REQ/BTC,1555538445692,2019-04-17T22:00:45.692Z,sell,5.16e-06,1022.0,0.0052735199999999
REQ/BTC,1555538511212,2019-04-17T22:01:51.212Z,buy,5.18e-06,361.0,0.00186998
REQ/BTC,1555538637519,2019-04-17T22:03:57.519Z,buy,5.18e-06,547.0,0.00283346
REQ/BTC,1555538763403,2019-04-17T22:06:03.403Z,buy,5.18e-06,1198.0,0.00620564
REQ/BTC,1555538766923,2019-04-17T22:06:06.923Z,buy,5.18e-06,3970.0,0.0205646
REQ/BTC,1555538832549,2019-04-17T22:07:12.549Z,buy,5.18e-06,695.0,0.0036001
REQ/BTC,1555538836618,2019-04-17T22:07:16.618Z,sell,5.16e-06,3966.0,0.02046456
REQ/BTC,1555538902861,2019-04-17T22:08:22.861Z,buy,5.18e-06,226.0,0.00117068
REQ/BTC,1555539009522,2019-04-17T22:10:09.522Z,buy,5.18e-06,13500.0,0.06993
REQ/BTC,1555539542803,2019-04-17T22:19:02.803Z,buy,5.18e-06,2560.0,0.0132608
REQ/BTC,1555539666997,2019-04-17T22:21:06.997Z,buy,5.18e-06,3652.0,0.01891736
REQ/BTC,1555539667407,2019-04-17T22:21:07.407Z,sell,5.17e-06,872.0,0.0045082399999999
REQ/BTC,1555539677114,2019-04-17T22:21:17.114Z,sell,5.17e-06,1198.0,0.0061936599999999
REQ/BTC,1555539904419,2019-04-17T22:25:04.419Z,sell,5.17e-06,277.0,0.0014320899999999
REQ/BTC,1555540058178,2019-04-17T22:27:38.178Z,buy,5.19e-06,7808.0,0.04052352
REQ/BTC,1555540093409,2019-04-17T22:28:13.409Z,sell,5.18e-06,320.0,0.0016576
REQ/BTC,1555540263225,2019-04-17T22:31:03.225Z,buy,5.19e-06,2045.0,0.01061355
REQ/BTC,1555540269888,2019-04-17T22:31:09.888Z,buy,5.2e-06,1195.0,0.006214
REQ/BTC,1555540329015,2019-04-17T22:32:09.015Z,sell,5.19e-06,11362.0,0.05896878
REQ/BTC,1555540506196,2019-04-17T22:35:06.196Z,sell,5.19e-06,4249.0,0.02205231
REQ/BTC,1555540506196,2019-04-17T22:35:06.196Z,sell,5.19e-06,4249.0,0.02205231
REQ/BTC,1555540855580,2019-04-17T22:40:55.580Z,sell,5.18e-06,404.0,0.00209272
REQ/BTC,1555540865427,2019-04-17T22:41:05.427Z,sell,5.18e-06,17125.0,0.0887075
REQ/BTC,1555540865427,2019-04-17T22:41:05.427Z,sell,5.17e-06,12900.0,0.0666929999999999
REQ/BTC,1555540901136,2019-04-17T22:41:41.136Z,sell,5.19e-06,25600.0,0.132864
REQ/BTC,1555540954658,2019-04-17T22:42:34.658Z,sell,5.19e-06,2150.0,0.0111585
REQ/BTC,1555541072851,2019-04-17T22:44:32.851Z,buy,5.21e-06,15245.0,0.07942645
REQ/BTC,1555541072966,2019-04-17T22:44:32.966Z,sell,5.21e-06,17863.0,0.09306623
REQ/BTC,1555541073086,2019-04-17T22:44:33.086Z,sell,5.21e-06,9399.0,0.04896879
REQ/BTC,1555541073717,2019-04-17T22:44:33.717Z,sell,5.21e-06,840.0,0.0043764
REQ/BTC,1555541073976,2019-04-17T22:44:33.976Z,sell,5.21e-06,253.0,0.00131813
REQ/BTC,1555541074055,2019-04-17T22:44:34.055Z,sell,5.21e-06,840.0,0.0043764
REQ/BTC,1555541074135,2019-04-17T22:44:34.135Z,sell,5.21e-06,300.0,0.001563
REQ/BTC,1555541107987,2019-04-17T22:45:07.987Z,sell,5.21e-06,194.0,0.00101074
REQ/BTC,1555541150632,2019-04-17T22:45:50.632Z,sell,5.21e-06,430.0,0.0022403
REQ/BTC,1555541300005,2019-04-17T22:48:20.005Z,buy,5.22e-06,7246.0,0.03782412
REQ/BTC,1555541348258,2019-04-17T22:49:08.258Z,buy,5.23e-06,1912.0,0.00999976
REQ/BTC,1555541609234,2019-04-17T22:53:29.234Z,sell,5.22e-06,4717.0,0.02462274
REQ/BTC,1555541616486,2019-04-17T22:53:36.486Z,sell,5.22e-06,1941.0,0.01013202
REQ/BTC,1555541637491,2019-04-17T22:53:57.491Z,buy,5.23e-06,10860.0,0.0567977999999999
REQ/BTC,1555541756113,2019-04-17T22:55:56.113Z,buy,5.23e-06,2400.0,0.0125519999999999
REQ/BTC,1555542031005,2019-04-17T23:00:31.005Z,buy,5.23e-06,703.0,0.00367669
REQ/BTC,1555542062161,2019-04-17T23:01:02.161Z,sell,5.23e-06,15877.0,0.08303671
REQ/BTC,1555542068337,2019-04-17T23:01:08.337Z,sell,5.22e-06,1546.0,0.00807012
REQ/BTC,1555542113369,2019-04-17T23:01:53.369Z,sell,5.22e-06,45411.0,0.23704542
REQ/BTC,1555542481011,2019-04-17T23:08:01.011Z,sell,5.22e-06,32235.0,0.1682667
REQ/BTC,1555542482974,2019-04-17T23:08:02.974Z,sell,5.22e-06,296.0,0.00154512
REQ/BTC,1555542597171,2019-04-17T23:09:57.171Z,buy,5.24e-06,429.0,0.00224796
REQ/BTC,1555542799082,2019-04-17T23:13:19.082Z,sell,5.22e-06,349.0,0.00182178
REQ/BTC,1555543216454,2019-04-17T23:20:16.454Z,sell,5.22e-06,338.0,0.00176436
REQ/BTC,1555543314022,2019-04-17T23:21:54.022Z,buy,5.23e-06,262.0,0.0013702599999999
REQ/BTC,1555543321081,2019-04-17T23:22:01.081Z,sell,5.23e-06,1775.0,0.00928325
REQ/BTC,1555543452174,2019-04-17T23:24:12.174Z,sell,5.23e-06,1845.0,0.00964935
REQ/BTC,1555543452174,2019-04-17T23:24:12.174Z,sell,5.22e-06,999.0,0.00521478
REQ/BTC,1555543467033,2019-04-17T23:24:27.033Z,buy,5.24e-06,250.0,0.00131
REQ/BTC,1555543710170,2019-04-17T23:28:30.170Z,sell,5.23e-06,8731.0,0.0456631299999999
REQ/BTC,1555543974214,2019-04-17T23:32:54.214Z,sell,5.22e-06,287.0,0.00149814
REQ/BTC,1555543974214,2019-04-17T23:32:54.214Z,sell,5.22e-06,287.0,0.00149814
REQ/BTC,1555544665969,2019-04-17T23:44:25.969Z,buy,5.23e-06,3831.0,0.02003613
REQ/BTC,1555545287147,2019-04-17T23:54:47.147Z,sell,5.22e-06,1912.0,0.00998064
REQ/BTC,1555545727400,2019-04-18T00:02:07.400Z,sell,5.22e-06,20460.0,0.1068012
REQ/BTC,1555546011525,2019-04-18T00:06:51.525Z,buy,5.23e-06,2548.0,0.0133260399999999
REQ/BTC,1555546292265,2019-04-18T00:11:32.265Z,buy,5.23e-06,1105.0,0.00577915
REQ/BTC,1555546292265,2019-04-18T00:11:32.265Z,buy,5.23e-06,1105.0,0.00577915
REQ/BTC,1555548012803,2019-04-18T00:40:12.803Z,buy,5.23e-06,2158.0,0.01128634
REQ/BTC,1555548075891,2019-04-18T00:41:15.891Z,sell,5.22e-06,763.0,0.00398286
REQ/BTC,1555548086197,2019-04-18T00:41:26.197Z,buy,5.23e-06,287.0,0.0015010099999999
REQ/BTC,1555548124693,2019-04-18T00:42:04.693Z,buy,5.23e-06,17218.0,0.09005014
REQ/BTC,1555548125681,2019-04-18T00:42:05.681Z,buy,5.24e-06,95095.0,0.4982977999999999
REQ/BTC,1555548234569,2019-04-18T00:43:54.569Z,sell,5.22e-06,7736.0,0.04038192
REQ/BTC,1555548512844,2019-04-18T00:48:32.844Z,sell,5.22e-06,7000.0,0.03654
REQ/BTC,1555549208637,2019-04-18T01:00:08.637Z,buy,5.25e-06,460.0,0.002415
REQ/BTC,1555549208917,2019-04-18T01:00:08.917Z,sell,5.22e-06,971.0,0.00506862
REQ/BTC,1555549208918,2019-04-18T01:00:08.918Z,sell,5.22e-06,972.0,0.00507384
REQ/BTC,1555549211186,2019-04-18T01:00:11.186Z,sell,5.22e-06,460.0,0.0024012
REQ/BTC,1555549211186,2019-04-18T01:00:11.186Z,sell,5.22e-06,460.0,0.0024012
REQ/BTC,1555550041096,2019-04-18T01:14:01.096Z,buy,5.25e-06,211.0,0.00110775
REQ/BTC,1555550629193,2019-04-18T01:23:49.193Z,sell,5.24e-06,482.0,0.0025256799999999
REQ/BTC,1555550629888,2019-04-18T01:23:49.888Z,sell,5.24e-06,389.0,0.00203836
REQ/BTC,1555550638970,2019-04-18T01:23:58.970Z,sell,5.22e-06,1606.0,0.00838332
REQ/BTC,1555550654997,2019-04-18T01:24:14.997Z,sell,5.22e-06,309.0,0.00161298
REQ/BTC,1555550784031,2019-04-18T01:26:24.031Z,buy,5.25e-06,1830.0,0.0096075
REQ/BTC,1555550784101,2019-04-18T01:26:24.101Z,buy,5.25e-06,845.0,0.00443625
REQ/BTC,1555550787927,2019-04-18T01:26:27.927Z,buy,5.25e-06,8372.0,0.043953
REQ/BTC,1555550788889,2019-04-18T01:26:28.889Z,sell,5.25e-06,975.0,0.00511875
REQ/BTC,1555550796110,2019-04-18T01:26:36.110Z,sell,5.25e-06,287.0,0.0015067499999999
REQ/BTC,1555550801068,2019-04-18T01:26:41.068Z,sell,5.25e-06,2566.0,0.0134714999999999
REQ/BTC,1555550829950,2019-04-18T01:27:09.950Z,buy,5.26e-06,445.0,0.0023407
REQ/BTC,1555550839602,2019-04-18T01:27:19.602Z,buy,5.26e-06,193.0,0.0010151799999999
REQ/BTC,1555550893543,2019-04-18T01:28:13.543Z,buy,5.26e-06,6206.0,0.0326435599999999
REQ/BTC,1555550893604,2019-04-18T01:28:13.604Z,buy,5.26e-06,205.0,0.0010783
REQ/BTC,1555550893624,2019-04-18T01:28:13.624Z,buy,5.26e-06,6206.0,0.0326435599999999
REQ/BTC,1555550893632,2019-04-18T01:28:13.632Z,buy,5.26e-06,12975.0,0.0682484999999999
REQ/BTC,1555550893703,2019-04-18T01:28:13.703Z,buy,5.26e-06,4705.0,0.0247482999999999
REQ/BTC,1555550902379,2019-04-18T01:28:22.379Z,buy,5.26e-06,10742.0,0.05650292
REQ/BTC,1555550902453,2019-04-18T01:28:22.453Z,buy,5.26e-06,1680.0,0.0088367999999999
REQ/BTC,1555550907705,2019-04-18T01:28:27.705Z,sell,5.24e-06,381.0,0.00199644
REQ/BTC,1555550916936,2019-04-18T01:28:36.936Z,buy,5.26e-06,3576.0,0.01880976
REQ/BTC,1555550917948,2019-04-18T01:28:37.948Z,buy,5.26e-06,2568.0,0.01350768
REQ/BTC,1555550943933,2019-04-18T01:29:03.933Z,buy,5.27e-06,3603.0,0.01898781
REQ/BTC,1555550957072,2019-04-18T01:29:17.072Z,buy,5.27e-06,764.0,0.00402628
REQ/BTC,1555550962938,2019-04-18T01:29:22.938Z,buy,5.27e-06,25266.0,0.13315182
REQ/BTC,1555550988944,2019-04-18T01:29:48.944Z,buy,5.27e-06,7156.0,0.03771212
REQ/BTC,1555550999937,2019-04-18T01:29:59.937Z,buy,5.27e-06,3928.0,0.02070056
REQ/BTC,1555551061944,2019-04-18T01:31:01.944Z,buy,5.27e-06,358.0,0.00188666
REQ/BTC,1555551156351,2019-04-18T01:32:36.351Z,buy,5.27e-06,2000.0,0.01054
REQ/BTC,1555551186081,2019-04-18T01:33:06.081Z,buy,5.27e-06,227.0,0.00119629
REQ/BTC,1555551265829,2019-04-18T01:34:25.829Z,buy,5.27e-06,1538.0,0.00810526
REQ/BTC,1555551338411,2019-04-18T01:35:38.411Z,buy,5.27e-06,6773.0,0.03569371
REQ/BTC,1555551593193,2019-04-18T01:39:53.193Z,sell,5.25e-06,200.0,0.00105
REQ/BTC,1555551607115,2019-04-18T01:40:07.115Z,buy,5.27e-06,380.0,0.0020026
REQ/BTC,1555551897853,2019-04-18T01:44:57.853Z,sell,5.25e-06,6766.0,0.0355215
REQ/BTC,1555551908881,2019-04-18T01:45:08.881Z,buy,5.26e-06,200.0,0.001052
REQ/BTC,1555551909302,2019-04-18T01:45:09.302Z,buy,5.26e-06,200.0,0.001052
REQ/BTC,1555551938971,2019-04-18T01:45:38.971Z,buy,5.26e-06,500.0,0.00263
REQ/BTC,1555551939237,2019-04-18T01:45:39.237Z,buy,5.26e-06,9015.0,0.0474189
REQ/BTC,1555552074046,2019-04-18T01:47:54.046Z,buy,5.26e-06,1000.0,0.00526
REQ/BTC,1555552433109,2019-04-18T01:53:53.109Z,buy,5.27e-06,759.0,0.00399993
REQ/BTC,1555552511073,2019-04-18T01:55:11.073Z,buy,5.27e-06,48041.0,0.25317607
REQ/BTC,1555552514120,2019-04-18T01:55:14.120Z,sell,5.25e-06,277.0,0.0014542499999999
REQ/BTC,1555552704313,2019-04-18T01:58:24.313Z,buy,5.27e-06,592.0,0.00311984
REQ/BTC,1555552719686,2019-04-18T01:58:39.686Z,buy,5.27e-06,14549.0,0.07667323
REQ/BTC,1555552719686,2019-04-18T01:58:39.686Z,buy,5.27e-06,14549.0,0.07667323
REQ/BTC,1555553082574,2019-04-18T02:04:42.574Z,buy,5.27e-06,2496.0,0.01315392
REQ/BTC,1555553154794,2019-04-18T02:05:54.794Z,buy,5.26e-06,8409.0,0.0442313399999999
REQ/BTC,1555553224690,2019-04-18T02:07:04.690Z,sell,5.25e-06,48156.0,0.2528189999999999
REQ/BTC,1555553244329,2019-04-18T02:07:24.329Z,sell,5.24e-06,6052.0,0.03171248
REQ/BTC,1555553244347,2019-04-18T02:07:24.347Z,buy,5.24e-06,10742.0,0.05628808
REQ/BTC,1555553244395,2019-04-18T02:07:24.395Z,buy,5.24e-06,1823.0,0.00955252
REQ/BTC,1555553244423,2019-04-18T02:07:24.423Z,buy,5.24e-06,1823.0,0.00955252
REQ/BTC,1555553244456,2019-04-18T02:07:24.456Z,buy,5.24e-06,1823.0,0.00955252
REQ/BTC,1555553244480,2019-04-18T02:07:24.480Z,buy,5.24e-06,1823.0,0.00955252
REQ/BTC,1555553244596,2019-04-18T02:07:24.596Z,buy,5.24e-06,8689.0,0.04553036
REQ/BTC,1555553264311,2019-04-18T02:07:44.311Z,sell,5.23e-06,2141.0,0.01119743
REQ/BTC,1555553279158,2019-04-18T02:07:59.158Z,sell,5.23e-06,15878.0,0.08304194
REQ/BTC,1555553279158,2019-04-18T02:07:59.158Z,sell,5.22e-06,75015.0,0.3915783
REQ/BTC,1555553281195,2019-04-18T02:08:01.195Z,sell,5.22e-06,1080.0,0.0056376
REQ/BTC,1555553281195,2019-04-18T02:08:01.195Z,sell,5.21e-06,2390.0,0.0124519
REQ/BTC,1555553281216,2019-04-18T02:08:01.216Z,sell,5.21e-06,3470.0,0.0180787
REQ/BTC,1555553281246,2019-04-18T02:08:01.246Z,sell,5.21e-06,3470.0,0.0180787
REQ/BTC,1555553281249,2019-04-18T02:08:01.249Z,sell,5.21e-06,3470.0,0.0180787
REQ/BTC,1555553289902,2019-04-18T02:08:09.902Z,sell,5.21e-06,239.0,0.00124519
REQ/BTC,1555553304636,2019-04-18T02:08:24.636Z,sell,5.23e-06,8148.0,0.04261404
REQ/BTC,1555553304636,2019-04-18T02:08:24.636Z,sell,5.22e-06,637.0,0.00332514
REQ/BTC,1555553304636,2019-04-18T02:08:24.636Z,sell,5.21e-06,41384.0,0.21561064
REQ/BTC,1555553359932,2019-04-18T02:09:19.932Z,buy,5.24e-06,12348.0,0.06470352
REQ/BTC,1555553421391,2019-04-18T02:10:21.391Z,sell,5.24e-06,199.0,0.00104276
REQ/BTC,1555553448734,2019-04-18T02:10:48.734Z,buy,5.25e-06,332.0,0.001743
REQ/BTC,1555553456039,2019-04-18T02:10:56.039Z,buy,5.25e-06,8674.0,0.0455384999999999
REQ/BTC,1555553513198,2019-04-18T02:11:53.198Z,sell,5.24e-06,260.0,0.0013624
REQ/BTC,1555554153062,2019-04-18T02:22:33.062Z,sell,5.23e-06,1388.0,0.00725924
REQ/BTC,1555554943678,2019-04-18T02:35:43.678Z,sell,5.23e-06,450.0,0.0023535
REQ/BTC,1555555095225,2019-04-18T02:38:15.225Z,buy,5.23e-06,1104.0,0.00577392
REQ/BTC,1555556215326,2019-04-18T02:56:55.326Z,buy,5.25e-06,514.0,0.0026985
REQ/BTC,1555556215326,2019-04-18T02:56:55.326Z,buy,5.25e-06,514.0,0.0026985
REQ/BTC,1555557242928,2019-04-18T03:14:02.928Z,buy,5.24e-06,2993.0,0.01568332
REQ/BTC,1555557242928,2019-04-18T03:14:02.928Z,buy,5.25e-06,2007.0,0.01053675
REQ/BTC,1555557309992,2019-04-18T03:15:09.992Z,sell,5.23e-06,210.0,0.0010983
REQ/BTC,1555557309992,2019-04-18T03:15:09.992Z,sell,5.22e-06,2578.0,0.01345716
REQ/BTC,1555557310191,2019-04-18T03:15:10.191Z,buy,5.22e-06,1556.0,0.00812232
REQ/BTC,1555557572641,2019-04-18T03:19:32.641Z,sell,5.22e-06,541.0,0.00282402
REQ/BTC,1555557788839,2019-04-18T03:23:08.839Z,buy,5.24e-06,13546.0,0.07098104
REQ/BTC,1555557788866,2019-04-18T03:23:08.866Z,sell,5.24e-06,1607.0,0.00842068
REQ/BTC,1555557797628,2019-04-18T03:23:17.628Z,buy,5.25e-06,237.0,0.00124425
REQ/BTC,1555558499248,2019-04-18T03:34:59.248Z,buy,5.25e-06,959.0,0.0050347499999999
REQ/BTC,1555558499248,2019-04-18T03:34:59.248Z,buy,5.26e-06,3448.0,0.01813648
REQ/BTC,1555558937856,2019-04-18T03:42:17.856Z,buy,5.25e-06,4912.0,0.025788
REQ/BTC,1555558937856,2019-04-18T03:42:17.856Z,buy,5.26e-06,4597.0,0.02418022
REQ/BTC,1555558966751,2019-04-18T03:42:46.751Z,sell,5.24e-06,7254.0,0.0380109599999999
REQ/BTC,1555558985009,2019-04-18T03:43:05.009Z,sell,5.23e-06,28316.0,0.14809268
REQ/BTC,1555559019722,2019-04-18T03:43:39.722Z,sell,5.22e-06,52051.0,0.27170622
REQ/BTC,1555559127732,2019-04-18T03:45:27.732Z,buy,5.24e-06,5725.0,0.0299989999999999
REQ/BTC,1555559128931,2019-04-18T03:45:28.931Z,buy,5.24e-06,4771.0,0.0250000399999999
REQ/BTC,1555559128935,2019-04-18T03:45:28.935Z,buy,5.24e-06,4008.0,0.02100192
REQ/BTC,1555559130043,2019-04-18T03:45:30.043Z,buy,5.24e-06,10310.0,0.0540244
REQ/BTC,1555559130043,2019-04-18T03:45:30.043Z,buy,5.25e-06,14075.0,0.07389375
REQ/BTC,1555559136567,2019-04-18T03:45:36.567Z,buy,5.25e-06,9542.0,0.0500954999999999
REQ/BTC,1555559159745,2019-04-18T03:45:59.745Z,buy,5.25e-06,1623.0,0.0085207499999999
REQ/BTC,1555559204603,2019-04-18T03:46:44.603Z,sell,5.24e-06,200.0,0.0010479999999999
REQ/BTC,1555559206366,2019-04-18T03:46:46.366Z,buy,5.25e-06,286.0,0.0015015
REQ/BTC,1555559206650,2019-04-18T03:46:46.650Z,buy,5.25e-06,4198.0,0.0220395
REQ/BTC,1555559214220,2019-04-18T03:46:54.220Z,buy,5.25e-06,9542.0,0.0500954999999999
REQ/BTC,1555559288303,2019-04-18T03:48:08.303Z,buy,5.25e-06,1524.0,0.008001
REQ/BTC,1555559288780,2019-04-18T03:48:08.780Z,buy,5.25e-06,19048.0,0.100002
REQ/BTC,1555559289046,2019-04-18T03:48:09.046Z,buy,5.25e-06,4762.0,0.0250005
REQ/BTC,1555559289435,2019-04-18T03:48:09.435Z,buy,5.25e-06,762.0,0.0040005
REQ/BTC,1555559289683,2019-04-18T03:48:09.683Z,buy,5.25e-06,221.0,0.00116025
REQ/BTC,1555559289782,2019-04-18T03:48:09.782Z,buy,5.25e-06,419.0,0.00219975
REQ/BTC,1555559290762,2019-04-18T03:48:10.762Z,buy,5.25e-06,2857.0,0.0149992499999999
REQ/BTC,1555559291149,2019-04-18T03:48:11.149Z,buy,5.25e-06,340.0,0.001785
REQ/BTC,1555559291359,2019-04-18T03:48:11.359Z,buy,5.25e-06,6134.0,0.0322034999999999
REQ/BTC,1555559291359,2019-04-18T03:48:11.359Z,buy,5.26e-06,3390.0,0.0178313999999999
REQ/BTC,1555559291418,2019-04-18T03:48:11.418Z,buy,5.26e-06,705.0,0.0037083
REQ/BTC,1555559291569,2019-04-18T03:48:11.569Z,buy,5.26e-06,3810.0,0.0200406
REQ/BTC,1555559291940,2019-04-18T03:48:11.940Z,buy,5.26e-06,1708.0,0.00898408
REQ/BTC,1555559291940,2019-04-18T03:48:11.940Z,buy,5.27e-06,1416.0,0.00746232
REQ/BTC,1555559363792,2019-04-18T03:49:23.792Z,buy,5.26e-06,12063.0,0.06345138
REQ/BTC,1555559408082,2019-04-18T03:50:08.082Z,buy,5.26e-06,1316.0,0.0069221599999999
REQ/BTC,1555559408245,2019-04-18T03:50:08.245Z,sell,5.26e-06,3853.0,0.0202667799999999
REQ/BTC,1555559408345,2019-04-18T03:50:08.345Z,sell,5.26e-06,3232.0,0.01700032
REQ/BTC,1555559408449,2019-04-18T03:50:08.449Z,sell,5.26e-06,8689.0,0.04570414
REQ/BTC,1555559408553,2019-04-18T03:50:08.553Z,sell,5.26e-06,4301.0,0.02262326
REQ/BTC,1555559409539,2019-04-18T03:50:09.539Z,sell,5.26e-06,3501.0,0.01841526
REQ/BTC,1555559791263,2019-04-18T03:56:31.263Z,sell,5.25e-06,1640.0,0.00861
REQ/BTC,1555559803914,2019-04-18T03:56:43.914Z,buy,5.27e-06,286.0,0.00150722
REQ/BTC,1555559803914,2019-04-18T03:56:43.914Z,buy,5.27e-06,286.0,0.00150722
REQ/BTC,1555559841584,2019-04-18T03:57:21.584Z,buy,5.27e-06,952.0,0.00501704
REQ/BTC,1555559905833,2019-04-18T03:58:25.833Z,sell,5.26e-06,2100.0,0.0110459999999999
REQ/BTC,1555560574995,2019-04-18T04:09:34.995Z,sell,5.26e-06,600.0,0.003156
REQ/BTC,1555560574995,2019-04-18T04:09:34.995Z,sell,5.25e-06,11513.0,0.06044325
REQ/BTC,1555560912860,2019-04-18T04:15:12.860Z,sell,5.25e-06,1035.0,0.0054337499999999
REQ/BTC,1555561226878,2019-04-18T04:20:26.878Z,sell,5.25e-06,13623.0,0.07152075
REQ/BTC,1555561863995,2019-04-18T04:31:03.995Z,sell,5.24e-06,952.0,0.00498848
REQ/BTC,1555561951397,2019-04-18T04:32:31.397Z,sell,5.24e-06,194.0,0.00101656
REQ/BTC,1555562023383,2019-04-18T04:33:43.383Z,sell,5.24e-06,10419.0,0.05459556
REQ/BTC,1555562122907,2019-04-18T04:35:22.907Z,sell,5.24e-06,1203.0,0.00630372
REQ/BTC,1555562469761,2019-04-18T04:41:09.761Z,sell,5.23e-06,661.0,0.00345703
REQ/BTC,1555562716935,2019-04-18T04:45:16.935Z,sell,5.22e-06,194.0,0.00101268
REQ/BTC,1555562833231,2019-04-18T04:47:13.231Z,sell,5.23e-06,6835.0,0.03574705
REQ/BTC,1555562833231,2019-04-18T04:47:13.231Z,sell,5.22e-06,8564.0,0.04470408
REQ/BTC,1555562833231,2019-04-18T04:47:13.231Z,sell,5.21e-06,3030.0,0.0157863
REQ/BTC,1555562833231,2019-04-18T04:47:13.231Z,sell,5.2e-06,59005.0,0.306826
REQ/BTC,1555562833231,2019-04-18T04:47:13.231Z,sell,5.19e-06,10136.0,0.05260584
REQ/BTC,1555562833231,2019-04-18T04:47:13.231Z,sell,5.18e-06,52319.0,0.27101242
REQ/BTC,1555562833231,2019-04-18T04:47:13.231Z,sell,5.17e-06,7497.0,0.03875949
REQ/BTC,1555562833231,2019-04-18T04:47:13.231Z,sell,5.16e-06,23942.0,0.1235407199999999
REQ/BTC,1555562833231,2019-04-18T04:47:13.231Z,sell,5.15e-06,47292.0,0.2435538
REQ/BTC,1555562833231,2019-04-18T04:47:13.231Z,sell,5.14e-06,171048.0,0.87918672
REQ/BTC,1555562833231,2019-04-18T04:47:13.231Z,sell,5.13e-06,24868.0,0.12757284
REQ/BTC,1555562833258,2019-04-18T04:47:13.258Z,buy,5.14e-06,7918.0,0.04069852
REQ/BTC,1555562833330,2019-04-18T04:47:13.330Z,sell,5.18e-06,289.0,0.00149702
REQ/BTC,1555562833330,2019-04-18T04:47:13.330Z,sell,5.17e-06,10758.0,0.05561886
REQ/BTC,1555562833960,2019-04-18T04:47:13.960Z,sell,5.19e-06,3430.0,0.0178017
REQ/BTC,1555562834069,2019-04-18T04:47:14.069Z,buy,5.19e-06,3430.0,0.0178017
REQ/BTC,1555562834428,2019-04-18T04:47:14.428Z,buy,5.19e-06,1519.0,0.00788361
REQ/BTC,1555562834518,2019-04-18T04:47:14.518Z,buy,5.19e-06,1156.0,0.00599964
REQ/BTC,1555562836631,2019-04-18T04:47:16.631Z,buy,5.19e-06,1164.0,0.00604116
REQ/BTC,1555562836717,2019-04-18T04:47:16.717Z,buy,5.19e-06,25435.0,0.13200765
REQ/BTC,1555562838659,2019-04-18T04:47:18.659Z,buy,5.2e-06,289.0,0.0015028
REQ/BTC,1555562838659,2019-04-18T04:47:18.659Z,buy,5.21e-06,711.0,0.00370431
REQ/BTC,1555562839454,2019-04-18T04:47:19.454Z,sell,5.19e-06,208.0,0.00107952
REQ/BTC,1555562840591,2019-04-18T04:47:20.591Z,sell,5.19e-06,194.0,0.00100686
REQ/BTC,1555562842378,2019-04-18T04:47:22.378Z,sell,5.19e-06,214.0,0.00111066
REQ/BTC,1555562845524,2019-04-18T04:47:25.524Z,buy,5.21e-06,1892.0,0.00985732
REQ/BTC,1555562847838,2019-04-18T04:47:27.838Z,buy,5.21e-06,1285.0,0.00669485
REQ/BTC,1555562851453,2019-04-18T04:47:31.453Z,buy,5.21e-06,288.0,0.00150048
REQ/BTC,1555562870338,2019-04-18T04:47:50.338Z,sell,5.19e-06,7853.0,0.04075707
REQ/BTC,1555562870338,2019-04-18T04:47:50.338Z,sell,5.18e-06,7363.0,0.03814034
REQ/BTC,1555562872268,2019-04-18T04:47:52.268Z,buy,5.2e-06,802.0,0.0041704
REQ/BTC,1555562872826,2019-04-18T04:47:52.826Z,buy,5.2e-06,20198.0,0.1050296
REQ/BTC,1555562872921,2019-04-18T04:47:52.921Z,sell,5.19e-06,1315.0,0.00682485
REQ/BTC,1555562872921,2019-04-18T04:47:52.921Z,sell,5.18e-06,544.0,0.00281792
REQ/BTC,1555562878796,2019-04-18T04:47:58.796Z,buy,5.2e-06,5345.0,0.027794
REQ/BTC,1555562889146,2019-04-18T04:48:09.146Z,buy,5.2e-06,2363.0,0.0122876
REQ/BTC,1555562889324,2019-04-18T04:48:09.324Z,sell,5.2e-06,2029.0,0.0105508
REQ/BTC,1555562889325,2019-04-18T04:48:09.325Z,sell,5.2e-06,2872.0,0.0149344
REQ/BTC,1555562889325,2019-04-18T04:48:09.325Z,sell,5.2e-06,3028.0,0.0157456
REQ/BTC,1555562890607,2019-04-18T04:48:10.607Z,sell,5.2e-06,4978.0,0.0258856
REQ/BTC,1555562907142,2019-04-18T04:48:27.142Z,sell,5.2e-06,215.0,0.001118
REQ/BTC,1555562908374,2019-04-18T04:48:28.374Z,sell,5.2e-06,215.0,0.001118
REQ/BTC,1555562910478,2019-04-18T04:48:30.478Z,sell,5.2e-06,215.0,0.001118
REQ/BTC,1555562911521,2019-04-18T04:48:31.521Z,sell,5.2e-06,215.0,0.001118
REQ/BTC,1555562912557,2019-04-18T04:48:32.557Z,sell,5.2e-06,215.0,0.001118
REQ/BTC,1555562913667,2019-04-18T04:48:33.667Z,sell,5.2e-06,215.0,0.001118
REQ/BTC,1555562914854,2019-04-18T04:48:34.854Z,sell,5.2e-06,215.0,0.001118
REQ/BTC,1555562973962,2019-04-18T04:49:33.962Z,sell,5.2e-06,12063.0,0.0627276
REQ/BTC,1555563022260,2019-04-18T04:50:22.260Z,sell,5.2e-06,13462.0,0.0700024
REQ/BTC,1555563032240,2019-04-18T04:50:32.240Z,sell,5.2e-06,1103.0,0.0057356
REQ/BTC,1555563138148,2019-04-18T04:52:18.148Z,sell,5.2e-06,99687.0,0.5183724000000001
REQ/BTC,1555563138849,2019-04-18T04:52:18.849Z,sell,5.2e-06,2260.0,0.011752
REQ/BTC,1555563158447,2019-04-18T04:52:38.447Z,buy,5.2e-06,1241.0,0.0064532
REQ/BTC,1555563363946,2019-04-18T04:56:03.946Z,sell,5.19e-06,3978.0,0.02064582
REQ/BTC,1555563363946,2019-04-18T04:56:03.946Z,sell,5.19e-06,3978.0,0.02064582
REQ/BTC,1555563462888,2019-04-18T04:57:42.888Z,buy,5.2e-06,2529.0,0.0131508
REQ/BTC,1555563503189,2019-04-18T04:58:23.189Z,buy,5.2e-06,284.0,0.0014768
REQ/BTC,1555563624403,2019-04-18T05:00:24.403Z,buy,5.2e-06,3846.0,0.0199992
REQ/BTC,1555563636445,2019-04-18T05:00:36.445Z,sell,5.19e-06,1195.0,0.00620205
REQ/BTC,1555563652502,2019-04-18T05:00:52.502Z,buy,5.2e-06,1800.0,0.00936
REQ/BTC,1555563743169,2019-04-18T05:02:23.169Z,sell,5.19e-06,9441.0,0.04899879
REQ/BTC,1555563831115,2019-04-18T05:03:51.115Z,sell,5.19e-06,18127.0,0.09407913
REQ/BTC,1555563831115,2019-04-18T05:03:51.115Z,sell,5.18e-06,19659.0,0.10183362
REQ/BTC,1555563831115,2019-04-18T05:03:51.115Z,sell,5.17e-06,4876.0,0.02520892
REQ/BTC,1555563831115,2019-04-18T05:03:51.115Z,sell,5.16e-06,86323.0,0.4454266799999999
REQ/BTC,1555563831115,2019-04-18T05:03:51.115Z,sell,5.15e-06,75785.0,0.3902927499999999
REQ/BTC,1555563831146,2019-04-18T05:03:51.146Z,buy,5.15e-06,26238.0,0.1351257
REQ/BTC,1555563831161,2019-04-18T05:03:51.161Z,buy,5.21e-06,6965.0,0.03628765
REQ/BTC,1555563831168,2019-04-18T05:03:51.168Z,buy,5.21e-06,26238.0,0.13669998
REQ/BTC,1555563832048,2019-04-18T05:03:52.048Z,sell,5.17e-06,290.0,0.0014992999999999
REQ/BTC,1555563832459,2019-04-18T05:03:52.459Z,sell,5.17e-06,1163.0,0.0060127099999999
REQ/BTC,1555563836694,2019-04-18T05:03:56.694Z,sell,5.17e-06,195.0,0.00100815
REQ/BTC,1555563841907,2019-04-18T05:04:01.907Z,buy,5.18e-06,4214.0,0.02182852
REQ/BTC,1555563873483,2019-04-18T05:04:33.483Z,buy,5.19e-06,200.0,0.001038
REQ/BTC,1555563876868,2019-04-18T05:04:36.868Z,sell,5.18e-06,2326.0,0.01204868
REQ/BTC,1555563877039,2019-04-18T05:04:37.039Z,sell,5.18e-06,252.0,0.00130536
REQ/BTC,1555563877800,2019-04-18T05:04:37.800Z,buy,5.19e-06,28.0,0.00014532
REQ/BTC,1555563878157,2019-04-18T05:04:38.157Z,sell,5.18e-06,2326.0,0.01204868
REQ/BTC,1555563884734,2019-04-18T05:04:44.734Z,sell,5.18e-06,215.0,0.0011137
REQ/BTC,1555563886461,2019-04-18T05:04:46.461Z,sell,5.18e-06,215.0,0.0011137
REQ/BTC,1555563986718,2019-04-18T05:06:26.718Z,sell,5.18e-06,1475.0,0.0076405
REQ/BTC,1555563986719,2019-04-18T05:06:26.719Z,sell,5.18e-06,1476.0,0.00764568
REQ/BTC,1555563986723,2019-04-18T05:06:26.723Z,sell,5.18e-06,1376.0,0.00712768
REQ/BTC,1555563986728,2019-04-18T05:06:26.728Z,sell,5.18e-06,1476.0,0.00764568
REQ/BTC,1555563986745,2019-04-18T05:06:26.745Z,sell,5.18e-06,1476.0,0.00764568
REQ/BTC,1555563987268,2019-04-18T05:06:27.268Z,sell,5.18e-06,1473.0,0.00763014
REQ/BTC,1555564011945,2019-04-18T05:06:51.945Z,sell,5.18e-06,1395.0,0.0072261
REQ/BTC,1555564014331,2019-04-18T05:06:54.331Z,sell,5.18e-06,969.0,0.00501942
REQ/BTC,1555564025713,2019-04-18T05:07:05.713Z,sell,5.18e-06,8417.0,0.04360006
REQ/BTC,1555564037880,2019-04-18T05:07:17.880Z,sell,5.18e-06,1473.0,0.00763014
REQ/BTC,1555564118229,2019-04-18T05:08:38.229Z,buy,5.18e-06,338.0,0.00175084
REQ/BTC,1555564192087,2019-04-18T05:09:52.087Z,sell,5.17e-06,5524.0,0.0285590799999999
REQ/BTC,1555564192175,2019-04-18T05:09:52.175Z,sell,5.17e-06,562.0,0.00290554
REQ/BTC,1555564192252,2019-04-18T05:09:52.252Z,sell,5.17e-06,1356.0,0.0070105199999999
REQ/BTC,1555564192264,2019-04-18T05:09:52.264Z,sell,5.17e-06,15506.0,0.0801660199999999
REQ/BTC,1555564192441,2019-04-18T05:09:52.441Z,sell,5.17e-06,1570.0,0.0081169
REQ/BTC,1555564192598,2019-04-18T05:09:52.598Z,sell,5.17e-06,4845.0,0.02504865
REQ/BTC,1555564222038,2019-04-18T05:10:22.038Z,buy,5.18e-06,774.0,0.00400932
REQ/BTC,1555564296115,2019-04-18T05:11:36.115Z,sell,5.17e-06,1019.0,0.00526823
REQ/BTC,1555564318395,2019-04-18T05:11:58.395Z,sell,5.17e-06,709.0,0.0036655299999999
REQ/BTC,1555564540742,2019-04-18T05:15:40.742Z,buy,5.18e-06,200.0,0.001036
REQ/BTC,1555564663633,2019-04-18T05:17:43.633Z,sell,5.17e-06,8665.0,0.04479805
REQ/BTC,1555564786887,2019-04-18T05:19:46.887Z,sell,5.17e-06,3876.0,0.0200389199999999
REQ/BTC,1555564803118,2019-04-18T05:20:03.118Z,buy,5.18e-06,203.0,0.00105154
REQ/BTC,1555565121809,2019-04-18T05:25:21.809Z,sell,5.17e-06,678.0,0.0035052599999999
REQ/BTC,1555565187855,2019-04-18T05:26:27.855Z,buy,5.18e-06,428.0,0.00221704
REQ/BTC,1555565226556,2019-04-18T05:27:06.556Z,buy,5.18e-06,3857.0,0.01997926
REQ/BTC,1555565673233,2019-04-18T05:34:33.233Z,buy,5.18e-06,201.0,0.00104118
REQ/BTC,1555565850391,2019-04-18T05:37:30.391Z,buy,5.18e-06,200.0,0.001036
REQ/BTC,1555565987744,2019-04-18T05:39:47.744Z,buy,5.18e-06,9076.0,0.04701368
REQ/BTC,1555566000948,2019-04-18T05:40:00.948Z,buy,5.19e-06,2573.0,0.01335387
REQ/BTC,1555566028058,2019-04-18T05:40:28.058Z,sell,5.18e-06,665.0,0.0034447
REQ/BTC,1555566094848,2019-04-18T05:41:34.848Z,sell,5.18e-06,999.0,0.00517482
REQ/BTC,1555566122140,2019-04-18T05:42:02.140Z,buy,5.19e-06,206.0,0.00106914
REQ/BTC,1555566319772,2019-04-18T05:45:19.772Z,sell,5.18e-06,523.0,0.00270914
REQ/BTC,1555566319860,2019-04-18T05:45:19.860Z,sell,5.18e-06,3413.0,0.01767934
REQ/BTC,1555566322251,2019-04-18T05:45:22.251Z,sell,5.16e-06,950.0,0.004902
REQ/BTC,1555566328335,2019-04-18T05:45:28.335Z,buy,5.18e-06,573.0,0.00296814
REQ/BTC,1555566339848,2019-04-18T05:45:39.848Z,buy,5.17e-06,200.0,0.001034
REQ/BTC,1555566339952,2019-04-18T05:45:39.952Z,buy,5.17e-06,8822.0,0.0456097399999999
REQ/BTC,1555566344344,2019-04-18T05:45:44.344Z,sell,5.17e-06,1001.0,0.00517517
REQ/BTC,1555566345442,2019-04-18T05:45:45.442Z,sell,5.17e-06,805.0,0.00416185
REQ/BTC,1555566346390,2019-04-18T05:45:46.390Z,sell,5.17e-06,459.0,0.00237303
REQ/BTC,1555566346390,2019-04-18T05:45:46.390Z,sell,5.17e-06,459.0,0.00237303
REQ/BTC,1555566979420,2019-04-18T05:56:19.420Z,buy,5.18e-06,487.0,0.00252266
REQ/BTC,1555567085269,2019-04-18T05:58:05.269Z,buy,5.18e-06,539.0,0.00279202
REQ/BTC,1555567446860,2019-04-18T06:04:06.860Z,buy,5.18e-06,383.0,0.00198394
REQ/BTC,1555567459452,2019-04-18T06:04:19.452Z,buy,5.18e-06,400.0,0.002072
REQ/BTC,1555567491492,2019-04-18T06:04:51.492Z,buy,5.18e-06,396.0,0.00205128
REQ/BTC,1555568627049,2019-04-18T06:23:47.049Z,buy,5.18e-06,446.0,0.00231028
REQ/BTC,1555568740152,2019-04-18T06:25:40.152Z,sell,5.17e-06,326.0,0.00168542
REQ/BTC,1555568740246,2019-04-18T06:25:40.246Z,sell,5.17e-06,27271.0,0.14099107
REQ/BTC,1555568740467,2019-04-18T06:25:40.467Z,buy,5.17e-06,251.0,0.00129767
REQ/BTC,1555568741277,2019-04-18T06:25:41.277Z,sell,5.16e-06,12613.0,0.06508308
REQ/BTC,1555568742276,2019-04-18T06:25:42.276Z,sell,5.15e-06,868.0,0.0044702
REQ/BTC,1555568745816,2019-04-18T06:25:45.816Z,buy,5.16e-06,407.0,0.00210012
REQ/BTC,1555568768415,2019-04-18T06:26:08.415Z,sell,5.16e-06,194.0,0.00100104
REQ/BTC,1555568768521,2019-04-18T06:26:08.521Z,buy,5.16e-06,194.0,0.00100104
REQ/BTC,1555568829514,2019-04-18T06:27:09.514Z,buy,5.17e-06,251.0,0.00129767
REQ/BTC,1555568929217,2019-04-18T06:28:49.217Z,buy,5.16e-06,490.0,0.0025283999999999
REQ/BTC,1555568995227,2019-04-18T06:29:55.227Z,sell,5.15e-06,1879.0,0.0096768499999999
REQ/BTC,1555569005421,2019-04-18T06:30:05.421Z,sell,5.15e-06,3625.0,0.0186687499999999
REQ/BTC,1555569005421,2019-04-18T06:30:05.421Z,sell,5.14e-06,31293.0,0.16084602
REQ/BTC,1555569119215,2019-04-18T06:31:59.215Z,buy,5.17e-06,31.0,0.0001602699999999
REQ/BTC,1555569149357,2019-04-18T06:32:29.357Z,buy,5.16e-06,315.0,0.0016254
REQ/BTC,1555569180369,2019-04-18T06:33:00.369Z,buy,5.17e-06,67832.0,0.3506914399999999
REQ/BTC,1555569180535,2019-04-18T06:33:00.535Z,sell,5.17e-06,3557.0,0.01838969
REQ/BTC,1555569198337,2019-04-18T06:33:18.337Z,sell,5.17e-06,5791.0,0.02993947
REQ/BTC,1555569360655,2019-04-18T06:36:00.655Z,sell,5.17e-06,3882.0,0.0200699399999999
REQ/BTC,1555569385337,2019-04-18T06:36:25.337Z,sell,5.17e-06,7186.0,0.0371516199999999
REQ/BTC,1555569443064,2019-04-18T06:37:23.064Z,sell,5.15e-06,215.0,0.00110725
REQ/BTC,1555569443064,2019-04-18T06:37:23.064Z,sell,5.14e-06,4780.0,0.0245692
REQ/BTC,1555569567129,2019-04-18T06:39:27.129Z,sell,5.15e-06,3881.0,0.01998715
REQ/BTC,1555569847441,2019-04-18T06:44:07.441Z,buy,5.17e-06,837.0,0.0043272899999999
REQ/BTC,1555569847441,2019-04-18T06:44:07.441Z,buy,5.17e-06,837.0,0.0043272899999999
REQ/BTC,1555569961096,2019-04-18T06:46:01.096Z,buy,5.17e-06,15825.0,0.0818152499999999
REQ/BTC,1555569961386,2019-04-18T06:46:01.386Z,sell,5.17e-06,1187.0,0.00613679
REQ/BTC,1555570274217,2019-04-18T06:51:14.217Z,buy,5.17e-06,2063.0,0.0106657099999999
REQ/BTC,1555570364295,2019-04-18T06:52:44.295Z,buy,5.17e-06,1941.0,0.0100349699999999
REQ/BTC,1555570713438,2019-04-18T06:58:33.438Z,sell,5.16e-06,22979.0,0.1185716399999999
REQ/BTC,1555570722131,2019-04-18T06:58:42.131Z,sell,5.16e-06,18475.0,0.095331
REQ/BTC,1555570726625,2019-04-18T06:58:46.625Z,sell,5.15e-06,2104.0,0.0108355999999999
REQ/BTC,1555570729632,2019-04-18T06:58:49.632Z,sell,5.15e-06,18481.0,0.09517715
REQ/BTC,1555570729705,2019-04-18T06:58:49.705Z,buy,5.15e-06,872.0,0.0044908
REQ/BTC,1555570729739,2019-04-18T06:58:49.739Z,buy,5.15e-06,872.0,0.0044908
REQ/BTC,1555570729749,2019-04-18T06:58:49.749Z,buy,5.15e-06,211.0,0.00108665
REQ/BTC,1555570739923,2019-04-18T06:58:59.923Z,sell,5.15e-06,3142.0,0.0161813
REQ/BTC,1555570740147,2019-04-18T06:59:00.147Z,buy,5.16e-06,672.0,0.00346752
REQ/BTC,1555570751120,2019-04-18T06:59:11.120Z,sell,5.14e-06,38653.0,0.19867642
REQ/BTC,1555570751143,2019-04-18T06:59:11.143Z,buy,5.14e-06,1012.0,0.00520168
REQ/BTC,1555570751151,2019-04-18T06:59:11.151Z,buy,5.14e-06,505.0,0.0025957
REQ/BTC,1555570783578,2019-04-18T06:59:43.578Z,buy,5.16e-06,325.0,0.0016769999999999
REQ/BTC,1555570793029,2019-04-18T06:59:53.029Z,buy,5.16e-06,1174.0,0.00605784
REQ/BTC,1555571135779,2019-04-18T07:05:35.779Z,buy,5.15e-06,607.0,0.00312605
REQ/BTC,1555571204677,2019-04-18T07:06:44.677Z,buy,5.15e-06,200.0,0.0010299999999999
REQ/BTC,1555571321246,2019-04-18T07:08:41.246Z,buy,5.15e-06,65.0,0.00033475
REQ/BTC,1555571421563,2019-04-18T07:10:21.563Z,sell,5.14e-06,4504.0,0.02315056
REQ/BTC,1555571440346,2019-04-18T07:10:40.346Z,sell,5.14e-06,1122.0,0.00576708
REQ/BTC,1555571728061,2019-04-18T07:15:28.061Z,buy,5.16e-06,202.0,0.00104232
REQ/BTC,1555571929074,2019-04-18T07:18:49.074Z,sell,5.15e-06,2199.0,0.01132485
REQ/BTC,1555571929074,2019-04-18T07:18:49.074Z,sell,5.14e-06,1312.0,0.00674368
REQ/BTC,1555572014934,2019-04-18T07:20:14.934Z,buy,5.16e-06,28.0,0.00014448
REQ/BTC,1555572158923,2019-04-18T07:22:38.923Z,sell,5.14e-06,294.0,0.0015111599999999
REQ/BTC,1555572414721,2019-04-18T07:26:54.721Z,buy,5.16e-06,5813.0,0.0299950799999999
REQ/BTC,1555572786531,2019-04-18T07:33:06.531Z,sell,5.14e-06,1000.0,0.00514
REQ/BTC,1555572834340,2019-04-18T07:33:54.340Z,buy,5.16e-06,257.0,0.0013261199999999
REQ/BTC,1555572956837,2019-04-18T07:35:56.837Z,buy,5.16e-06,1439.0,0.00742524
REQ/BTC,1555572966768,2019-04-18T07:36:06.768Z,buy,5.16e-06,3552.0,0.01832832
REQ/BTC,1555572990790,2019-04-18T07:36:30.790Z,sell,5.15e-06,446.0,0.0022968999999999
REQ/BTC,1555573085154,2019-04-18T07:38:05.154Z,buy,5.16e-06,3875.0,0.019995
REQ/BTC,1555573324577,2019-04-18T07:42:04.577Z,buy,5.16e-06,2461.0,0.01269876
REQ/BTC,1555573385370,2019-04-18T07:43:05.370Z,sell,5.15e-06,1394.0,0.0071791
REQ/BTC,1555573385370,2019-04-18T07:43:05.370Z,sell,5.15e-06,1394.0,0.0071791
REQ/BTC,1555573453816,2019-04-18T07:44:13.816Z,buy,5.16e-06,3864.0,0.01993824
REQ/BTC,1555573461053,2019-04-18T07:44:21.053Z,buy,5.16e-06,14671.0,0.07570236
REQ/BTC,1555573506734,2019-04-18T07:45:06.734Z,sell,5.16e-06,5000.0,0.0258
REQ/BTC,1555573638559,2019-04-18T07:47:18.559Z,buy,5.16e-06,9444.0,0.0487310399999999
REQ/BTC,1555573692313,2019-04-18T07:48:12.313Z,buy,5.16e-06,8144.0,0.04202304
REQ/BTC,1555573830273,2019-04-18T07:50:30.273Z,buy,5.17e-06,35.0,0.0001809499999999
REQ/BTC,1555573905068,2019-04-18T07:51:45.068Z,sell,5.16e-06,4823.0,0.0248866799999999
REQ/BTC,1555573917136,2019-04-18T07:51:57.136Z,buy,5.17e-06,2349.0,0.0121443299999999
REQ/BTC,1555573995952,2019-04-18T07:53:15.952Z,sell,5.17e-06,3033.0,0.0156806099999999
REQ/BTC,1555574070996,2019-04-18T07:54:30.996Z,buy,5.17e-06,1161.0,0.00600237
REQ/BTC,1555574180421,2019-04-18T07:56:20.421Z,buy,5.17e-06,3872.0,0.02001824
REQ/BTC,1555574413137,2019-04-18T08:00:13.137Z,sell,5.16e-06,6000.0,0.0309599999999999
REQ/BTC,1555574418793,2019-04-18T08:00:18.793Z,buy,5.17e-06,6309.0,0.03261753
REQ/BTC,1555574480262,2019-04-18T08:01:20.262Z,buy,5.17e-06,306.0,0.00158202
REQ/BTC,1555574580392,2019-04-18T08:03:00.392Z,sell,5.16e-06,487.0,0.0025129199999999
REQ/BTC,1555574608487,2019-04-18T08:03:28.487Z,sell,5.16e-06,3153.0,0.01626948
REQ/BTC,1555574692472,2019-04-18T08:04:52.472Z,sell,5.15e-06,523.0,0.00269345
REQ/BTC,1555574853440,2019-04-18T08:07:33.440Z,buy,5.16e-06,194.0,0.00100104
REQ/BTC,1555574853440,2019-04-18T08:07:33.440Z,buy,5.17e-06,4916.0,0.02541572
REQ/BTC,1555574853440,2019-04-18T08:07:33.440Z,buy,5.18e-06,16648.0,0.08623664
REQ/BTC,1555574855857,2019-04-18T08:07:35.857Z,buy,5.17e-06,5291.0,0.02735447
REQ/BTC,1555574855857,2019-04-18T08:07:35.857Z,buy,5.18e-06,1804.0,0.00934472
REQ/BTC,1555574897506,2019-04-18T08:08:17.506Z,sell,5.16e-06,277.0,0.00142932
REQ/BTC,1555574940609,2019-04-18T08:09:00.609Z,buy,5.18e-06,28.0,0.00014504
REQ/BTC,1555575222108,2019-04-18T08:13:42.108Z,buy,5.18e-06,46631.0,0.24154858
REQ/BTC,1555575223010,2019-04-18T08:13:43.010Z,sell,5.17e-06,2849.0,0.0147293299999999
REQ/BTC,1555575493774,2019-04-18T08:18:13.774Z,sell,5.17e-06,2704.0,0.01397968
REQ/BTC,1555575622929,2019-04-18T08:20:22.929Z,buy,5.18e-06,29.0,0.00015022
REQ/BTC,1555575945261,2019-04-18T08:25:45.261Z,buy,5.18e-06,1539.0,0.00797202
REQ/BTC,1555576062159,2019-04-18T08:27:42.159Z,sell,5.17e-06,774.0,0.0040015799999999
REQ/BTC,1555576226350,2019-04-18T08:30:26.350Z,buy,5.18e-06,32.0,0.00016576
REQ/BTC,1555576510782,2019-04-18T08:35:10.782Z,buy,5.18e-06,199.0,0.00103082
REQ/BTC,1555576563418,2019-04-18T08:36:03.418Z,sell,5.17e-06,7588.0,0.0392299599999999
REQ/BTC,1555576659533,2019-04-18T08:37:39.533Z,buy,5.17e-06,485.0,0.0025074499999999
REQ/BTC,1555576851996,2019-04-18T08:40:51.996Z,buy,5.17e-06,32.0,0.00016544
REQ/BTC,1555576851996,2019-04-18T08:40:51.996Z,buy,5.17e-06,32.0,0.00016544
REQ/BTC,1555577083885,2019-04-18T08:44:43.885Z,buy,5.17e-06,34.0,0.00017578
REQ/BTC,1555577480217,2019-04-18T08:51:20.217Z,buy,5.17e-06,14981.0,0.0774517699999999
REQ/BTC,1555577486945,2019-04-18T08:51:26.945Z,buy,5.17e-06,1210.0,0.0062556999999999
REQ/BTC,1555577511598,2019-04-18T08:51:51.598Z,buy,5.17e-06,2245.0,0.01160665
REQ/BTC,1555577713078,2019-04-18T08:55:13.078Z,sell,5.17e-06,2819.0,0.0145742299999999
REQ/BTC,1555578060096,2019-04-18T09:01:00.096Z,sell,5.16e-06,439.0,0.00226524
REQ/BTC,1555578100463,2019-04-18T09:01:40.463Z,sell,5.16e-06,301.0,0.0015531599999999
REQ/BTC,1555578123707,2019-04-18T09:02:03.707Z,sell,5.16e-06,250.0,0.00129
REQ/BTC,1555578151214,2019-04-18T09:02:31.214Z,buy,5.17e-06,27.0,0.0001395899999999
REQ/BTC,1555578530873,2019-04-18T09:08:50.873Z,sell,5.16e-06,383.0,0.00197628
REQ/BTC,1555578704712,2019-04-18T09:11:44.712Z,buy,5.17e-06,9954.0,0.0514621799999999
REQ/BTC,1555578726975,2019-04-18T09:12:06.975Z,buy,5.17e-06,11605.0,0.05999785
REQ/BTC,1555578773173,2019-04-18T09:12:53.173Z,buy,5.17e-06,36.0,0.00018612
REQ/BTC,1555578781143,2019-04-18T09:13:01.143Z,buy,5.17e-06,4223.0,0.0218329099999999
REQ/BTC,1555578835470,2019-04-18T09:13:55.470Z,sell,5.17e-06,19805.0,0.1023918499999999
REQ/BTC,1555578835695,2019-04-18T09:13:55.695Z,sell,5.17e-06,326.0,0.00168542
REQ/BTC,1555579453238,2019-04-18T09:24:13.238Z,buy,5.18e-06,5303.0,0.02746954
REQ/BTC,1555579472849,2019-04-18T09:24:32.849Z,sell,5.17e-06,821.0,0.00424457
REQ/BTC,1555579473930,2019-04-18T09:24:33.930Z,sell,5.17e-06,592.0,0.00306064
REQ/BTC,1555579474455,2019-04-18T09:24:34.455Z,sell,5.17e-06,1539.0,0.00795663
REQ/BTC,1555579474960,2019-04-18T09:24:34.960Z,sell,5.17e-06,787.0,0.00406879
REQ/BTC,1555579525381,2019-04-18T09:25:25.381Z,sell,5.17e-06,10000.0,0.0516999999999999
REQ/BTC,1555579789647,2019-04-18T09:29:49.647Z,sell,5.17e-06,799.0,0.0041308299999999
REQ/BTC,1555579853584,2019-04-18T09:30:53.584Z,buy,5.18e-06,394.0,0.00204092
REQ/BTC,1555579913063,2019-04-18T09:31:53.063Z,buy,5.18e-06,29603.0,0.15334354
REQ/BTC,1555580026680,2019-04-18T09:33:46.680Z,buy,5.18e-06,33730.0,0.1747214
REQ/BTC,1555580044135,2019-04-18T09:34:04.135Z,buy,5.18e-06,14280.0,0.0739704
REQ/BTC,1555580045953,2019-04-18T09:34:05.953Z,sell,5.18e-06,1815.0,0.0094017
REQ/BTC,1555580079513,2019-04-18T09:34:39.513Z,sell,5.18e-06,2287.0,0.01184666
REQ/BTC,1555580215184,2019-04-18T09:36:55.184Z,buy,5.18e-06,4249.0,0.02200982
REQ/BTC,1555580318595,2019-04-18T09:38:38.595Z,sell,5.18e-06,1972.0,0.01021496
REQ/BTC,1555580318595,2019-04-18T09:38:38.595Z,sell,5.18e-06,1972.0,0.01021496
REQ/BTC,1555580456394,2019-04-18T09:40:56.394Z,buy,5.19e-06,1199.0,0.00622281
REQ/BTC,1555580556759,2019-04-18T09:42:36.759Z,buy,5.19e-06,480.0,0.0024912
REQ/BTC,1555580627604,2019-04-18T09:43:47.604Z,buy,5.19e-06,200.0,0.001038
REQ/BTC,1555580631943,2019-04-18T09:43:51.943Z,sell,5.18e-06,7115.0,0.0368557
REQ/BTC,1555580767042,2019-04-18T09:46:07.042Z,sell,5.18e-06,1151.0,0.00596218
REQ/BTC,1555580899308,2019-04-18T09:48:19.308Z,buy,5.19e-06,19267.0,0.09999573
REQ/BTC,1555580995074,2019-04-18T09:49:55.074Z,sell,5.18e-06,16122.0,0.08351196
REQ/BTC,1555580995074,2019-04-18T09:49:55.074Z,sell,5.17e-06,45906.0,0.2373340199999999
REQ/BTC,1555581051874,2019-04-18T09:50:51.874Z,sell,5.17e-06,5075.0,0.0262377499999999
REQ/BTC,1555581051874,2019-04-18T09:50:51.874Z,sell,5.16e-06,2917.0,0.01505172
REQ/BTC,1555581580758,2019-04-18T09:59:40.758Z,sell,5.18e-06,3861.0,0.01999998
REQ/BTC,1555581897786,2019-04-18T10:04:57.786Z,buy,5.18e-06,252.0,0.00130536
REQ/BTC,1555581937672,2019-04-18T10:05:37.672Z,buy,5.18e-06,86.0,0.00044548
REQ/BTC,1555581976207,2019-04-18T10:06:16.207Z,buy,5.19e-06,200.0,0.001038
REQ/BTC,1555582435361,2019-04-18T10:13:55.361Z,buy,5.19e-06,12910.0,0.0670029
REQ/BTC,1555582499842,2019-04-18T10:14:59.842Z,sell,5.19e-06,14671.0,0.07614249
REQ/BTC,1555582515383,2019-04-18T10:15:15.383Z,buy,5.2e-06,2500.0,0.013
REQ/BTC,1555582677384,2019-04-18T10:17:57.384Z,buy,5.2e-06,404.0,0.0021008
REQ/BTC,1555583060529,2019-04-18T10:24:20.529Z,buy,5.2e-06,563.0,0.0029276
REQ/BTC,1555583227384,2019-04-18T10:27:07.384Z,buy,5.2e-06,1539.0,0.0080028
REQ/BTC,1555583305739,2019-04-18T10:28:25.739Z,buy,5.2e-06,532.0,0.0027664
REQ/BTC,1555583346704,2019-04-18T10:29:06.704Z,sell,5.19e-06,3243.0,0.01683117
REQ/BTC,1555583445975,2019-04-18T10:30:45.975Z,sell,5.19e-06,598.0,0.00310362
REQ/BTC,1555583656122,2019-04-18T10:34:16.122Z,buy,5.2e-06,9868.0,0.0513136
REQ/BTC,1555583656122,2019-04-18T10:34:16.122Z,buy,5.21e-06,15182.0,0.07909822
REQ/BTC,1555583662575,2019-04-18T10:34:22.575Z,buy,5.22e-06,1203.0,0.00627966
REQ/BTC,1555583662575,2019-04-18T10:34:22.575Z,buy,5.22e-06,1203.0,0.00627966
REQ/BTC,1555583935271,2019-04-18T10:38:55.271Z,buy,5.2e-06,1730.0,0.008996
REQ/BTC,1555584423770,2019-04-18T10:47:03.770Z,buy,5.2e-06,1941.0,0.0100932
REQ/BTC,1555584423770,2019-04-18T10:47:03.770Z,buy,5.21e-06,235.0,0.00122435
REQ/BTC,1555584427301,2019-04-18T10:47:07.301Z,buy,5.21e-06,1547.0,0.00805987
REQ/BTC,1555584569942,2019-04-18T10:49:29.942Z,buy,5.2e-06,961.0,0.0049972
REQ/BTC,1555584640774,2019-04-18T10:50:40.774Z,buy,5.2e-06,6000.0,0.0312
REQ/BTC,1555584748871,2019-04-18T10:52:28.871Z,buy,5.2e-06,129.0,0.0006708
REQ/BTC,1555584749650,2019-04-18T10:52:29.650Z,sell,5.2e-06,1871.0,0.0097292
REQ/BTC,1555584763205,2019-04-18T10:52:43.205Z,buy,5.21e-06,4000.0,0.02084
REQ/BTC,1555584816484,2019-04-18T10:53:36.484Z,buy,5.21e-06,9611.0,0.05007331
REQ/BTC,1555584892955,2019-04-18T10:54:52.955Z,buy,5.21e-06,479.0,0.00249559
REQ/BTC,1555585289212,2019-04-18T11:01:29.212Z,sell,5.19e-06,3552.0,0.01843488
REQ/BTC,1555585381732,2019-04-18T11:03:01.732Z,sell,5.19e-06,260.0,0.0013494
REQ/BTC,1555585383767,2019-04-18T11:03:03.767Z,sell,5.19e-06,333.0,0.00172827
REQ/BTC,1555585384998,2019-04-18T11:03:04.998Z,sell,5.19e-06,200.0,0.001038
REQ/BTC,1555585675319,2019-04-18T11:07:55.319Z,sell,5.19e-06,467.0,0.00242373
REQ/BTC,1555585675700,2019-04-18T11:07:55.700Z,sell,5.19e-06,468.0,0.00242892
REQ/BTC,1555586267658,2019-04-18T11:17:47.658Z,sell,5.19e-06,8205.0,0.04258395
REQ/BTC,1555586267885,2019-04-18T11:17:47.885Z,sell,5.19e-06,235.0,0.00121965
REQ/BTC,1555586339438,2019-04-18T11:18:59.438Z,buy,5.2e-06,385.0,0.002002
REQ/BTC,1555586400453,2019-04-18T11:20:00.453Z,sell,5.19e-06,1682.0,0.00872958
REQ/BTC,1555586400453,2019-04-18T11:20:00.453Z,sell,5.19e-06,1682.0,0.00872958
REQ/BTC,1555587298322,2019-04-18T11:34:58.322Z,sell,5.19e-06,2292.0,0.01189548
REQ/BTC,1555588021391,2019-04-18T11:47:01.391Z,buy,5.2e-06,8411.0,0.0437372
REQ/BTC,1555588021626,2019-04-18T11:47:01.626Z,buy,5.21e-06,5664.0,0.02950944
REQ/BTC,1555588022421,2019-04-18T11:47:02.421Z,buy,5.21e-06,5664.0,0.02950944
REQ/BTC,1555588025173,2019-04-18T11:47:05.173Z,buy,5.21e-06,2512.0,0.01308752
REQ/BTC,1555588025951,2019-04-18T11:47:05.951Z,sell,5.21e-06,3152.0,0.01642192
REQ/BTC,1555588027951,2019-04-18T11:47:07.951Z,sell,5.21e-06,1292.0,0.00673132
REQ/BTC,1555588034584,2019-04-18T11:47:14.584Z,sell,5.2e-06,1346.0,0.0069992
REQ/BTC,1555588188335,2019-04-18T11:49:48.335Z,buy,5.21e-06,405.0,0.00211005
REQ/BTC,1555588245734,2019-04-18T11:50:45.734Z,sell,5.2e-06,7550.0,0.03926
REQ/BTC,1555588441314,2019-04-18T11:54:01.314Z,sell,5.19e-06,11986.0,0.06220734
REQ/BTC,1555588463320,2019-04-18T11:54:23.320Z,buy,5.2e-06,7692.0,0.0399984
REQ/BTC,1555588553565,2019-04-18T11:55:53.565Z,sell,5.19e-06,555.0,0.00288045
REQ/BTC,1555588735550,2019-04-18T11:58:55.550Z,sell,5.19e-06,206.0,0.00106914
REQ/BTC,1555588877356,2019-04-18T12:01:17.356Z,sell,5.19e-06,3047.0,0.01581393
REQ/BTC,1555589458767,2019-04-18T12:10:58.767Z,buy,5.21e-06,375.0,0.00195375
REQ/BTC,1555589515428,2019-04-18T12:11:55.428Z,buy,5.21e-06,10000.0,0.0521
REQ/BTC,1555589591887,2019-04-18T12:13:11.887Z,buy,5.21e-06,271.0,0.00141191
REQ/BTC,1555589612364,2019-04-18T12:13:32.364Z,sell,5.2e-06,17736.0,0.0922272
REQ/BTC,1555589643031,2019-04-18T12:14:03.031Z,sell,5.19e-06,6214.0,0.03225066
REQ/BTC,1555589950956,2019-04-18T12:19:10.956Z,sell,5.19e-06,5000.0,0.02595
REQ/BTC,1555589950956,2019-04-18T12:19:10.956Z,sell,5.18e-06,2481.0,0.01285158
REQ/BTC,1555589950956,2019-04-18T12:19:10.956Z,sell,5.19e-06,5000.0,0.02595
REQ/BTC,1555589950956,2019-04-18T12:19:10.956Z,sell,5.18e-06,2481.0,0.01285158
REQ/BTC,1555590127845,2019-04-18T12:22:07.845Z,sell,5.18e-06,4691.0,0.02429938
REQ/BTC,1555590213943,2019-04-18T12:23:33.943Z,buy,5.21e-06,1000.0,0.00521
REQ/BTC,1555590252301,2019-04-18T12:24:12.301Z,buy,5.21e-06,200.0,0.001042
REQ/BTC,1555590328400,2019-04-18T12:25:28.400Z,sell,5.18e-06,38416.0,0.19899488
REQ/BTC,1555590328548,2019-04-18T12:25:28.548Z,buy,5.18e-06,1574.0,0.00815332
REQ/BTC,1555590357253,2019-04-18T12:25:57.253Z,buy,5.18e-06,953.0,0.00493654
REQ/BTC,1555590403506,2019-04-18T12:26:43.506Z,sell,5.17e-06,22159.0,0.11456203
REQ/BTC,1555590482854,2019-04-18T12:28:02.854Z,buy,5.18e-06,3868.0,0.02003624
REQ/BTC,1555590497053,2019-04-18T12:28:17.053Z,buy,5.18e-06,59805.0,0.3097899
REQ/BTC,1555590498160,2019-04-18T12:28:18.160Z,buy,5.19e-06,215.0,0.00111585
REQ/BTC,1555590502018,2019-04-18T12:28:22.018Z,buy,5.2e-06,577.0,0.0030004
REQ/BTC,1555590702820,2019-04-18T12:31:42.820Z,buy,5.2e-06,591.0,0.0030732
REQ/BTC,1555590702820,2019-04-18T12:31:42.820Z,buy,5.21e-06,12167.0,0.06339007
REQ/BTC,1555590703374,2019-04-18T12:31:43.374Z,sell,5.21e-06,300.0,0.001563
REQ/BTC,1555590703555,2019-04-18T12:31:43.555Z,sell,5.21e-06,400.0,0.002084
REQ/BTC,1555590728507,2019-04-18T12:32:08.507Z,sell,5.21e-06,10610.0,0.0552781
REQ/BTC,1555590733793,2019-04-18T12:32:13.793Z,sell,5.21e-06,3868.0,0.02015228
REQ/BTC,1555590770025,2019-04-18T12:32:50.025Z,sell,5.21e-06,1998.0,0.01040958
REQ/BTC,1555590813398,2019-04-18T12:33:33.398Z,sell,5.21e-06,500.0,0.002605
REQ/BTC,1555590914292,2019-04-18T12:35:14.292Z,sell,5.21e-06,7953.0,0.04143513
REQ/BTC,1555590973387,2019-04-18T12:36:13.387Z,sell,5.2e-06,1064.0,0.0055328
REQ/BTC,1555590973415,2019-04-18T12:36:13.415Z,sell,5.2e-06,11.0,5.72e-05
REQ/BTC,1555591056221,2019-04-18T12:37:36.221Z,buy,5.21e-06,1919.0,0.00999799
REQ/BTC,1555591259968,2019-04-18T12:40:59.968Z,buy,5.21e-06,1163.0,0.00605923
REQ/BTC,1555591260007,2019-04-18T12:41:00.007Z,sell,5.21e-06,977.0,0.00509017
REQ/BTC,1555591260226,2019-04-18T12:41:00.226Z,sell,5.21e-06,16590.0,0.0864339
REQ/BTC,1555591507593,2019-04-18T12:45:07.593Z,buy,5.21e-06,3083.0,0.01606243
REQ/BTC,1555591508237,2019-04-18T12:45:08.237Z,sell,5.21e-06,16110.0,0.0839331
REQ/BTC,1555591593173,2019-04-18T12:46:33.173Z,buy,5.22e-06,1425.0,0.0074385
REQ/BTC,1555591701348,2019-04-18T12:48:21.348Z,buy,5.22e-06,1340.0,0.0069948
REQ/BTC,1555592306396,2019-04-18T12:58:26.396Z,sell,5.19e-06,194.0,0.00100686
REQ/BTC,1555592459300,2019-04-18T13:00:59.300Z,sell,5.2e-06,632.0,0.0032864
REQ/BTC,1555593013337,2019-04-18T13:10:13.337Z,sell,5.2e-06,1543.0,0.0080236
REQ/BTC,1555593354968,2019-04-18T13:15:54.968Z,buy,5.21e-06,2500.0,0.013025
REQ/BTC,1555593415062,2019-04-18T13:16:55.062Z,buy,5.21e-06,1919.0,0.00999799
REQ/BTC,1555593415062,2019-04-18T13:16:55.062Z,buy,5.21e-06,1919.0,0.00999799
REQ/BTC,1555593614796,2019-04-18T13:20:14.796Z,sell,5.19e-06,1969.0,0.01021911
REQ/BTC,1555593614887,2019-04-18T13:20:14.887Z,sell,5.19e-06,215.0,0.00111585
REQ/BTC,1555593616398,2019-04-18T13:20:16.398Z,sell,5.19e-06,9614.0,0.04989666
REQ/BTC,1555593653399,2019-04-18T13:20:53.399Z,sell,5.19e-06,500.0,0.002595
REQ/BTC,1555594121685,2019-04-18T13:28:41.685Z,buy,5.19e-06,10295.0,0.05343105
REQ/BTC,1555594141954,2019-04-18T13:29:01.954Z,buy,5.19e-06,4106.0,0.02131014
REQ/BTC,1555594176487,2019-04-18T13:29:36.487Z,buy,5.19e-06,1101.0,0.00571419
REQ/BTC,1555594504632,2019-04-18T13:35:04.632Z,buy,5.19e-06,354.0,0.00183726
REQ/BTC,1555594635601,2019-04-18T13:37:15.601Z,buy,5.19e-06,285.0,0.00147915
REQ/BTC,1555594716729,2019-04-18T13:38:36.729Z,buy,5.19e-06,1926.0,0.00999594
REQ/BTC,1555595255600,2019-04-18T13:47:35.600Z,buy,5.19e-06,2290.0,0.0118851
REQ/BTC,1555595716229,2019-04-18T13:55:16.229Z,sell,5.18e-06,509.0,0.00263662
REQ/BTC,1555595743297,2019-04-18T13:55:43.297Z,buy,5.19e-06,289.0,0.00149991
REQ/BTC,1555595744528,2019-04-18T13:55:44.528Z,buy,5.19e-06,289.0,0.00149991
REQ/BTC,1555595747347,2019-04-18T13:55:47.347Z,buy,5.19e-06,289.0,0.00149991
REQ/BTC,1555596276618,2019-04-18T14:04:36.618Z,sell,5.18e-06,1229.0,0.00636622
REQ/BTC,1555596300907,2019-04-18T14:05:00.907Z,buy,5.19e-06,771.0,0.00400149
REQ/BTC,1555596332746,2019-04-18T14:05:32.746Z,sell,5.18e-06,29624.0,0.15345232
REQ/BTC,1555596332746,2019-04-18T14:05:32.746Z,sell,5.17e-06,16297.0,0.0842554899999999
REQ/BTC,1555596332746,2019-04-18T14:05:32.746Z,sell,5.16e-06,11868.0,0.0612388799999999
REQ/BTC,1555596332746,2019-04-18T14:05:32.746Z,sell,5.15e-06,40164.0,0.2068446
REQ/BTC,1555596332746,2019-04-18T14:05:32.746Z,sell,5.14e-06,21817.0,0.11213938
REQ/BTC,1555596332767,2019-04-18T14:05:32.767Z,buy,5.16e-06,18730.0,0.0966467999999999
REQ/BTC,1555596334611,2019-04-18T14:05:34.611Z,sell,5.17e-06,1533.0,0.00792561
REQ/BTC,1555596340757,2019-04-18T14:05:40.757Z,sell,5.16e-06,195.0,0.0010061999999999
REQ/BTC,1555596388222,2019-04-18T14:06:28.222Z,buy,5.17e-06,279.0,0.00144243
REQ/BTC,1555596390613,2019-04-18T14:06:30.613Z,buy,5.17e-06,10013.0,0.0517672099999999
REQ/BTC,1555596393618,2019-04-18T14:06:33.618Z,buy,5.17e-06,5053.0,0.02612401
REQ/BTC,1555596614172,2019-04-18T14:10:14.172Z,buy,5.17e-06,346.0,0.0017888199999999
REQ/BTC,1555596732130,2019-04-18T14:12:12.130Z,buy,5.17e-06,733.0,0.0037896099999999
REQ/BTC,1555596732637,2019-04-18T14:12:12.637Z,buy,5.17e-06,2767.0,0.01430539
REQ/BTC,1555596732640,2019-04-18T14:12:12.640Z,buy,5.17e-06,3498.0,0.01808466
REQ/BTC,1555596829125,2019-04-18T14:13:49.125Z,sell,5.16e-06,2402.0,0.0123943199999999
REQ/BTC,1555596829125,2019-04-18T14:13:49.125Z,sell,5.16e-06,2402.0,0.0123943199999999
REQ/BTC,1555597115450,2019-04-18T14:18:35.450Z,sell,5.16e-06,2751.0,0.01419516
REQ/BTC,1555597249648,2019-04-18T14:20:49.648Z,sell,5.16e-06,1851.0,0.00955116
REQ/BTC,1555597319934,2019-04-18T14:21:59.934Z,sell,5.16e-06,15872.0,0.0818995199999999
REQ/BTC,1555597319934,2019-04-18T14:21:59.934Z,sell,5.15e-06,102822.0,0.5295333
REQ/BTC,1555597319934,2019-04-18T14:21:59.934Z,sell,5.14e-06,50694.0,0.26056716
REQ/BTC,1555597319951,2019-04-18T14:21:59.951Z,buy,5.14e-06,45050.0,0.2315569999999999
REQ/BTC,1555597319951,2019-04-18T14:21:59.951Z,buy,5.14e-06,5083.0,0.02612662
REQ/BTC,1555597319954,2019-04-18T14:21:59.954Z,buy,5.14e-06,5887.0,0.03025918
REQ/BTC,1555597321467,2019-04-18T14:22:01.467Z,sell,5.15e-06,4284.0,0.0220625999999999
REQ/BTC,1555597321918,2019-04-18T14:22:01.918Z,sell,5.15e-06,1924.0,0.0099086
REQ/BTC,1555597372438,2019-04-18T14:22:52.438Z,buy,5.16e-06,400.0,0.002064
REQ/BTC,1555597372691,2019-04-18T14:22:52.691Z,buy,5.16e-06,300.0,0.001548
REQ/BTC,1555597388700,2019-04-18T14:23:08.700Z,buy,5.15e-06,1533.0,0.00789495
REQ/BTC,1555597531484,2019-04-18T14:25:31.484Z,buy,5.15e-06,1942.0,0.0100013
REQ/BTC,1555597541236,2019-04-18T14:25:41.236Z,buy,5.15e-06,3941.0,0.02029615
REQ/BTC,1555597567401,2019-04-18T14:26:07.401Z,sell,5.15e-06,6556.0,0.0337634
REQ/BTC,1555597704719,2019-04-18T14:28:24.719Z,buy,5.16e-06,255.0,0.0013158
REQ/BTC,1555597707531,2019-04-18T14:28:27.531Z,buy,5.16e-06,2496.0,0.01287936
REQ/BTC,1555597946177,2019-04-18T14:32:26.177Z,sell,5.14e-06,6373.0,0.03275722
REQ/BTC,1555598065527,2019-04-18T14:34:25.527Z,buy,5.16e-06,291.0,0.0015015599999999
REQ/BTC,1555598076010,2019-04-18T14:34:36.010Z,buy,5.16e-06,1722.0,0.00888552
REQ/BTC,1555598076010,2019-04-18T14:34:36.010Z,buy,5.17e-06,15293.0,0.07906481
REQ/BTC,1555598097746,2019-04-18T14:34:57.746Z,buy,5.17e-06,2162.0,0.01117754
REQ/BTC,1555598097746,2019-04-18T14:34:57.746Z,buy,5.18e-06,11833.0,0.06129494
REQ/BTC,1555598136893,2019-04-18T14:35:36.893Z,buy,5.17e-06,8360.0,0.0432211999999999
REQ/BTC,1555598208172,2019-04-18T14:36:48.172Z,buy,5.16e-06,332.0,0.0017131199999999
REQ/BTC,1555598250157,2019-04-18T14:37:30.157Z,sell,5.16e-06,125.0,0.000645
REQ/BTC,1555598294555,2019-04-18T14:38:14.555Z,sell,5.15e-06,638.0,0.0032857
REQ/BTC,1555598294774,2019-04-18T14:38:14.774Z,buy,5.15e-06,10194.0,0.0524991
REQ/BTC,1555598296786,2019-04-18T14:38:16.786Z,buy,5.15e-06,235.0,0.00121025
REQ/BTC,1555598414819,2019-04-18T14:40:14.819Z,buy,5.16e-06,800.0,0.004128
REQ/BTC,1555598414819,2019-04-18T14:40:14.819Z,buy,5.17e-06,6758.0,0.0349388599999999
REQ/BTC,1555598665304,2019-04-18T14:44:25.304Z,buy,5.16e-06,833.0,0.00429828
REQ/BTC,1555598743601,2019-04-18T14:45:43.601Z,buy,5.16e-06,11074.0,0.05714184
REQ/BTC,1555598749755,2019-04-18T14:45:49.755Z,buy,5.16e-06,1626.0,0.0083901599999999
REQ/BTC,1555598749755,2019-04-18T14:45:49.755Z,buy,5.17e-06,23627.0,0.1221515899999999
REQ/BTC,1555598749755,2019-04-18T14:45:49.755Z,buy,5.18e-06,13357.0,0.06918926
REQ/BTC,1555598751244,2019-04-18T14:45:51.244Z,sell,5.17e-06,610.0,0.0031536999999999
REQ/BTC,1555598751282,2019-04-18T14:45:51.282Z,sell,5.17e-06,163.0,0.00084271
REQ/BTC,1555598848664,2019-04-18T14:47:28.664Z,buy,5.18e-06,3028.0,0.01568504
REQ/BTC,1555598849706,2019-04-18T14:47:29.706Z,buy,5.18e-06,2693.0,0.01394974
REQ/BTC,1555598870162,2019-04-18T14:47:50.162Z,buy,5.18e-06,473.0,0.00245014
REQ/BTC,1555598872171,2019-04-18T14:47:52.171Z,buy,5.19e-06,6157.0,0.03195483
REQ/BTC,1555599321521,2019-04-18T14:55:21.521Z,buy,5.19e-06,31.0,0.00016089
REQ/BTC,1555599414110,2019-04-18T14:56:54.110Z,buy,5.19e-06,4000.0,0.02076
REQ/BTC,1555599655028,2019-04-18T15:00:55.028Z,sell,5.17e-06,396.0,0.00204732
REQ/BTC,1555599685760,2019-04-18T15:01:25.760Z,sell,5.17e-06,776.0,0.0040119199999999
REQ/BTC,1555599913799,2019-04-18T15:05:13.799Z,buy,5.19e-06,751.0,0.00389769
REQ/BTC,1555599913816,2019-04-18T15:05:13.816Z,buy,5.19e-06,450.0,0.0023355
REQ/BTC,1555599936936,2019-04-18T15:05:36.936Z,buy,5.19e-06,2322.0,0.01205118
REQ/BTC,1555599937247,2019-04-18T15:05:37.247Z,buy,5.19e-06,3733.0,0.01937427
REQ/BTC,1555600007714,2019-04-18T15:06:47.714Z,sell,5.17e-06,7549.0,0.03902833
REQ/BTC,1555600101199,2019-04-18T15:08:21.199Z,buy,5.19e-06,259.0,0.00134421
REQ/BTC,1555600201648,2019-04-18T15:10:01.648Z,sell,5.18e-06,400.0,0.002072
REQ/BTC,1555600202384,2019-04-18T15:10:02.384Z,sell,5.18e-06,300.0,0.001554
REQ/BTC,1555600203495,2019-04-18T15:10:03.495Z,sell,5.18e-06,400.0,0.002072
REQ/BTC,1555600203622,2019-04-18T15:10:03.622Z,sell,5.18e-06,400.0,0.002072
REQ/BTC,1555600205255,2019-04-18T15:10:05.255Z,sell,5.18e-06,300.0,0.001554
REQ/BTC,1555600362274,2019-04-18T15:12:42.274Z,sell,5.18e-06,7434.0,0.03850812
REQ/BTC,1555600362274,2019-04-18T15:12:42.274Z,sell,5.17e-06,14765.0,0.0763350499999999
REQ/BTC,1555600362274,2019-04-18T15:12:42.274Z,sell,5.18e-06,7434.0,0.03850812
REQ/BTC,1555600362274,2019-04-18T15:12:42.274Z,sell,5.17e-06,14765.0,0.0763350499999999
REQ/BTC,1555600865598,2019-04-18T15:21:05.598Z,buy,5.19e-06,17023.0,0.08834937
REQ/BTC,1555600865753,2019-04-18T15:21:05.753Z,sell,5.19e-06,306.0,0.00158814
REQ/BTC,1555600865975,2019-04-18T15:21:05.975Z,sell,5.19e-06,7671.0,0.03981249
REQ/BTC,1555600887975,2019-04-18T15:21:27.975Z,sell,5.19e-06,25000.0,0.12975
REQ/BTC,1555600900970,2019-04-18T15:21:40.970Z,sell,5.19e-06,50000.0,0.2595
REQ/BTC,1555600910971,2019-04-18T15:21:50.971Z,sell,5.18e-06,25000.0,0.1295
REQ/BTC,1555600915976,2019-04-18T15:21:55.976Z,sell,5.18e-06,25000.0,0.1295
REQ/BTC,1555600929882,2019-04-18T15:22:09.882Z,buy,5.19e-06,631.0,0.00327489
REQ/BTC,1555600954984,2019-04-18T15:22:34.984Z,sell,5.19e-06,31000.0,0.16089
REQ/BTC,1555600976979,2019-04-18T15:22:56.979Z,sell,5.19e-06,6784.0,0.03520896
REQ/BTC,1555600988764,2019-04-18T15:23:08.764Z,buy,5.19e-06,2693.0,0.01397667
REQ/BTC,1555600988764,2019-04-18T15:23:08.764Z,buy,5.2e-06,6464.0,0.0336128
REQ/BTC,1555600993980,2019-04-18T15:23:13.980Z,sell,5.19e-06,50000.0,0.2595
REQ/BTC,1555601011987,2019-04-18T15:23:31.987Z,sell,5.18e-06,17366.0,0.08995588
REQ/BTC,1555601088656,2019-04-18T15:24:48.656Z,sell,5.19e-06,8929.0,0.04634151
REQ/BTC,1555601088663,2019-04-18T15:24:48.663Z,sell,5.19e-06,8839.0,0.04587441
REQ/BTC,1555601088988,2019-04-18T15:24:48.988Z,sell,5.19e-06,82232.0,0.42678408
REQ/BTC,1555601100991,2019-04-18T15:25:00.991Z,sell,5.19e-06,8484.0,0.04403196
REQ/BTC,1555601123826,2019-04-18T15:25:23.826Z,sell,5.19e-06,15000.0,0.07785
REQ/BTC,1555601180918,2019-04-18T15:26:20.918Z,sell,5.19e-06,199.0,0.00103281
REQ/BTC,1555601394525,2019-04-18T15:29:54.525Z,buy,5.2e-06,32.0,0.0001664
REQ/BTC,1555601401308,2019-04-18T15:30:01.308Z,buy,5.2e-06,70745.0,0.367874
REQ/BTC,1555601911844,2019-04-18T15:38:31.844Z,buy,5.2e-06,5000.0,0.026
REQ/BTC,1555602189449,2019-04-18T15:43:09.449Z,buy,5.2e-06,3147.0,0.0163644
REQ/BTC,1555602654634,2019-04-18T15:50:54.634Z,sell,5.17e-06,457.0,0.0023626899999999
REQ/BTC,1555602716193,2019-04-18T15:51:56.193Z,sell,5.17e-06,8010.0,0.0414116999999999
REQ/BTC,1555602902877,2019-04-18T15:55:02.877Z,sell,5.17e-06,919.0,0.0047512299999999
REQ/BTC,1555602978858,2019-04-18T15:56:18.858Z,buy,5.18e-06,2131.0,0.01103858
REQ/BTC,1555602999640,2019-04-18T15:56:39.640Z,sell,5.18e-06,1372.0,0.00710696
REQ/BTC,1555603495217,2019-04-18T16:04:55.217Z,buy,5.19e-06,215.0,0.00111585
REQ/BTC,1555603495217,2019-04-18T16:04:55.217Z,buy,5.2e-06,7477.0,0.0388804
REQ/BTC,1555603585218,2019-04-18T16:06:25.218Z,buy,5.2e-06,2481.0,0.0129012
REQ/BTC,1555603627538,2019-04-18T16:07:07.538Z,buy,5.2e-06,956.0,0.0049712
REQ/BTC,1555603678376,2019-04-18T16:07:58.376Z,buy,5.2e-06,2458.0,0.0127816
REQ/BTC,1555603681468,2019-04-18T16:08:01.468Z,buy,5.2e-06,480.0,0.002496
REQ/BTC,1555603905819,2019-04-18T16:11:45.819Z,buy,5.2e-06,902.0,0.0046904
REQ/BTC,1555603905819,2019-04-18T16:11:45.819Z,buy,5.2e-06,902.0,0.0046904
REQ/BTC,1555604277636,2019-04-18T16:17:57.636Z,sell,5.18e-06,251.0,0.00130018
REQ/BTC,1555604612271,2019-04-18T16:23:32.271Z,buy,5.19e-06,960.0,0.0049824
REQ/BTC,1555604740414,2019-04-18T16:25:40.414Z,buy,5.19e-06,195.0,0.00101205
REQ/BTC,1555605053388,2019-04-18T16:30:53.388Z,sell,5.18e-06,383.0,0.00198394
REQ/BTC,1555605072419,2019-04-18T16:31:12.419Z,buy,5.19e-06,607.0,0.00315033
REQ/BTC,1555605072419,2019-04-18T16:31:12.419Z,buy,5.2e-06,21365.0,0.111098
REQ/BTC,1555605122354,2019-04-18T16:32:02.354Z,buy,5.2e-06,1923.0,0.0099996
REQ/BTC,1555605272160,2019-04-18T16:34:32.160Z,buy,5.2e-06,2500.0,0.013
REQ/BTC,1555605337930,2019-04-18T16:35:37.930Z,buy,5.2e-06,961.0,0.0049972
REQ/BTC,1555605404285,2019-04-18T16:36:44.285Z,buy,5.2e-06,77895.0,0.405054
REQ/BTC,1555605431433,2019-04-18T16:37:11.433Z,buy,5.2e-06,1043.0,0.0054236
REQ/BTC,1555605431433,2019-04-18T16:37:11.433Z,buy,5.21e-06,47142.0,0.24560982
REQ/BTC,1555605431433,2019-04-18T16:37:11.433Z,buy,5.22e-06,54075.0,0.2822715
REQ/BTC,1555605431433,2019-04-18T16:37:11.433Z,buy,5.23e-06,46230.0,0.2417829
REQ/BTC,1555605435261,2019-04-18T16:37:15.261Z,buy,5.22e-06,2373.0,0.01238706
REQ/BTC,1555605543640,2019-04-18T16:39:03.640Z,buy,5.22e-06,20126.0,0.10505772
REQ/BTC,1555605543640,2019-04-18T16:39:03.640Z,buy,5.23e-06,421.0,0.00220183
REQ/BTC,1555605546908,2019-04-18T16:39:06.908Z,buy,5.23e-06,36699.0,0.19193577
REQ/BTC,1555605593674,2019-04-18T16:39:53.674Z,sell,5.21e-06,289.0,0.00150569
REQ/BTC,1555605596993,2019-04-18T16:39:56.993Z,sell,5.21e-06,289.0,0.00150569
REQ/BTC,1555605609472,2019-04-18T16:40:09.472Z,sell,5.21e-06,4402.0,0.02293442
REQ/BTC,1555605617290,2019-04-18T16:40:17.290Z,buy,5.23e-06,8964.0,0.04688172
REQ/BTC,1555605643814,2019-04-18T16:40:43.814Z,sell,5.21e-06,289.0,0.00150569
REQ/BTC,1555605669867,2019-04-18T16:41:09.867Z,buy,5.22e-06,955.0,0.0049851
REQ/BTC,1555605670483,2019-04-18T16:41:10.483Z,sell,5.22e-06,400.0,0.002088
REQ/BTC,1555605671616,2019-04-18T16:41:11.616Z,sell,5.22e-06,300.0,0.001566
REQ/BTC,1555605671820,2019-04-18T16:41:11.820Z,buy,5.23e-06,480.0,0.0025104
REQ/BTC,1555605688591,2019-04-18T16:41:28.591Z,buy,5.23e-06,1132.0,0.0059203599999999
REQ/BTC,1555605688591,2019-04-18T16:41:28.591Z,buy,5.24e-06,1109.0,0.00581116
REQ/BTC,1555605690016,2019-04-18T16:41:30.016Z,sell,5.22e-06,771.0,0.00402462
REQ/BTC,1555605692744,2019-04-18T16:41:32.744Z,buy,5.23e-06,1300.0,0.0067989999999999
REQ/BTC,1555605692744,2019-04-18T16:41:32.744Z,buy,5.24e-06,2336.0,0.0122406399999999
REQ/BTC,1555605836179,2019-04-18T16:43:56.179Z,sell,5.22e-06,390.0,0.0020358
REQ/BTC,1555605854173,2019-04-18T16:44:14.173Z,sell,5.22e-06,10775.0,0.0562455
REQ/BTC,1555605856444,2019-04-18T16:44:16.444Z,sell,5.23e-06,1311.0,0.00685653
REQ/BTC,1555605861447,2019-04-18T16:44:21.447Z,sell,5.22e-06,4056.0,0.02117232
REQ/BTC,1555605887783,2019-04-18T16:44:47.783Z,sell,5.21e-06,3846.0,0.02003766
REQ/BTC,1555605897781,2019-04-18T16:44:57.781Z,sell,5.2e-06,11981.0,0.0623012
REQ/BTC,1555605926258,2019-04-18T16:45:26.258Z,sell,5.19e-06,3671.0,0.01905249
REQ/BTC,1555605937913,2019-04-18T16:45:37.913Z,sell,5.19e-06,3994.0,0.02072886
REQ/BTC,1555606045325,2019-04-18T16:47:25.325Z,sell,5.2e-06,1750.0,0.0091
REQ/BTC,1555606046360,2019-04-18T16:47:26.360Z,buy,5.2e-06,8400.0,0.04368
REQ/BTC,1555606062361,2019-04-18T16:47:42.361Z,buy,5.2e-06,371.0,0.0019292
REQ/BTC,1555606139736,2019-04-18T16:48:59.736Z,buy,5.21e-06,215.0,0.00112015
REQ/BTC,1555606139758,2019-04-18T16:48:59.758Z,sell,5.21e-06,2587.0,0.01347827
REQ/BTC,1555606323885,2019-04-18T16:52:03.885Z,sell,5.21e-06,1125.0,0.00586125
REQ/BTC,1555606413101,2019-04-18T16:53:33.101Z,buy,5.22e-06,215.0,0.0011223
REQ/BTC,1555606485393,2019-04-18T16:54:45.393Z,sell,5.22e-06,763.0,0.00398286
REQ/BTC,1555606499545,2019-04-18T16:54:59.545Z,sell,5.22e-06,522.0,0.00272484
REQ/BTC,1555606536747,2019-04-18T16:55:36.747Z,buy,5.23e-06,287.0,0.0015010099999999
REQ/BTC,1555606589074,2019-04-18T16:56:29.074Z,buy,5.22e-06,5770.0,0.0301194
REQ/BTC,1555606721962,2019-04-18T16:58:41.962Z,sell,5.21e-06,686.0,0.00357406
REQ/BTC,1555606728475,2019-04-18T16:58:48.475Z,sell,5.21e-06,194.0,0.00101074
REQ/BTC,1555606973022,2019-04-18T17:02:53.022Z,sell,5.21e-06,14705.0,0.07661305
REQ/BTC,1555606973022,2019-04-18T17:02:53.022Z,sell,5.2e-06,5821.0,0.0302692
REQ/BTC,1555606976426,2019-04-18T17:02:56.426Z,buy,5.21e-06,1460.0,0.0076066
REQ/BTC,1555606985983,2019-04-18T17:03:05.983Z,buy,5.21e-06,201.0,0.00104721
REQ/BTC,1555607374725,2019-04-18T17:09:34.725Z,buy,5.22e-06,957.0,0.00499554
REQ/BTC,1555607374753,2019-04-18T17:09:34.753Z,buy,5.22e-06,957.0,0.00499554
REQ/BTC,1555607374760,2019-04-18T17:09:34.760Z,buy,5.22e-06,957.0,0.00499554
REQ/BTC,1555607374766,2019-04-18T17:09:34.766Z,buy,5.22e-06,24.0,0.00012528
REQ/BTC,1555607375486,2019-04-18T17:09:35.486Z,sell,5.22e-06,933.0,0.00487026
REQ/BTC,1555607454203,2019-04-18T17:10:54.203Z,buy,5.21e-06,3768.0,0.01963128
REQ/BTC,1555607456458,2019-04-18T17:10:56.458Z,sell,5.2e-06,489.0,0.0025428
REQ/BTC,1555607456458,2019-04-18T17:10:56.458Z,sell,5.2e-06,489.0,0.0025428
REQ/BTC,1555607709556,2019-04-18T17:15:09.556Z,buy,5.21e-06,2000.0,0.01042
REQ/BTC,1555607722776,2019-04-18T17:15:22.776Z,sell,5.2e-06,15223.0,0.0791596
REQ/BTC,1555607800519,2019-04-18T17:16:40.519Z,buy,5.2e-06,3385.0,0.017602
REQ/BTC,1555607800519,2019-04-18T17:16:40.519Z,buy,5.21e-06,6948.0,0.03619908
REQ/BTC,1555607800519,2019-04-18T17:16:40.519Z,buy,5.22e-06,54471.0,0.28433862
REQ/BTC,1555607800605,2019-04-18T17:16:40.605Z,sell,5.22e-06,867.0,0.00452574
REQ/BTC,1555607801479,2019-04-18T17:16:41.479Z,sell,5.22e-06,400.0,0.002088
REQ/BTC,1555607801961,2019-04-18T17:16:41.961Z,sell,5.22e-06,400.0,0.002088
REQ/BTC,1555607802452,2019-04-18T17:16:42.452Z,sell,5.22e-06,300.0,0.001566
REQ/BTC,1555607802619,2019-04-18T17:16:42.619Z,sell,5.22e-06,544.0,0.00283968
REQ/BTC,1555607803513,2019-04-18T17:16:43.513Z,sell,5.22e-06,546.0,0.00285012
REQ/BTC,1555607804480,2019-04-18T17:16:44.480Z,sell,5.22e-06,417.0,0.00217674
REQ/BTC,1555607804920,2019-04-18T17:16:44.920Z,sell,5.22e-06,417.0,0.00217674
REQ/BTC,1555607805530,2019-04-18T17:16:45.530Z,sell,5.22e-06,400.0,0.002088
REQ/BTC,1555607805971,2019-04-18T17:16:45.971Z,sell,5.22e-06,300.0,0.001566
REQ/BTC,1555607820534,2019-04-18T17:17:00.534Z,sell,5.22e-06,20913.0,0.10916586
REQ/BTC,1555607878887,2019-04-18T17:17:58.887Z,sell,5.22e-06,635.0,0.0033147
REQ/BTC,1555607949781,2019-04-18T17:19:09.781Z,buy,5.23e-06,1228.0,0.00642244
REQ/BTC,1555607950528,2019-04-18T17:19:10.528Z,sell,5.23e-06,759.0,0.0039695699999999
REQ/BTC,1555607954592,2019-04-18T17:19:14.592Z,buy,5.24e-06,7277.0,0.0381314799999999
REQ/BTC,1555608016821,2019-04-18T17:20:16.821Z,sell,5.23e-06,288.0,0.00150624
REQ/BTC,1555608141677,2019-04-18T17:22:21.677Z,buy,5.24e-06,15434.0,0.08087416
REQ/BTC,1555608141677,2019-04-18T17:22:21.677Z,buy,5.25e-06,10619.0,0.0557497499999999
REQ/BTC,1555608141708,2019-04-18T17:22:21.708Z,sell,5.25e-06,2844.0,0.014931
REQ/BTC,1555608141719,2019-04-18T17:22:21.719Z,sell,5.25e-06,200.0,0.00105
REQ/BTC,1555608141721,2019-04-18T17:22:21.721Z,sell,5.25e-06,1934.0,0.0101535
REQ/BTC,1555608141724,2019-04-18T17:22:21.724Z,sell,5.25e-06,3227.0,0.01694175
REQ/BTC,1555608141733,2019-04-18T17:22:21.733Z,sell,5.25e-06,3327.0,0.01746675
REQ/BTC,1555608141824,2019-04-18T17:22:21.824Z,sell,5.25e-06,1851.0,0.0097177499999999
REQ/BTC,1555608141897,2019-04-18T17:22:21.897Z,sell,5.25e-06,398.0,0.0020894999999999
REQ/BTC,1555608142001,2019-04-18T17:22:22.001Z,sell,5.25e-06,1611.0,0.00845775
REQ/BTC,1555608142125,2019-04-18T17:22:22.125Z,sell,5.25e-06,800.0,0.0042
REQ/BTC,1555608142546,2019-04-18T17:22:22.546Z,sell,5.25e-06,7254.0,0.0380835
REQ/BTC,1555608152401,2019-04-18T17:22:32.401Z,buy,5.26e-06,1794.0,0.0094364399999999
REQ/BTC,1555608164459,2019-04-18T17:22:44.459Z,buy,5.26e-06,1080.0,0.0056808
REQ/BTC,1555608190092,2019-04-18T17:23:10.092Z,buy,5.26e-06,16052.0,0.08443352
REQ/BTC,1555608190121,2019-04-18T17:23:10.121Z,sell,5.25e-06,5316.0,0.027909
REQ/BTC,1555608190121,2019-04-18T17:23:10.121Z,sell,5.25e-06,480.0,0.0025199999999999
REQ/BTC,1555608199122,2019-04-18T17:23:19.122Z,sell,5.25e-06,2573.0,0.01350825
REQ/BTC,1555608220310,2019-04-18T17:23:40.310Z,sell,5.25e-06,577.0,0.00302925
REQ/BTC,1555608268385,2019-04-18T17:24:28.385Z,sell,5.25e-06,749.0,0.00393225
REQ/BTC,1555608285466,2019-04-18T17:24:45.466Z,sell,5.25e-06,7482.0,0.0392804999999999
REQ/BTC,1555608305126,2019-04-18T17:25:05.126Z,sell,5.25e-06,17000.0,0.08925
REQ/BTC,1555608428289,2019-04-18T17:27:08.289Z,sell,5.25e-06,192.0,0.001008
REQ/BTC,1555608584140,2019-04-18T17:29:44.140Z,sell,5.25e-06,4374.0,0.0229634999999999
REQ/BTC,1555608631470,2019-04-18T17:30:31.470Z,sell,5.25e-06,11988.0,0.0629369999999999
REQ/BTC,1555608643454,2019-04-18T17:30:43.454Z,sell,5.25e-06,884.0,0.004641
REQ/BTC,1555608656954,2019-04-18T17:30:56.954Z,buy,5.26e-06,427.0,0.00224602
REQ/BTC,1555608661587,2019-04-18T17:31:01.587Z,sell,5.26e-06,3591.0,0.0188886599999999
REQ/BTC,1555608703901,2019-04-18T17:31:43.901Z,sell,5.25e-06,202.0,0.0010605
REQ/BTC,1555608716664,2019-04-18T17:31:56.664Z,buy,5.26e-06,2462.0,0.0129501199999999
REQ/BTC,1555608759664,2019-04-18T17:32:39.664Z,sell,5.25e-06,191.0,0.00100275
REQ/BTC,1555608815995,2019-04-18T17:33:35.995Z,sell,5.25e-06,191.0,0.00100275
REQ/BTC,1555608872367,2019-04-18T17:34:32.367Z,sell,5.25e-06,191.0,0.00100275
REQ/BTC,1555609090021,2019-04-18T17:38:10.021Z,sell,5.25e-06,3124.0,0.016401
REQ/BTC,1555609164311,2019-04-18T17:39:24.311Z,buy,5.26e-06,382.0,0.0020093199999999
REQ/BTC,1555609164311,2019-04-18T17:39:24.311Z,buy,5.27e-06,9391.0,0.04949057
REQ/BTC,1555609169752,2019-04-18T17:39:29.752Z,buy,5.26e-06,1523.0,0.00801098
REQ/BTC,1555609169752,2019-04-18T17:39:29.752Z,buy,5.27e-06,232.0,0.00122264
REQ/BTC,1555609169752,2019-04-18T17:39:29.752Z,buy,5.28e-06,652.0,0.00344256
REQ/BTC,1555609171056,2019-04-18T17:39:31.056Z,buy,5.28e-06,803.0,0.00423984
REQ/BTC,1555609195043,2019-04-18T17:39:55.043Z,buy,5.27e-06,191.0,0.00100657
REQ/BTC,1555609195043,2019-04-18T17:39:55.043Z,buy,5.28e-06,755.0,0.0039864
REQ/BTC,1555609332587,2019-04-18T17:42:12.587Z,sell,5.26e-06,3524.0,0.01853624
REQ/BTC,1555609332587,2019-04-18T17:42:12.587Z,sell,5.26e-06,842.0,0.0044289199999999
REQ/BTC,1555609418948,2019-04-18T17:43:38.948Z,sell,5.25e-06,6777.0,0.03557925
REQ/BTC,1555609424269,2019-04-18T17:43:44.269Z,sell,5.25e-06,443.0,0.0023257499999999
REQ/BTC,1555609479558,2019-04-18T17:44:39.558Z,sell,5.25e-06,20000.0,0.105
REQ/BTC,1555609559082,2019-04-18T17:45:59.082Z,sell,5.25e-06,265.0,0.00139125
REQ/BTC,1555609640308,2019-04-18T17:47:20.308Z,sell,5.25e-06,7012.0,0.036813
REQ/BTC,1555609644808,2019-04-18T17:47:24.808Z,sell,5.24e-06,2814.0,0.0147453599999999
REQ/BTC,1555609644808,2019-04-18T17:47:24.808Z,sell,5.23e-06,1827.0,0.00955521
REQ/BTC,1555609644808,2019-04-18T17:47:24.808Z,sell,5.23e-06,4615.0,0.02413645
REQ/BTC,1555609650320,2019-04-18T17:47:30.320Z,buy,5.25e-06,400.0,0.0021
REQ/BTC,1555609651140,2019-04-18T17:47:31.140Z,buy,5.25e-06,200.0,0.00105
REQ/BTC,1555609657792,2019-04-18T17:47:37.792Z,sell,5.24e-06,4678.0,0.0245127199999999
REQ/BTC,1555609657819,2019-04-18T17:47:37.819Z,buy,5.24e-06,4678.0,0.0245127199999999
REQ/BTC,1555609659599,2019-04-18T17:47:39.599Z,sell,5.23e-06,195.0,0.0010198499999999
REQ/BTC,1555609677432,2019-04-18T17:47:57.432Z,buy,5.24e-06,4215.0,0.0220865999999999
REQ/BTC,1555609720363,2019-04-18T17:48:40.363Z,sell,5.23e-06,257.0,0.00134411
REQ/BTC,1555609750096,2019-04-18T17:49:10.096Z,buy,5.24e-06,3180.0,0.0166632
REQ/BTC,1555609842529,2019-04-18T17:50:42.529Z,sell,5.23e-06,433.0,0.00226459
REQ/BTC,1555609868829,2019-04-18T17:51:08.829Z,buy,5.24e-06,210.0,0.0011003999999999
REQ/BTC,1555609905452,2019-04-18T17:51:45.452Z,sell,5.23e-06,2825.0,0.01477475
REQ/BTC,1555609907684,2019-04-18T17:51:47.684Z,buy,5.23e-06,648.0,0.00338904
REQ/BTC,1555609915697,2019-04-18T17:51:55.697Z,buy,5.24e-06,954.0,0.00499896
REQ/BTC,1555609937534,2019-04-18T17:52:17.534Z,buy,5.24e-06,210.0,0.0011003999999999
REQ/BTC,1555610011175,2019-04-18T17:53:31.175Z,sell,5.23e-06,210.0,0.0010983
REQ/BTC,1555610011175,2019-04-18T17:53:31.175Z,sell,5.22e-06,5764.0,0.03008808
REQ/BTC,1555610011175,2019-04-18T17:53:31.175Z,sell,5.21e-06,10819.0,0.05636699
REQ/BTC,1555610092096,2019-04-18T17:54:52.096Z,buy,5.23e-06,210.0,0.0010983
REQ/BTC,1555610133855,2019-04-18T17:55:33.855Z,buy,5.24e-06,196.0,0.00102704
REQ/BTC,1555610280549,2019-04-18T17:58:00.549Z,sell,5.23e-06,211.0,0.00110353
REQ/BTC,1555610308571,2019-04-18T17:58:28.571Z,buy,5.24e-06,348.0,0.00182352
REQ/BTC,1555610309621,2019-04-18T17:58:29.621Z,buy,5.24e-06,400.0,0.0020959999999999
REQ/BTC,1555610311345,2019-04-18T17:58:31.345Z,buy,5.24e-06,400.0,0.0020959999999999
REQ/BTC,1555610312360,2019-04-18T17:58:32.360Z,buy,5.24e-06,208.0,0.0010899199999999
REQ/BTC,1555610315264,2019-04-18T17:58:35.264Z,buy,5.24e-06,400.0,0.0020959999999999
REQ/BTC,1555610556227,2019-04-18T18:02:36.227Z,buy,5.24e-06,15940.0,0.0835255999999999
REQ/BTC,1555610580588,2019-04-18T18:03:00.588Z,buy,5.25e-06,8136.0,0.0427139999999999
REQ/BTC,1555610580588,2019-04-18T18:03:00.588Z,buy,5.26e-06,4967.0,0.0261264199999999
REQ/BTC,1555610580588,2019-04-18T18:03:00.588Z,buy,5.27e-06,36924.0,0.19458948
REQ/BTC,1555610580588,2019-04-18T18:03:00.588Z,buy,5.28e-06,109410.0,0.5776848
REQ/BTC,1555610580588,2019-04-18T18:03:00.588Z,buy,5.29e-06,19624.0,0.10381096
REQ/BTC,1555610580588,2019-04-18T18:03:00.588Z,buy,5.3e-06,31256.0,0.1656568
REQ/BTC,1555610580612,2019-04-18T18:03:00.612Z,sell,5.3e-06,26951.0,0.1428403
REQ/BTC,1555610580637,2019-04-18T18:03:00.637Z,sell,5.3e-06,210.0,0.001113
REQ/BTC,1555610580645,2019-04-18T18:03:00.645Z,buy,5.31e-06,6416.0,0.03406896
REQ/BTC,1555610580671,2019-04-18T18:03:00.671Z,sell,5.3e-06,1505.0,0.0079765
REQ/BTC,1555610580761,2019-04-18T18:03:00.761Z,sell,5.3e-06,2572.0,0.0136316
REQ/BTC,1555610580785,2019-04-18T18:03:00.785Z,sell,5.3e-06,2520.0,0.013356
REQ/BTC,1555610582736,2019-04-18T18:03:02.736Z,sell,5.29e-06,648.0,0.00342792
REQ/BTC,1555610583199,2019-04-18T18:03:03.199Z,sell,5.29e-06,300.0,0.001587
REQ/BTC,1555610583307,2019-04-18T18:03:03.307Z,sell,5.29e-06,400.0,0.002116
REQ/BTC,1555610584204,2019-04-18T18:03:04.204Z,sell,5.29e-06,300.0,0.001587
REQ/BTC,1555610584353,2019-04-18T18:03:04.353Z,sell,5.29e-06,4000.0,0.02116
REQ/BTC,1555610584412,2019-04-18T18:03:04.412Z,sell,5.29e-06,400.0,0.002116
REQ/BTC,1555610586613,2019-04-18T18:03:06.613Z,sell,5.29e-06,1119.0,0.00591951
REQ/BTC,1555610587685,2019-04-18T18:03:07.685Z,sell,5.29e-06,2634.0,0.01393386
REQ/BTC,1555610589987,2019-04-18T18:03:09.987Z,sell,5.29e-06,640.0,0.0033856
REQ/BTC,1555610595268,2019-04-18T18:03:15.268Z,buy,5.31e-06,13752.0,0.07302312
REQ/BTC,1555610595268,2019-04-18T18:03:15.268Z,buy,5.32e-06,5590.0,0.0297388
REQ/BTC,1555610597739,2019-04-18T18:03:17.739Z,sell,5.29e-06,794.0,0.00420026
REQ/BTC,1555610597739,2019-04-18T18:03:17.739Z,sell,5.28e-06,1611.0,0.00850608
REQ/BTC,1555610598213,2019-04-18T18:03:18.213Z,sell,5.28e-06,4811.0,0.02540208
REQ/BTC,1555610598213,2019-04-18T18:03:18.213Z,sell,5.27e-06,2059.0,0.01085093
REQ/BTC,1555610599471,2019-04-18T18:03:19.471Z,sell,5.28e-06,230.0,0.0012144
REQ/BTC,1555610614335,2019-04-18T18:03:34.335Z,buy,5.3e-06,2059.0,0.0109127
REQ/BTC,1555610614335,2019-04-18T18:03:34.335Z,buy,5.31e-06,10537.0,0.05595147
REQ/BTC,1555610614508,2019-04-18T18:03:34.508Z,buy,5.32e-06,206.0,0.00109592
REQ/BTC,1555610615094,2019-04-18T18:03:35.094Z,sell,5.31e-06,1897.0,0.01007307
REQ/BTC,1555610615095,2019-04-18T18:03:35.095Z,sell,5.31e-06,1677.0,0.00890487
REQ/BTC,1555610643399,2019-04-18T18:04:03.399Z,buy,5.29e-06,2076.0,0.01098204
REQ/BTC,1555610643399,2019-04-18T18:04:03.399Z,buy,5.3e-06,890.0,0.004717
REQ/BTC,1555610643399,2019-04-18T18:04:03.399Z,buy,5.31e-06,7518.0,0.03992058
REQ/BTC,1555610651010,2019-04-18T18:04:11.010Z,buy,5.29e-06,1864.0,0.00986056
REQ/BTC,1555610681108,2019-04-18T18:04:41.108Z,buy,5.29e-06,2321.0,0.01227809
REQ/BTC,1555610681108,2019-04-18T18:04:41.108Z,buy,5.3e-06,19896.0,0.1054488
REQ/BTC,1555610681108,2019-04-18T18:04:41.108Z,buy,5.31e-06,19539.0,0.10375209
REQ/BTC,1555610681108,2019-04-18T18:04:41.108Z,buy,5.32e-06,92636.0,0.49282352
REQ/BTC,1555610681108,2019-04-18T18:04:41.108Z,buy,5.33e-06,64452.0,0.34352916
REQ/BTC,1555610681108,2019-04-18T18:04:41.108Z,buy,5.34e-06,18004.0,0.09614136
REQ/BTC,1555610681118,2019-04-18T18:04:41.118Z,buy,5.33e-06,14946.0,0.07966218
REQ/BTC,1555610681137,2019-04-18T18:04:41.137Z,sell,5.33e-06,3746.0,0.01996618
REQ/BTC,1555610681139,2019-04-18T18:04:41.139Z,sell,5.33e-06,3746.0,0.01996618
REQ/BTC,1555610681140,2019-04-18T18:04:41.140Z,sell,5.33e-06,3746.0,0.01996618
REQ/BTC,1555610681140,2019-04-18T18:04:41.140Z,sell,5.33e-06,3746.0,0.01996618
REQ/BTC,1555610681140,2019-04-18T18:04:41.140Z,sell,5.33e-06,3746.0,0.01996618
REQ/BTC,1555610681149,2019-04-18T18:04:41.149Z,sell,5.33e-06,3708.0,0.01976364
REQ/BTC,1555610681158,2019-04-18T18:04:41.158Z,buy,5.34e-06,1607.0,0.00858138
REQ/BTC,1555610681161,2019-04-18T18:04:41.161Z,buy,5.34e-06,14984.0,0.08001456
REQ/BTC,1555610681167,2019-04-18T18:04:41.167Z,buy,5.34e-06,1008.0,0.00538272
REQ/BTC,1555610681171,2019-04-18T18:04:41.171Z,sell,5.33e-06,73.0,0.00038909
REQ/BTC,1555610681179,2019-04-18T18:04:41.179Z,buy,5.34e-06,1973.0,0.01053582
REQ/BTC,1555610681365,2019-04-18T18:04:41.365Z,sell,5.33e-06,4777.0,0.02546141
REQ/BTC,1555610681371,2019-04-18T18:04:41.371Z,sell,5.33e-06,590.0,0.0031447
REQ/BTC,1555610681375,2019-04-18T18:04:41.375Z,sell,5.33e-06,2946.0,0.01570218
REQ/BTC,1555610681376,2019-04-18T18:04:41.376Z,sell,5.33e-06,2946.0,0.01570218
REQ/BTC,1555610681376,2019-04-18T18:04:41.376Z,sell,5.33e-06,2946.0,0.01570218
REQ/BTC,1555610681376,2019-04-18T18:04:41.376Z,sell,5.33e-06,2946.0,0.01570218
REQ/BTC,1555610681376,2019-04-18T18:04:41.376Z,sell,5.33e-06,2946.0,0.01570218
REQ/BTC,1555610681397,2019-04-18T18:04:41.397Z,buy,5.34e-06,11784.0,0.0629265599999999
REQ/BTC,1555610681559,2019-04-18T18:04:41.559Z,buy,5.34e-06,1427.0,0.00762018
REQ/BTC,1555610681826,2019-04-18T18:04:41.826Z,buy,5.34e-06,3738.0,0.01996092
REQ/BTC,1555610682116,2019-04-18T18:04:42.116Z,sell,5.33e-06,1856.0,0.00989248
REQ/BTC,1555610682117,2019-04-18T18:04:42.117Z,buy,5.34e-06,5617.0,0.02999478
REQ/BTC,1555610682121,2019-04-18T18:04:42.121Z,sell,5.33e-06,386.0,0.0020573799999999
REQ/BTC,1555610682132,2019-04-18T18:04:42.132Z,sell,5.33e-06,200.0,0.0010659999999999
REQ/BTC,1555610682132,2019-04-18T18:04:42.132Z,buy,5.34e-06,18303.0,0.09773802
REQ/BTC,1555610682142,2019-04-18T18:04:42.142Z,sell,5.34e-06,423.0,0.00225882
REQ/BTC,1555610682142,2019-04-18T18:04:42.142Z,sell,5.33e-06,1101.0,0.00586833
REQ/BTC,1555610682171,2019-04-18T18:04:42.171Z,sell,5.34e-06,1199.0,0.0064026599999999
REQ/BTC,1555610682187,2019-04-18T18:04:42.187Z,sell,5.34e-06,444.0,0.00237096
REQ/BTC,1555610682206,2019-04-18T18:04:42.206Z,sell,5.34e-06,211.0,0.00112674
REQ/BTC,1555610682261,2019-04-18T18:04:42.261Z,buy,5.35e-06,363.0,0.0019420499999999
REQ/BTC,1555610682304,2019-04-18T18:04:42.304Z,sell,5.34e-06,600.0,0.003204
REQ/BTC,1555610682343,2019-04-18T18:04:42.343Z,sell,5.34e-06,300.0,0.001602
REQ/BTC,1555610682368,2019-04-18T18:04:42.368Z,buy,5.35e-06,3697.0,0.01977895
REQ/BTC,1555610682369,2019-04-18T18:04:42.369Z,buy,5.35e-06,3731.0,0.01996085
REQ/BTC,1555610682429,2019-04-18T18:04:42.429Z,sell,5.34e-06,1562.0,0.0083410799999999
REQ/BTC,1555610682512,2019-04-18T18:04:42.512Z,sell,5.34e-06,1905.0,0.0101727
REQ/BTC,1555610682512,2019-04-18T18:04:42.512Z,sell,5.34e-06,9524.0,0.05085816
REQ/BTC,1555610682515,2019-04-18T18:04:42.515Z,sell,5.34e-06,400.0,0.002136
REQ/BTC,1555610682519,2019-04-18T18:04:42.519Z,sell,5.34e-06,1429.0,0.00763086
REQ/BTC,1555610682587,2019-04-18T18:04:42.587Z,buy,5.35e-06,189.0,0.00101115
