symbol,timestamp,datetime,side,price,amount,btc_volume
RLC/BTC,1586361624517,2020-04-08T16:00:24.517Z,sell,4.833e-05,13.0,0.00062829
RLC/BTC,1586361671097,2020-04-08T16:01:11.097Z,buy,4.84e-05,925.0,0.04477
RLC/BTC,1586361671105,2020-04-08T16:01:11.105Z,buy,4.842e-05,24.0,0.00116208
RLC/BTC,1586361671801,2020-04-08T16:01:11.801Z,buy,4.845e-05,1.0,4.845e-05
RLC/BTC,1586361673409,2020-04-08T16:01:13.409Z,buy,4.845e-05,417.0,0.02020365
RLC/BTC,1586361678300,2020-04-08T16:01:18.300Z,buy,4.844e-05,12.0,0.00058128
RLC/BTC,1586361678300,2020-04-08T16:01:18.300Z,buy,4.845e-05,13.0,0.0006298499999999
RLC/BTC,1586361680200,2020-04-08T16:01:20.200Z,buy,4.85e-05,103.0,0.0049955
RLC/BTC,1586361817896,2020-04-08T16:03:37.896Z,buy,4.85e-05,3.0,0.0001455
RLC/BTC,1586361995176,2020-04-08T16:06:35.176Z,sell,4.844e-05,3.0,0.00014532
RLC/BTC,1586361995176,2020-04-08T16:06:35.176Z,sell,4.837e-05,20.0,0.0009674
RLC/BTC,1586361996740,2020-04-08T16:06:36.740Z,sell,4.837e-05,44.0,0.0021282799999999
RLC/BTC,1586362105534,2020-04-08T16:08:25.534Z,buy,4.85e-05,431.0,0.0209035
RLC/BTC,1586362105534,2020-04-08T16:08:25.534Z,buy,4.851e-05,169.0,0.00819819
RLC/BTC,1586362270852,2020-04-08T16:11:10.852Z,buy,4.837e-05,3.0,0.00014511
RLC/BTC,1586362278580,2020-04-08T16:11:18.580Z,buy,4.851e-05,1.0,4.851e-05
RLC/BTC,1586362287467,2020-04-08T16:11:27.467Z,buy,4.851e-05,1.0,4.851e-05
RLC/BTC,1586362290576,2020-04-08T16:11:30.576Z,buy,4.851e-05,103.0,0.00499653
RLC/BTC,1586362290792,2020-04-08T16:11:30.792Z,buy,4.851e-05,181.0,0.00878031
RLC/BTC,1586362309355,2020-04-08T16:11:49.355Z,buy,4.851e-05,3.0,0.00014553
RLC/BTC,1586362310743,2020-04-08T16:11:50.743Z,buy,4.851e-05,255.0,0.01237005
RLC/BTC,1586362313043,2020-04-08T16:11:53.043Z,buy,4.851e-05,175.0,0.00848925
RLC/BTC,1586362314043,2020-04-08T16:11:54.043Z,buy,4.851e-05,121.0,0.00586971
RLC/BTC,1586362315044,2020-04-08T16:11:55.044Z,buy,4.85e-05,13.0,0.0006305
RLC/BTC,1586362315044,2020-04-08T16:11:55.044Z,buy,4.851e-05,71.0,0.00344421
RLC/BTC,1586362316244,2020-04-08T16:11:56.244Z,buy,4.851e-05,59.0,0.00286209
RLC/BTC,1586362317240,2020-04-08T16:11:57.240Z,buy,4.851e-05,41.0,0.00198891
RLC/BTC,1586362318667,2020-04-08T16:11:58.667Z,buy,4.851e-05,28.0,0.00135828
RLC/BTC,1586362331644,2020-04-08T16:12:11.644Z,buy,4.851e-05,84.0,0.00407484
RLC/BTC,1586362331658,2020-04-08T16:12:11.658Z,buy,4.851e-05,76.0,0.00368676
RLC/BTC,1586362331848,2020-04-08T16:12:11.848Z,buy,4.851e-05,82.0,0.00397782
RLC/BTC,1586362331962,2020-04-08T16:12:11.962Z,buy,4.851e-05,79.0,0.00383229
RLC/BTC,1586362332381,2020-04-08T16:12:12.381Z,buy,4.851e-05,783.0,0.03798333
RLC/BTC,1586362332484,2020-04-08T16:12:12.484Z,buy,4.851e-05,78.0,0.00378378
RLC/BTC,1586362332581,2020-04-08T16:12:12.581Z,buy,4.851e-05,75.0,0.00363825
RLC/BTC,1586362332794,2020-04-08T16:12:12.794Z,buy,4.851e-05,73.0,0.00354123
RLC/BTC,1586362332802,2020-04-08T16:12:12.802Z,buy,4.851e-05,869.0,0.04215519
RLC/BTC,1586362333528,2020-04-08T16:12:13.528Z,buy,4.851e-05,71.0,0.00344421
RLC/BTC,1586362334048,2020-04-08T16:12:14.048Z,buy,4.851e-05,675.0,0.03274425
RLC/BTC,1586362334057,2020-04-08T16:12:14.057Z,buy,4.851e-05,432.0,0.02095632
RLC/BTC,1586362334057,2020-04-08T16:12:14.057Z,buy,4.852e-05,3.0,0.00014556
RLC/BTC,1586362334057,2020-04-08T16:12:14.057Z,buy,4.853e-05,338.0,0.01640314
RLC/BTC,1586362986469,2020-04-08T16:23:06.469Z,buy,4.848e-05,1.0,4.848e-05
RLC/BTC,1586363048626,2020-04-08T16:24:08.626Z,buy,4.848e-05,3.0,0.00014544
RLC/BTC,1586363342073,2020-04-08T16:29:02.073Z,buy,4.847e-05,9.0,0.00043623
RLC/BTC,1586363342073,2020-04-08T16:29:02.073Z,buy,4.856e-05,94.0,0.00456464
RLC/BTC,1586363393899,2020-04-08T16:29:53.899Z,buy,4.857e-05,3.0,0.0001457099999999
RLC/BTC,1586363393899,2020-04-08T16:29:53.899Z,buy,4.858e-05,13.0,0.00063154
RLC/BTC,1586363393899,2020-04-08T16:29:53.899Z,buy,4.86e-05,86.0,0.0041796
RLC/BTC,1586363396187,2020-04-08T16:29:56.187Z,sell,4.845e-05,46.0,0.0022287
RLC/BTC,1586363431451,2020-04-08T16:30:31.451Z,buy,4.854e-05,102.0,0.00495108
RLC/BTC,1586363437680,2020-04-08T16:30:37.680Z,buy,4.855e-05,3628.0,0.1761394
RLC/BTC,1586363437680,2020-04-08T16:30:37.680Z,buy,4.856e-05,169.0,0.00820664
RLC/BTC,1586363437725,2020-04-08T16:30:37.725Z,sell,4.856e-05,292.0,0.01417952
RLC/BTC,1586363437771,2020-04-08T16:30:37.771Z,buy,4.86e-05,41.0,0.0019926
RLC/BTC,1586363456849,2020-04-08T16:30:56.849Z,sell,4.845e-05,41.0,0.00198645
RLC/BTC,1586363456849,2020-04-08T16:30:56.849Z,sell,4.838e-05,99.0,0.00478962
RLC/BTC,1586363512892,2020-04-08T16:31:52.892Z,sell,4.847e-05,14.0,0.00067858
RLC/BTC,1586363536716,2020-04-08T16:32:16.716Z,buy,4.859e-05,1.0,4.859e-05
RLC/BTC,1586363541412,2020-04-08T16:32:21.412Z,buy,4.859e-05,5.0,0.00024295
RLC/BTC,1586363735538,2020-04-08T16:35:35.538Z,buy,4.859e-05,1.0,4.859e-05
RLC/BTC,1586363742574,2020-04-08T16:35:42.574Z,buy,4.851e-05,8.0,0.00038808
RLC/BTC,1586363777952,2020-04-08T16:36:17.952Z,buy,4.859e-05,3.0,0.00014577
RLC/BTC,1586363838586,2020-04-08T16:37:18.586Z,buy,4.859e-05,1.0,4.859e-05
RLC/BTC,1586363838639,2020-04-08T16:37:18.639Z,buy,4.86e-05,41.0,0.0019926
RLC/BTC,1586364144076,2020-04-08T16:42:24.076Z,buy,4.866e-05,10.0,0.0004866
RLC/BTC,1586364213614,2020-04-08T16:43:33.614Z,sell,4.866e-05,29.0,0.00141114
RLC/BTC,1586364213939,2020-04-08T16:43:33.939Z,sell,4.866e-05,28.0,0.00136248
RLC/BTC,1586364218272,2020-04-08T16:43:38.272Z,sell,4.866e-05,29.0,0.00141114
RLC/BTC,1586364218280,2020-04-08T16:43:38.280Z,sell,4.866e-05,23.0,0.00111918
RLC/BTC,1586364469085,2020-04-08T16:47:49.085Z,buy,4.865e-05,1.0,4.865e-05
RLC/BTC,1586364543850,2020-04-08T16:49:03.850Z,buy,4.865e-05,1.0,4.865e-05
RLC/BTC,1586364671660,2020-04-08T16:51:11.660Z,buy,4.865e-05,1.0,4.865e-05
RLC/BTC,1586364688237,2020-04-08T16:51:28.237Z,buy,4.865e-05,7.0,0.0003405499999999
RLC/BTC,1586364739261,2020-04-08T16:52:19.261Z,buy,4.864e-05,8.0,0.00038912
RLC/BTC,1586364739688,2020-04-08T16:52:19.688Z,buy,4.863e-05,8.0,0.00038904
RLC/BTC,1586364839108,2020-04-08T16:53:59.108Z,buy,4.864e-05,1.0,4.864e-05
RLC/BTC,1586364861241,2020-04-08T16:54:21.241Z,buy,4.867e-05,15.0,0.00073005
RLC/BTC,1586364883786,2020-04-08T16:54:43.786Z,buy,4.871e-05,1.0,4.871e-05
RLC/BTC,1586364961617,2020-04-08T16:56:01.617Z,sell,4.864e-05,29.0,0.00141056
RLC/BTC,1586364966388,2020-04-08T16:56:06.388Z,sell,4.864e-05,29.0,0.00141056
RLC/BTC,1586365064301,2020-04-08T16:57:44.301Z,buy,4.871e-05,1.0,4.871e-05
RLC/BTC,1586365077114,2020-04-08T16:57:57.114Z,sell,4.864e-05,39.0,0.00189696
RLC/BTC,1586365077114,2020-04-08T16:57:57.114Z,sell,4.858e-05,961.0,0.04668538
RLC/BTC,1586365077114,2020-04-08T16:57:57.114Z,sell,4.864e-05,39.0,0.00189696
RLC/BTC,1586365077114,2020-04-08T16:57:57.114Z,sell,4.858e-05,961.0,0.04668538
RLC/BTC,1586365292143,2020-04-08T17:01:32.143Z,buy,4.871e-05,1.0,4.871e-05
RLC/BTC,1586365368340,2020-04-08T17:02:48.340Z,buy,4.871e-05,1.0,4.871e-05
RLC/BTC,1586365432247,2020-04-08T17:03:52.247Z,buy,4.871e-05,23.0,0.00112033
RLC/BTC,1586365432247,2020-04-08T17:03:52.247Z,buy,4.875e-05,395.0,0.01925625
RLC/BTC,1586365446869,2020-04-08T17:04:06.869Z,sell,4.861e-05,2110.0,0.1025671
RLC/BTC,1586365446869,2020-04-08T17:04:06.869Z,sell,4.86e-05,41.0,0.0019926
RLC/BTC,1586365446869,2020-04-08T17:04:06.869Z,sell,4.857e-05,333.0,0.01617381
RLC/BTC,1586365446869,2020-04-08T17:04:06.869Z,sell,4.853e-05,3.0,0.00014559
RLC/BTC,1586365446869,2020-04-08T17:04:06.869Z,sell,4.844e-05,223.0,0.01080212
RLC/BTC,1586365446869,2020-04-08T17:04:06.869Z,sell,4.843e-05,1159.0,0.05613037
RLC/BTC,1586365446869,2020-04-08T17:04:06.869Z,sell,4.843e-05,76.0,0.00368068
RLC/BTC,1586365460987,2020-04-08T17:04:20.987Z,buy,4.869e-05,1.0,4.869e-05
RLC/BTC,1586365527611,2020-04-08T17:05:27.611Z,buy,4.869e-05,1.0,4.869e-05
RLC/BTC,1586365643733,2020-04-08T17:07:23.733Z,buy,4.869e-05,7.0,0.00034083
RLC/BTC,1586365644017,2020-04-08T17:07:24.017Z,sell,4.869e-05,361.0,0.01757709
RLC/BTC,1586365761524,2020-04-08T17:09:21.524Z,buy,4.869e-05,61.0,0.00297009
RLC/BTC,1586365832137,2020-04-08T17:10:32.137Z,buy,4.872e-05,1.0,4.872e-05
RLC/BTC,1586365898984,2020-04-08T17:11:38.984Z,buy,4.867e-05,27.0,0.00131409
RLC/BTC,1586366150503,2020-04-08T17:15:50.503Z,sell,4.845e-05,368.0,0.0178296
RLC/BTC,1586366163571,2020-04-08T17:16:03.571Z,buy,4.845e-05,96.0,0.0046511999999999
RLC/BTC,1586366163867,2020-04-08T17:16:03.867Z,buy,4.845e-05,94.0,0.0045543
RLC/BTC,1586366594591,2020-04-08T17:23:14.591Z,buy,4.86e-05,1.0,4.86e-05
RLC/BTC,1586366601133,2020-04-08T17:23:21.133Z,buy,4.86e-05,1.0,4.86e-05
RLC/BTC,1586367345797,2020-04-08T17:35:45.797Z,sell,4.85e-05,109.0,0.0052865
RLC/BTC,1586367403096,2020-04-08T17:36:43.096Z,buy,4.859e-05,1.0,4.859e-05
RLC/BTC,1586367637845,2020-04-08T17:40:37.845Z,sell,4.85e-05,32.0,0.001552
RLC/BTC,1586367637845,2020-04-08T17:40:37.845Z,sell,4.845e-05,333.0,0.0161338499999999
RLC/BTC,1586367637845,2020-04-08T17:40:37.845Z,sell,4.843e-05,5.0,0.00024215
RLC/BTC,1586367637845,2020-04-08T17:40:37.845Z,sell,4.842e-05,24.0,0.00116208
RLC/BTC,1586367637845,2020-04-08T17:40:37.845Z,sell,4.836e-05,119.0,0.00575484
RLC/BTC,1586367637845,2020-04-08T17:40:37.845Z,sell,4.835e-05,742.0,0.0358757
RLC/BTC,1586367637845,2020-04-08T17:40:37.845Z,sell,4.834e-05,4573.0,0.22105882
RLC/BTC,1586367637845,2020-04-08T17:40:37.845Z,sell,4.831e-05,27.0,0.00130437
RLC/BTC,1586367637845,2020-04-08T17:40:37.845Z,sell,4.83e-05,401.0,0.0193683
RLC/BTC,1586367637845,2020-04-08T17:40:37.845Z,sell,4.825e-05,31.0,0.00149575
RLC/BTC,1586367637845,2020-04-08T17:40:37.845Z,sell,4.821e-05,76.0,0.00366396
RLC/BTC,1586367637845,2020-04-08T17:40:37.845Z,sell,4.82e-05,769.0,0.0370658
RLC/BTC,1586367637857,2020-04-08T17:40:37.857Z,buy,4.819e-05,2868.0,0.1382089199999999
RLC/BTC,1586367637863,2020-04-08T17:40:37.863Z,buy,4.859e-05,1.0,4.859e-05
RLC/BTC,1586367638102,2020-04-08T17:40:38.102Z,buy,4.858e-05,1.0,4.858e-05
RLC/BTC,1586367645416,2020-04-08T17:40:45.416Z,buy,4.839e-05,14.0,0.00067746
RLC/BTC,1586367663884,2020-04-08T17:41:03.884Z,sell,4.831e-05,15.0,0.00072465
RLC/BTC,1586367663884,2020-04-08T17:41:03.884Z,sell,4.825e-05,40.0,0.00193
RLC/BTC,1586367663884,2020-04-08T17:41:03.884Z,sell,4.824e-05,19.0,0.00091656
RLC/BTC,1586367663884,2020-04-08T17:41:03.884Z,sell,4.818e-05,756.0,0.03642408
RLC/BTC,1586367663884,2020-04-08T17:41:03.884Z,sell,4.817e-05,563.0,0.02711971
RLC/BTC,1586367663884,2020-04-08T17:41:03.884Z,sell,4.815e-05,42.0,0.0020223
RLC/BTC,1586367663884,2020-04-08T17:41:03.884Z,sell,4.814e-05,24.0,0.00115536
RLC/BTC,1586367663884,2020-04-08T17:41:03.884Z,sell,4.808e-05,6249.0,0.30045192
RLC/BTC,1586367663884,2020-04-08T17:41:03.884Z,sell,4.806e-05,2125.0,0.1021275
RLC/BTC,1586367663884,2020-04-08T17:41:03.884Z,sell,4.8e-05,10.0,0.00048
RLC/BTC,1586367663884,2020-04-08T17:41:03.884Z,sell,4.798e-05,157.0,0.00753286
RLC/BTC,1586367663922,2020-04-08T17:41:03.922Z,buy,4.84e-05,1.0,4.84e-05
RLC/BTC,1586367685208,2020-04-08T17:41:25.208Z,buy,4.821e-05,183.0,0.00882243
RLC/BTC,1586367685321,2020-04-08T17:41:25.321Z,buy,4.82e-05,241.0,0.0116162
RLC/BTC,1586367685360,2020-04-08T17:41:25.360Z,buy,4.82e-05,170.0,0.008194
RLC/BTC,1586367716349,2020-04-08T17:41:56.349Z,buy,4.822e-05,124.0,0.00597928
RLC/BTC,1586367911823,2020-04-08T17:45:11.823Z,sell,4.812e-05,378.0,0.01818936
RLC/BTC,1586367911823,2020-04-08T17:45:11.823Z,sell,4.811e-05,121.0,0.00582131
RLC/BTC,1586367939640,2020-04-08T17:45:39.640Z,buy,4.818e-05,1.0,4.818e-05
RLC/BTC,1586367946883,2020-04-08T17:45:46.883Z,buy,4.816e-05,10.0,0.0004816
RLC/BTC,1586367946883,2020-04-08T17:45:46.883Z,buy,4.817e-05,119.0,0.00573223
RLC/BTC,1586368027442,2020-04-08T17:47:07.442Z,sell,4.814e-05,202.0,0.00972428
RLC/BTC,1586368069319,2020-04-08T17:47:49.319Z,sell,4.817e-05,132.0,0.00635844
RLC/BTC,1586368085556,2020-04-08T17:48:05.556Z,buy,4.83e-05,1.0,4.83e-05
RLC/BTC,1586368274735,2020-04-08T17:51:14.735Z,buy,4.83e-05,31.0,0.0014973
RLC/BTC,1586368354618,2020-04-08T17:52:34.618Z,buy,4.83e-05,1.0,4.83e-05
RLC/BTC,1586368614031,2020-04-08T17:56:54.031Z,sell,4.819e-05,5.0,0.0002409499999999
RLC/BTC,1586368614031,2020-04-08T17:56:54.031Z,sell,4.818e-05,123.0,0.00592614
RLC/BTC,1586368614031,2020-04-08T17:56:54.031Z,sell,4.819e-05,5.0,0.0002409499999999
RLC/BTC,1586368614031,2020-04-08T17:56:54.031Z,sell,4.818e-05,123.0,0.00592614
RLC/BTC,1586369036190,2020-04-08T18:03:56.190Z,sell,4.823e-05,387.0,0.01866501
RLC/BTC,1586369070181,2020-04-08T18:04:30.181Z,sell,4.822e-05,3220.0,0.1552684
RLC/BTC,1586369143559,2020-04-08T18:05:43.559Z,buy,4.829e-05,10.0,0.0004829
RLC/BTC,1586369143559,2020-04-08T18:05:43.559Z,buy,4.83e-05,8.0,0.0003864
RLC/BTC,1586369143559,2020-04-08T18:05:43.559Z,buy,4.835e-05,195.0,0.00942825
RLC/BTC,1586369157677,2020-04-08T18:05:57.677Z,buy,4.842e-05,103.0,0.00498726
RLC/BTC,1586369278628,2020-04-08T18:07:58.628Z,buy,4.84e-05,1.0,4.84e-05
RLC/BTC,1586369382562,2020-04-08T18:09:42.562Z,buy,4.837e-05,1.0,4.837e-05
RLC/BTC,1586369572522,2020-04-08T18:12:52.522Z,buy,4.83e-05,1.0,4.83e-05
RLC/BTC,1586369690327,2020-04-08T18:14:50.327Z,buy,4.82e-05,11.0,0.0005302
RLC/BTC,1586370000121,2020-04-08T18:20:00.121Z,buy,4.822e-05,1.0,4.822e-05
RLC/BTC,1586370010295,2020-04-08T18:20:10.295Z,sell,4.82e-05,11.0,0.0005302
RLC/BTC,1586370052803,2020-04-08T18:20:52.803Z,sell,4.82e-05,26.0,0.0012531999999999
RLC/BTC,1586370058717,2020-04-08T18:20:58.717Z,buy,4.821e-05,1.0,4.821e-05
RLC/BTC,1586370238356,2020-04-08T18:23:58.356Z,buy,4.821e-05,1.0,4.821e-05
RLC/BTC,1586370268851,2020-04-08T18:24:28.851Z,buy,4.821e-05,1.0,4.821e-05
RLC/BTC,1586370331373,2020-04-08T18:25:31.373Z,buy,4.821e-05,1.0,4.821e-05
RLC/BTC,1586370587749,2020-04-08T18:29:47.749Z,buy,4.83e-05,1.0,4.83e-05
RLC/BTC,1586370606288,2020-04-08T18:30:06.288Z,buy,4.83e-05,1.0,4.83e-05
RLC/BTC,1586370622775,2020-04-08T18:30:22.775Z,buy,4.83e-05,13.0,0.0006279
RLC/BTC,1586370622791,2020-04-08T18:30:22.791Z,buy,4.835e-05,323.0,0.01561705
RLC/BTC,1586370623008,2020-04-08T18:30:23.008Z,buy,4.835e-05,10.0,0.0004835
RLC/BTC,1586370627416,2020-04-08T18:30:27.416Z,buy,4.845e-05,41.0,0.00198645
RLC/BTC,1586370782405,2020-04-08T18:33:02.405Z,buy,4.838e-05,1.0,4.838e-05
RLC/BTC,1586370790941,2020-04-08T18:33:10.941Z,sell,4.83e-05,10.0,0.000483
RLC/BTC,1586370799181,2020-04-08T18:33:19.181Z,buy,4.831e-05,9.0,0.00043479
RLC/BTC,1586371129629,2020-04-08T18:38:49.629Z,buy,4.85e-05,543.0,0.0263355
RLC/BTC,1586371129629,2020-04-08T18:38:49.629Z,buy,4.859e-05,232.0,0.01127288
RLC/BTC,1586371129629,2020-04-08T18:38:49.629Z,buy,4.86e-05,2583.0,0.1255338
RLC/BTC,1586371129629,2020-04-08T18:38:49.629Z,buy,4.861e-05,2742.0,0.13328862
RLC/BTC,1586371131020,2020-04-08T18:38:51.020Z,buy,4.86e-05,5.0,0.000243
RLC/BTC,1586371132226,2020-04-08T18:38:52.226Z,sell,4.845e-05,5.0,0.00024225
RLC/BTC,1586371174578,2020-04-08T18:39:34.578Z,sell,4.845e-05,21.0,0.00101745
RLC/BTC,1586371199182,2020-04-08T18:39:59.182Z,sell,4.845e-05,15.0,0.00072675
RLC/BTC,1586371222929,2020-04-08T18:40:22.929Z,buy,4.845e-05,1.0,4.845e-05
RLC/BTC,1586371257062,2020-04-08T18:40:57.062Z,buy,4.845e-05,138.0,0.0066860999999999
RLC/BTC,1586371571570,2020-04-08T18:46:11.570Z,buy,4.845e-05,3.0,0.0001453499999999
RLC/BTC,1586371571570,2020-04-08T18:46:11.570Z,buy,4.845e-05,3.0,0.0001453499999999
RLC/BTC,1586372320172,2020-04-08T18:58:40.172Z,buy,4.845e-05,7.0,0.00033915
RLC/BTC,1586372392367,2020-04-08T18:59:52.367Z,buy,4.845e-05,1.0,4.845e-05
RLC/BTC,1586372454900,2020-04-08T19:00:54.900Z,buy,4.845e-05,1.0,4.845e-05
RLC/BTC,1586372632467,2020-04-08T19:03:52.467Z,buy,4.845e-05,163.0,0.00789735
RLC/BTC,1586372783426,2020-04-08T19:06:23.426Z,buy,4.845e-05,274.0,0.0132753
RLC/BTC,1586372783744,2020-04-08T19:06:23.744Z,buy,4.845e-05,223.0,0.0108043499999999
RLC/BTC,1586372785141,2020-04-08T19:06:25.141Z,buy,4.845e-05,80.0,0.003876
RLC/BTC,1586373137553,2020-04-08T19:12:17.553Z,buy,4.85e-05,3.0,0.0001455
RLC/BTC,1586373148889,2020-04-08T19:12:28.889Z,sell,4.85e-05,39.0,0.0018915
RLC/BTC,1586373269172,2020-04-08T19:14:29.172Z,buy,4.858e-05,3.0,0.00014574
RLC/BTC,1586373457940,2020-04-08T19:17:37.940Z,sell,4.84e-05,5.0,0.0002419999999999
RLC/BTC,1586373457940,2020-04-08T19:17:37.940Z,sell,4.839e-05,12.0,0.00058068
RLC/BTC,1586373565244,2020-04-08T19:19:25.244Z,buy,4.855e-05,5.0,0.00024275
RLC/BTC,1586373565389,2020-04-08T19:19:25.389Z,buy,4.858e-05,1147.0,0.05572126
RLC/BTC,1586373565742,2020-04-08T19:19:25.742Z,buy,4.858e-05,465.0,0.0225897
RLC/BTC,1586373604023,2020-04-08T19:20:04.023Z,buy,4.857e-05,1.0,4.857e-05
RLC/BTC,1586373661016,2020-04-08T19:21:01.016Z,sell,4.839e-05,374.0,0.01809786
RLC/BTC,1586373745304,2020-04-08T19:22:25.304Z,buy,4.854e-05,3.0,0.00014562
RLC/BTC,1586373751811,2020-04-08T19:22:31.811Z,sell,4.834e-05,3.0,0.00014502
RLC/BTC,1586373932868,2020-04-08T19:25:32.868Z,sell,4.832e-05,168.0,0.00811776
RLC/BTC,1586373970193,2020-04-08T19:26:10.193Z,sell,4.83e-05,8.0,0.0003864
RLC/BTC,1586374011192,2020-04-08T19:26:51.192Z,sell,4.83e-05,33.0,0.0015939
RLC/BTC,1586374062911,2020-04-08T19:27:42.911Z,buy,4.829e-05,14.0,0.00067606
RLC/BTC,1586374106223,2020-04-08T19:28:26.223Z,buy,4.829e-05,1.0,4.829e-05
RLC/BTC,1586374106517,2020-04-08T19:28:26.517Z,buy,4.829e-05,51.0,0.00246279
RLC/BTC,1586374107522,2020-04-08T19:28:27.522Z,buy,4.829e-05,36.0,0.00173844
RLC/BTC,1586374108619,2020-04-08T19:28:28.619Z,buy,4.829e-05,25.0,0.00120725
RLC/BTC,1586374122217,2020-04-08T19:28:42.217Z,buy,4.829e-05,6.0,0.00028974
RLC/BTC,1586374122415,2020-04-08T19:28:42.415Z,buy,4.829e-05,263.0,0.01270027
RLC/BTC,1586374122431,2020-04-08T19:28:42.431Z,buy,4.829e-05,203.0,0.00980287
RLC/BTC,1586374124148,2020-04-08T19:28:44.148Z,buy,4.829e-05,42.0,0.00202818
RLC/BTC,1586374140471,2020-04-08T19:29:00.471Z,buy,4.844e-05,1.0,4.844e-05
RLC/BTC,1586374266673,2020-04-08T19:31:06.673Z,buy,4.845e-05,1.0,4.845e-05
RLC/BTC,1586374811794,2020-04-08T19:40:11.794Z,buy,4.845e-05,3.0,0.0001453499999999
RLC/BTC,1586374811794,2020-04-08T19:40:11.794Z,buy,4.845e-05,3.0,0.0001453499999999
RLC/BTC,1586375314466,2020-04-08T19:48:34.466Z,buy,4.845e-05,3.0,0.0001453499999999
RLC/BTC,1586375771443,2020-04-08T19:56:11.443Z,sell,4.839e-05,3.0,0.00014517
RLC/BTC,1586375772762,2020-04-08T19:56:12.762Z,sell,4.832e-05,4.0,0.00019328
RLC/BTC,1586375783868,2020-04-08T19:56:23.868Z,sell,4.829e-05,6.0,0.00028974
RLC/BTC,1586375783868,2020-04-08T19:56:23.868Z,sell,4.822e-05,3.0,0.00014466
RLC/BTC,1586375794900,2020-04-08T19:56:34.900Z,sell,4.821e-05,35.0,0.00168735
RLC/BTC,1586375837412,2020-04-08T19:57:17.412Z,buy,4.827e-05,17.0,0.00082059
RLC/BTC,1586375964423,2020-04-08T19:59:24.423Z,buy,4.833e-05,1.0,4.833e-05
RLC/BTC,1586376145143,2020-04-08T20:02:25.143Z,buy,4.833e-05,9.0,0.00043497
RLC/BTC,1586376145511,2020-04-08T20:02:25.511Z,buy,4.833e-05,114.0,0.00550962
RLC/BTC,1586376152160,2020-04-08T20:02:32.160Z,buy,4.838e-05,84.0,0.00406392
RLC/BTC,1586376153162,2020-04-08T20:02:33.162Z,buy,4.838e-05,58.0,0.00280604
RLC/BTC,1586376154162,2020-04-08T20:02:34.162Z,buy,4.838e-05,40.0,0.0019352
RLC/BTC,1586376155165,2020-04-08T20:02:35.165Z,buy,4.838e-05,28.0,0.00135464
RLC/BTC,1586376412230,2020-04-08T20:06:52.230Z,buy,4.845e-05,34.0,0.0016473
RLC/BTC,1586376412239,2020-04-08T20:06:52.239Z,buy,4.846e-05,246.0,0.01192116
RLC/BTC,1586376472070,2020-04-08T20:07:52.070Z,buy,4.85e-05,1.0,4.85e-05
RLC/BTC,1586377387852,2020-04-08T20:23:07.852Z,buy,4.85e-05,10.0,0.0004849999999999
RLC/BTC,1586377387852,2020-04-08T20:23:07.852Z,buy,4.851e-05,31.0,0.00150381
RLC/BTC,1586377388203,2020-04-08T20:23:08.203Z,buy,4.851e-05,28.0,0.00135828
RLC/BTC,1586377389239,2020-04-08T20:23:09.239Z,buy,4.851e-05,70.0,0.0033957
RLC/BTC,1586377389253,2020-04-08T20:23:09.253Z,buy,4.851e-05,69.0,0.00334719
RLC/BTC,1586377390404,2020-04-08T20:23:10.404Z,buy,4.851e-05,47.0,0.00227997
RLC/BTC,1586377391809,2020-04-08T20:23:11.809Z,buy,4.851e-05,33.0,0.00160083
RLC/BTC,1586377393506,2020-04-08T20:23:13.506Z,buy,4.851e-05,23.0,0.00111573
RLC/BTC,1586377620668,2020-04-08T20:27:00.668Z,buy,4.85e-05,10.0,0.0004849999999999
RLC/BTC,1586377620668,2020-04-08T20:27:00.668Z,buy,4.851e-05,569.0,0.02760219
RLC/BTC,1586377620978,2020-04-08T20:27:00.978Z,buy,4.851e-05,406.0,0.01969506
RLC/BTC,1586377621981,2020-04-08T20:27:01.981Z,buy,4.851e-05,282.0,0.01367982
RLC/BTC,1586377623178,2020-04-08T20:27:03.178Z,buy,4.851e-05,179.0,0.00868329
RLC/BTC,1586377623178,2020-04-08T20:27:03.178Z,buy,4.852e-05,5.0,0.0002426
RLC/BTC,1586377846222,2020-04-08T20:30:46.222Z,sell,4.852e-05,100.0,0.004852
RLC/BTC,1586378138397,2020-04-08T20:35:38.397Z,buy,4.859e-05,1.0,4.859e-05
RLC/BTC,1586378235877,2020-04-08T20:37:15.877Z,buy,4.859e-05,9.0,0.00043731
RLC/BTC,1586378235884,2020-04-08T20:37:15.884Z,sell,4.859e-05,491.0,0.02385769
RLC/BTC,1586378291554,2020-04-08T20:38:11.554Z,sell,4.859e-05,500.0,0.024295
RLC/BTC,1586378291554,2020-04-08T20:38:11.554Z,sell,4.859e-05,500.0,0.024295
RLC/BTC,1586378464611,2020-04-08T20:41:04.611Z,buy,4.86e-05,41.0,0.0019926
RLC/BTC,1586378464611,2020-04-08T20:41:04.611Z,buy,4.861e-05,180.0,0.0087498
RLC/BTC,1586378464611,2020-04-08T20:41:04.611Z,buy,4.864e-05,6.0,0.00029184
RLC/BTC,1586378464611,2020-04-08T20:41:04.611Z,buy,4.866e-05,143.0,0.00695838
RLC/BTC,1586378464611,2020-04-08T20:41:04.611Z,buy,4.867e-05,582.0,0.02832594
RLC/BTC,1586378464611,2020-04-08T20:41:04.611Z,buy,4.868e-05,3173.0,0.15446164
RLC/BTC,1586378464620,2020-04-08T20:41:04.620Z,sell,4.868e-05,875.0,0.042595
RLC/BTC,1586378467952,2020-04-08T20:41:07.952Z,sell,4.849e-05,29.0,0.00140621
RLC/BTC,1586378469069,2020-04-08T20:41:09.069Z,sell,4.851e-05,349.0,0.01692999
RLC/BTC,1586378653049,2020-04-08T20:44:13.049Z,buy,4.868e-05,3.0,0.00014604
RLC/BTC,1586378898138,2020-04-08T20:48:18.138Z,buy,4.868e-05,3.0,0.00014604
RLC/BTC,1586378905967,2020-04-08T20:48:25.967Z,buy,4.868e-05,7.0,0.00034076
RLC/BTC,1586378980072,2020-04-08T20:49:40.072Z,buy,4.868e-05,113.0,0.00550084
RLC/BTC,1586378980072,2020-04-08T20:49:40.072Z,buy,4.869e-05,3.0,0.00014607
RLC/BTC,1586378980072,2020-04-08T20:49:40.072Z,buy,4.871e-05,24.0,0.00116904
RLC/BTC,1586378980072,2020-04-08T20:49:40.072Z,buy,4.873e-05,1179.0,0.05745267
RLC/BTC,1586379025057,2020-04-08T20:50:25.057Z,buy,4.875e-05,1.0,4.875e-05
RLC/BTC,1586379073044,2020-04-08T20:51:13.044Z,buy,4.875e-05,40.0,0.00195
RLC/BTC,1586379073054,2020-04-08T20:51:13.054Z,sell,4.875e-05,21.0,0.00102375
RLC/BTC,1586379114016,2020-04-08T20:51:54.016Z,sell,4.868e-05,35.0,0.0017038
RLC/BTC,1586379197923,2020-04-08T20:53:17.923Z,sell,4.87e-05,12.0,0.0005844
RLC/BTC,1586379197923,2020-04-08T20:53:17.923Z,sell,4.868e-05,236.0,0.01148848
RLC/BTC,1586379197923,2020-04-08T20:53:17.923Z,sell,4.863e-05,333.0,0.01619379
RLC/BTC,1586379197923,2020-04-08T20:53:17.923Z,sell,4.862e-05,3.0,0.00014586
RLC/BTC,1586379197923,2020-04-08T20:53:17.923Z,sell,4.86e-05,41.0,0.0019926
RLC/BTC,1586379197923,2020-04-08T20:53:17.923Z,sell,4.853e-05,77.0,0.0037368099999999
RLC/BTC,1586379431135,2020-04-08T20:57:11.135Z,buy,4.875e-05,1.0,4.875e-05
RLC/BTC,1586379517699,2020-04-08T20:58:37.699Z,buy,4.873e-05,497.0,0.02421881
RLC/BTC,1586379520362,2020-04-08T20:58:40.362Z,buy,4.873e-05,1.0,4.873e-05
RLC/BTC,1586379698695,2020-04-08T21:01:38.695Z,buy,4.872e-05,1.0,4.872e-05
RLC/BTC,1586379842891,2020-04-08T21:04:02.891Z,buy,4.874e-05,1.0,4.874e-05
RLC/BTC,1586379846796,2020-04-08T21:04:06.796Z,buy,4.874e-05,784.0,0.0382121599999999
RLC/BTC,1586380088722,2020-04-08T21:08:08.722Z,buy,4.873e-05,1.0,4.873e-05
RLC/BTC,1586380128859,2020-04-08T21:08:48.859Z,sell,4.858e-05,283.0,0.0137481399999999
RLC/BTC,1586380128859,2020-04-08T21:08:48.859Z,sell,4.857e-05,5.0,0.00024285
RLC/BTC,1586380128859,2020-04-08T21:08:48.859Z,sell,4.856e-05,616.0,0.02991296
RLC/BTC,1586380128859,2020-04-08T21:08:48.859Z,sell,4.852e-05,3.0,0.00014556
RLC/BTC,1586380128859,2020-04-08T21:08:48.859Z,sell,4.85e-05,412.0,0.019982
RLC/BTC,1586380128859,2020-04-08T21:08:48.859Z,sell,4.849e-05,244.0,0.01183156
RLC/BTC,1586380357765,2020-04-08T21:12:37.765Z,buy,4.872e-05,254.0,0.01237488
RLC/BTC,1586380396343,2020-04-08T21:13:16.343Z,sell,4.854e-05,282.0,0.01368828
RLC/BTC,1586380396343,2020-04-08T21:13:16.343Z,sell,4.853e-05,175.0,0.00849275
RLC/BTC,1586380422609,2020-04-08T21:13:42.609Z,buy,4.872e-05,1.0,4.872e-05
RLC/BTC,1586380605964,2020-04-08T21:16:45.964Z,sell,4.857e-05,46.0,0.00223422
RLC/BTC,1586380848368,2020-04-08T21:20:48.368Z,sell,4.857e-05,244.0,0.01185108
RLC/BTC,1586380848379,2020-04-08T21:20:48.379Z,buy,4.857e-05,369.0,0.01792233
RLC/BTC,1586380848379,2020-04-08T21:20:48.379Z,buy,4.857e-05,369.0,0.01792233
RLC/BTC,1586382000443,2020-04-08T21:40:00.443Z,buy,4.873e-05,13.0,0.00063349
RLC/BTC,1586382000443,2020-04-08T21:40:00.443Z,buy,4.875e-05,40.0,0.00195
RLC/BTC,1586382000443,2020-04-08T21:40:00.443Z,buy,4.876e-05,5.0,0.0002438
RLC/BTC,1586382000443,2020-04-08T21:40:00.443Z,buy,4.878e-05,5.0,0.0002439
RLC/BTC,1586382000443,2020-04-08T21:40:00.443Z,buy,4.88e-05,7.0,0.0003416
RLC/BTC,1586382008447,2020-04-08T21:40:08.447Z,buy,4.88e-05,4.0,0.0001952
RLC/BTC,1586382163451,2020-04-08T21:42:43.451Z,buy,4.88e-05,52.0,0.0025376
RLC/BTC,1586382220085,2020-04-08T21:43:40.085Z,buy,4.88e-05,3.0,0.0001464
RLC/BTC,1586382225824,2020-04-08T21:43:45.824Z,buy,4.88e-05,74.0,0.0036112
RLC/BTC,1586382229281,2020-04-08T21:43:49.281Z,buy,4.88e-05,1.0,4.88e-05
RLC/BTC,1586382395436,2020-04-08T21:46:35.436Z,sell,4.875e-05,10.0,0.0004875
RLC/BTC,1586382395436,2020-04-08T21:46:35.436Z,sell,4.874e-05,3.0,0.00014622
RLC/BTC,1586382395436,2020-04-08T21:46:35.436Z,sell,4.868e-05,160.0,0.0077888
RLC/BTC,1586382652715,2020-04-08T21:50:52.715Z,sell,4.864e-05,3.0,0.00014592
RLC/BTC,1586382652715,2020-04-08T21:50:52.715Z,sell,4.861e-05,135.0,0.00656235
RLC/BTC,1586383279278,2020-04-08T22:01:19.278Z,sell,4.861e-05,3.0,0.00014583
RLC/BTC,1586383280261,2020-04-08T22:01:20.261Z,buy,4.861e-05,1.0,4.861e-05
RLC/BTC,1586383280265,2020-04-08T22:01:20.265Z,sell,4.86e-05,3.0,0.0001458
RLC/BTC,1586383280577,2020-04-08T22:01:20.577Z,sell,4.86e-05,38.0,0.0018468
RLC/BTC,1586383585637,2020-04-08T22:06:25.637Z,buy,4.874e-05,11.0,0.0005361399999999
RLC/BTC,1586383585637,2020-04-08T22:06:25.637Z,buy,4.875e-05,324.0,0.015795
RLC/BTC,1586383845252,2020-04-08T22:10:45.252Z,buy,4.87e-05,3.0,0.0001461
RLC/BTC,1586384055139,2020-04-08T22:14:15.139Z,buy,4.869e-05,5.0,0.00024345
RLC/BTC,1586384110532,2020-04-08T22:15:10.532Z,buy,4.869e-05,1.0,4.869e-05
RLC/BTC,1586384391230,2020-04-08T22:19:51.230Z,buy,4.869e-05,789.0,0.03841641
RLC/BTC,1586384391237,2020-04-08T22:19:51.237Z,sell,4.869e-05,237.0,0.01153953
RLC/BTC,1586384399148,2020-04-08T22:19:59.148Z,buy,4.868e-05,51.0,0.00248268
RLC/BTC,1586384406609,2020-04-08T22:20:06.609Z,sell,4.868e-05,19.0,0.00092492
RLC/BTC,1586384406609,2020-04-08T22:20:06.609Z,sell,4.868e-05,19.0,0.00092492
RLC/BTC,1586384502680,2020-04-08T22:21:42.680Z,sell,4.861e-05,5.0,0.0002430499999999
RLC/BTC,1586384502680,2020-04-08T22:21:42.680Z,sell,4.86e-05,41.0,0.0019926
RLC/BTC,1586384546480,2020-04-08T22:22:26.480Z,buy,4.86e-05,1.0,4.86e-05
RLC/BTC,1586384598041,2020-04-08T22:23:18.041Z,sell,4.856e-05,100.0,0.004856
RLC/BTC,1586384598041,2020-04-08T22:23:18.041Z,sell,4.854e-05,3.0,0.00014562
RLC/BTC,1586384598041,2020-04-08T22:23:18.041Z,sell,4.849e-05,282.0,0.01367418
RLC/BTC,1586384598041,2020-04-08T22:23:18.041Z,sell,4.848e-05,333.0,0.01614384
RLC/BTC,1586384598041,2020-04-08T22:23:18.041Z,sell,4.845e-05,41.0,0.00198645
RLC/BTC,1586384598041,2020-04-08T22:23:18.041Z,sell,4.843e-05,143.0,0.00692549
RLC/BTC,1586384598041,2020-04-08T22:23:18.041Z,sell,4.842e-05,4414.0,0.21372588
RLC/BTC,1586384598051,2020-04-08T22:23:18.051Z,buy,4.844e-05,76.0,0.00368144
RLC/BTC,1586384604558,2020-04-08T22:23:24.558Z,sell,4.843e-05,3.0,0.00014529
RLC/BTC,1586384604558,2020-04-08T22:23:24.558Z,sell,4.84e-05,293.0,0.0141812
RLC/BTC,1586384604558,2020-04-08T22:23:24.558Z,sell,4.839e-05,291.0,0.01408149
RLC/BTC,1586384604567,2020-04-08T22:23:24.567Z,buy,4.839e-05,84.0,0.00406476
RLC/BTC,1586384604572,2020-04-08T22:23:24.572Z,buy,4.839e-05,135.0,0.00653265
RLC/BTC,1586384604576,2020-04-08T22:23:24.576Z,buy,4.839e-05,5.0,0.00024195
RLC/BTC,1586384604610,2020-04-08T22:23:24.610Z,sell,4.836e-05,5.0,0.0002418
RLC/BTC,1586384604610,2020-04-08T22:23:24.610Z,sell,4.835e-05,50.0,0.0024175
RLC/BTC,1586384604610,2020-04-08T22:23:24.610Z,sell,4.834e-05,53.0,0.00256202
RLC/BTC,1586384604685,2020-04-08T22:23:24.685Z,buy,4.839e-05,69.0,0.00333891
RLC/BTC,1586384604790,2020-04-08T22:23:24.790Z,buy,4.839e-05,553.0,0.02675967
RLC/BTC,1586384605908,2020-04-08T22:23:25.908Z,sell,4.833e-05,620.0,0.0299646
RLC/BTC,1586384607009,2020-04-08T22:23:27.009Z,sell,4.832e-05,377.0,0.01821664
RLC/BTC,1586384709217,2020-04-08T22:25:09.217Z,buy,4.838e-05,38.0,0.00183844
RLC/BTC,1586385020469,2020-04-08T22:30:20.469Z,buy,4.839e-05,1323.0,0.06401997
RLC/BTC,1586385048871,2020-04-08T22:30:48.871Z,sell,4.833e-05,273.0,0.01319409
RLC/BTC,1586385065485,2020-04-08T22:31:05.485Z,sell,4.833e-05,350.0,0.0169155
RLC/BTC,1586385065914,2020-04-08T22:31:05.914Z,sell,4.83e-05,91.0,0.0043953
RLC/BTC,1586385070620,2020-04-08T22:31:10.620Z,sell,4.826e-05,333.0,0.01607058
RLC/BTC,1586385176724,2020-04-08T22:32:56.724Z,sell,4.828e-05,3.0,0.00014484
RLC/BTC,1586385176724,2020-04-08T22:32:56.724Z,sell,4.824e-05,5.0,0.0002412
RLC/BTC,1586385176724,2020-04-08T22:32:56.724Z,sell,4.823e-05,3.0,0.00014469
RLC/BTC,1586385176724,2020-04-08T22:32:56.724Z,sell,4.822e-05,333.0,0.01605726
RLC/BTC,1586385176724,2020-04-08T22:32:56.724Z,sell,4.815e-05,42.0,0.0020223
RLC/BTC,1586385176724,2020-04-08T22:32:56.724Z,sell,4.814e-05,24.0,0.00115536
RLC/BTC,1586385176724,2020-04-08T22:32:56.724Z,sell,4.813e-05,839.0,0.04038107
RLC/BTC,1586385176724,2020-04-08T22:32:56.724Z,sell,4.812e-05,1775.0,0.085413
RLC/BTC,1586385183134,2020-04-08T22:33:03.134Z,buy,4.826e-05,1.0,4.826e-05
RLC/BTC,1586385199944,2020-04-08T22:33:19.944Z,sell,4.813e-05,3.0,0.00014439
RLC/BTC,1586385201219,2020-04-08T22:33:21.219Z,buy,4.811e-05,256.0,0.01231616
RLC/BTC,1586385275345,2020-04-08T22:34:35.345Z,sell,4.81e-05,17.0,0.0008177
RLC/BTC,1586385275345,2020-04-08T22:34:35.345Z,sell,4.809e-05,50.0,0.0024045
RLC/BTC,1586385275345,2020-04-08T22:34:35.345Z,sell,4.808e-05,50.0,0.002404
RLC/BTC,1586385275345,2020-04-08T22:34:35.345Z,sell,4.806e-05,50.0,0.0024029999999999
RLC/BTC,1586385275345,2020-04-08T22:34:35.345Z,sell,4.804e-05,4.0,0.00019216
RLC/BTC,1586385275349,2020-04-08T22:34:35.349Z,sell,4.804e-05,444.0,0.02132976
RLC/BTC,1586385275349,2020-04-08T22:34:35.349Z,sell,4.803e-05,1325.0,0.06363975
RLC/BTC,1586385286323,2020-04-08T22:34:46.323Z,sell,4.803e-05,5.0,0.00024015
RLC/BTC,1586385286323,2020-04-08T22:34:46.323Z,sell,4.802e-05,3.0,0.00014406
RLC/BTC,1586385286323,2020-04-08T22:34:46.323Z,sell,4.801e-05,647.0,0.03106247
RLC/BTC,1586385358249,2020-04-08T22:35:58.249Z,sell,4.803e-05,5.0,0.00024015
RLC/BTC,1586385358249,2020-04-08T22:35:58.249Z,sell,4.802e-05,583.0,0.02799566
RLC/BTC,1586385358249,2020-04-08T22:35:58.249Z,sell,4.801e-05,3328.0,0.15977728
RLC/BTC,1586385358987,2020-04-08T22:35:58.987Z,sell,4.801e-05,50.0,0.0024005
RLC/BTC,1586385380187,2020-04-08T22:36:20.187Z,sell,4.801e-05,305.0,0.01464305
RLC/BTC,1586385380187,2020-04-08T22:36:20.187Z,sell,4.8e-05,53.0,0.002544
RLC/BTC,1586385509478,2020-04-08T22:38:29.478Z,buy,4.806e-05,9.0,0.00043254
RLC/BTC,1586385509478,2020-04-08T22:38:29.478Z,buy,4.812e-05,9.0,0.00043308
RLC/BTC,1586385523268,2020-04-08T22:38:43.268Z,sell,4.8e-05,272.0,0.013056
RLC/BTC,1586385523909,2020-04-08T22:38:43.909Z,sell,4.8e-05,9.0,0.000432
RLC/BTC,1586385526224,2020-04-08T22:38:46.224Z,buy,4.812e-05,103.0,0.00495636
RLC/BTC,1586386142228,2020-04-08T22:49:02.228Z,sell,4.805e-05,91.0,0.00437255
RLC/BTC,1586386143757,2020-04-08T22:49:03.757Z,sell,4.805e-05,188.0,0.0090334
RLC/BTC,1586386144638,2020-04-08T22:49:04.638Z,sell,4.805e-05,1000.0,0.04805
RLC/BTC,1586386145583,2020-04-08T22:49:05.583Z,buy,4.811e-05,3.0,0.00014433
RLC/BTC,1586386337938,2020-04-08T22:52:17.938Z,buy,4.812e-05,389.0,0.01871868
RLC/BTC,1586386459200,2020-04-08T22:54:19.200Z,buy,4.814e-05,9.0,0.00043326
RLC/BTC,1586386459324,2020-04-08T22:54:19.324Z,buy,4.815e-05,42.0,0.0020223
RLC/BTC,1586386464529,2020-04-08T22:54:24.529Z,buy,4.817e-05,10.0,0.0004817
RLC/BTC,1586386711062,2020-04-08T22:58:31.062Z,buy,4.816e-05,1.0,4.816e-05
RLC/BTC,1586386758113,2020-04-08T22:59:18.113Z,buy,4.816e-05,2.0,9.632e-05
RLC/BTC,1586386815876,2020-04-08T23:00:15.876Z,buy,4.829e-05,3.0,0.00014487
RLC/BTC,1586386815876,2020-04-08T23:00:15.876Z,buy,4.83e-05,41.0,0.0019803
RLC/BTC,1586386815876,2020-04-08T23:00:15.876Z,buy,4.833e-05,50.0,0.0024165
RLC/BTC,1586386991213,2020-04-08T23:03:11.213Z,sell,4.822e-05,278.0,0.01340516
RLC/BTC,1586386992093,2020-04-08T23:03:12.093Z,buy,4.822e-05,135.0,0.0065097
RLC/BTC,1586386992096,2020-04-08T23:03:12.096Z,buy,4.822e-05,143.0,0.00689546
RLC/BTC,1586387003417,2020-04-08T23:03:23.417Z,sell,4.821e-05,382.0,0.01841622
RLC/BTC,1586387003720,2020-04-08T23:03:23.720Z,buy,4.821e-05,62.0,0.00298902
RLC/BTC,1586387006809,2020-04-08T23:03:26.809Z,buy,4.838e-05,642.0,0.03105996
RLC/BTC,1586387021185,2020-04-08T23:03:41.185Z,buy,4.839e-05,1.0,4.839e-05
RLC/BTC,1586387041068,2020-04-08T23:04:01.068Z,sell,4.82e-05,299.0,0.0144118
RLC/BTC,1586387313509,2020-04-08T23:08:33.509Z,buy,4.82e-05,154.0,0.0074228
RLC/BTC,1586387533180,2020-04-08T23:12:13.180Z,buy,4.821e-05,34.0,0.00163914
RLC/BTC,1586387534207,2020-04-08T23:12:14.207Z,buy,4.821e-05,89.0,0.00429069
RLC/BTC,1586387593966,2020-04-08T23:13:13.966Z,buy,4.838e-05,1.0,4.838e-05
RLC/BTC,1586387872071,2020-04-08T23:17:52.071Z,buy,4.836e-05,1.0,4.836e-05
RLC/BTC,1586387934258,2020-04-08T23:18:54.258Z,buy,4.837e-05,1531.0,0.07405447
RLC/BTC,1586387945605,2020-04-08T23:19:05.605Z,buy,4.838e-05,20.0,0.0009676
RLC/BTC,1586387945605,2020-04-08T23:19:05.605Z,buy,4.838e-05,20.0,0.0009676
RLC/BTC,1586388010593,2020-04-08T23:20:10.593Z,buy,4.837e-05,11.0,0.0005320699999999
RLC/BTC,1586388010593,2020-04-08T23:20:10.593Z,buy,4.838e-05,2612.0,0.12636856
RLC/BTC,1586388167184,2020-04-08T23:22:47.184Z,sell,4.82e-05,236.0,0.0113752
RLC/BTC,1586388261283,2020-04-08T23:24:21.283Z,buy,4.838e-05,188.0,0.00909544
RLC/BTC,1586388717013,2020-04-08T23:31:57.013Z,buy,4.838e-05,1.0,4.838e-05
RLC/BTC,1586388787580,2020-04-08T23:33:07.580Z,buy,4.839e-05,4.0,0.00019356
RLC/BTC,1586388830584,2020-04-08T23:33:50.584Z,buy,4.839e-05,20.0,0.0009678
RLC/BTC,1586388848263,2020-04-08T23:34:08.263Z,buy,4.839e-05,12.0,0.00058068
RLC/BTC,1586388848366,2020-04-08T23:34:08.366Z,buy,4.839e-05,119.0,0.00575841
RLC/BTC,1586389258543,2020-04-08T23:40:58.543Z,buy,4.838e-05,1.0,4.838e-05
RLC/BTC,1586389379818,2020-04-08T23:42:59.818Z,buy,4.838e-05,4.0,0.00019352
RLC/BTC,1586389379818,2020-04-08T23:42:59.818Z,buy,4.839e-05,3.0,0.00014517
RLC/BTC,1586389379818,2020-04-08T23:42:59.818Z,buy,4.842e-05,24.0,0.00116208
RLC/BTC,1586389379818,2020-04-08T23:42:59.818Z,buy,4.844e-05,11.0,0.0005328399999999
RLC/BTC,1586389381074,2020-04-08T23:43:01.074Z,buy,4.844e-05,30.0,0.0014532
RLC/BTC,1586389382179,2020-04-08T23:43:02.179Z,buy,4.844e-05,21.0,0.00101724
RLC/BTC,1586389501072,2020-04-08T23:45:01.072Z,buy,4.845e-05,41.0,0.00198645
RLC/BTC,1586389538996,2020-04-08T23:45:38.996Z,buy,4.853e-05,1.0,4.853e-05
RLC/BTC,1586389647177,2020-04-08T23:47:27.177Z,buy,4.853e-05,630.0,0.0305738999999999
RLC/BTC,1586389647177,2020-04-08T23:47:27.177Z,buy,4.854e-05,5.0,0.0002427
RLC/BTC,1586389647177,2020-04-08T23:47:27.177Z,buy,4.856e-05,26.0,0.00126256
RLC/BTC,1586389647177,2020-04-08T23:47:27.177Z,buy,4.86e-05,41.0,0.0019926
RLC/BTC,1586389647177,2020-04-08T23:47:27.177Z,buy,4.861e-05,241.0,0.01171501
RLC/BTC,1586389647177,2020-04-08T23:47:27.177Z,buy,4.864e-05,423.0,0.02057472
RLC/BTC,1586389647177,2020-04-08T23:47:27.177Z,buy,4.865e-05,3698.0,0.1799076999999999
RLC/BTC,1586389647186,2020-04-08T23:47:27.186Z,sell,4.865e-05,496.0,0.0241304
RLC/BTC,1586389647195,2020-04-08T23:47:27.195Z,buy,4.852e-05,84.0,0.00407568
RLC/BTC,1586389648261,2020-04-08T23:47:28.261Z,buy,4.854e-05,333.0,0.01616382
RLC/BTC,1586389663016,2020-04-08T23:47:43.016Z,buy,4.864e-05,81.0,0.00393984
RLC/BTC,1586389993996,2020-04-08T23:53:13.996Z,buy,4.864e-05,1395.0,0.0678528
RLC/BTC,1586389994104,2020-04-08T23:53:14.104Z,buy,4.864e-05,664.0,0.03229696
RLC/BTC,1586390019908,2020-04-08T23:53:39.908Z,buy,4.87e-05,333.0,0.0162170999999999
RLC/BTC,1586390019908,2020-04-08T23:53:39.908Z,buy,4.871e-05,24.0,0.00116904
RLC/BTC,1586390034214,2020-04-08T23:53:54.214Z,buy,4.873e-05,50.0,0.0024365
RLC/BTC,1586390036794,2020-04-08T23:53:56.794Z,sell,4.864e-05,931.0,0.04528384
RLC/BTC,1586390036902,2020-04-08T23:53:56.902Z,sell,4.864e-05,594.0,0.02889216
RLC/BTC,1586390152570,2020-04-08T23:55:52.570Z,buy,4.874e-05,3.0,0.00014622
RLC/BTC,1586390155565,2020-04-08T23:55:55.565Z,buy,4.874e-05,3.0,0.00014622
RLC/BTC,1586390155565,2020-04-08T23:55:55.565Z,buy,4.875e-05,41.0,0.00199875
RLC/BTC,1586390171794,2020-04-08T23:56:11.794Z,sell,4.868e-05,207.0,0.01007676
RLC/BTC,1586390174963,2020-04-08T23:56:14.963Z,buy,4.876e-05,6.0,0.00029256
RLC/BTC,1586390174963,2020-04-08T23:56:14.963Z,buy,4.878e-05,24.0,0.0011707199999999
RLC/BTC,1586390175308,2020-04-08T23:56:15.308Z,sell,4.876e-05,25.0,0.001219
RLC/BTC,1586390175410,2020-04-08T23:56:15.410Z,sell,4.876e-05,27.0,0.00131652
RLC/BTC,1586390175498,2020-04-08T23:56:15.498Z,buy,4.878e-05,177.0,0.0086340599999999
RLC/BTC,1586390175862,2020-04-08T23:56:15.862Z,buy,4.876e-05,21.0,0.00102396
RLC/BTC,1586390175941,2020-04-08T23:56:15.941Z,buy,4.878e-05,5.0,0.0002439
RLC/BTC,1586390175941,2020-04-08T23:56:15.941Z,buy,4.88e-05,50.0,0.00244
RLC/BTC,1586390175941,2020-04-08T23:56:15.941Z,buy,4.881e-05,48.0,0.00234288
RLC/BTC,1586390176256,2020-04-08T23:56:16.256Z,buy,4.876e-05,21.0,0.00102396
RLC/BTC,1586390176256,2020-04-08T23:56:16.256Z,buy,4.881e-05,2.0,9.762e-05
RLC/BTC,1586390176256,2020-04-08T23:56:16.256Z,buy,4.882e-05,19.0,0.0009275799999999
RLC/BTC,1586390176389,2020-04-08T23:56:16.389Z,buy,4.882e-05,15.0,0.0007323
RLC/BTC,1586390176560,2020-04-08T23:56:16.560Z,buy,4.882e-05,4.0,0.00019528
RLC/BTC,1586390176779,2020-04-08T23:56:16.779Z,sell,4.878e-05,32.0,0.00156096
RLC/BTC,1586390177183,2020-04-08T23:56:17.183Z,buy,4.882e-05,11.0,0.0005370199999999
RLC/BTC,1586390177740,2020-04-08T23:56:17.740Z,buy,4.882e-05,5.0,0.0002440999999999
RLC/BTC,1586390177784,2020-04-08T23:56:17.784Z,buy,4.882e-05,41.0,0.00200162
RLC/BTC,1586390177794,2020-04-08T23:56:17.794Z,buy,4.882e-05,123.0,0.00600486
RLC/BTC,1586390177802,2020-04-08T23:56:17.802Z,buy,4.882e-05,21.0,0.0010252199999999
RLC/BTC,1586390177816,2020-04-08T23:56:17.816Z,buy,4.882e-05,52.0,0.00253864
RLC/BTC,1586390177823,2020-04-08T23:56:17.823Z,buy,4.882e-05,42.0,0.0020504399999999
RLC/BTC,1586390177823,2020-04-08T23:56:17.823Z,buy,4.883e-05,5.0,0.00024415
RLC/BTC,1586390177823,2020-04-08T23:56:17.823Z,buy,4.884e-05,5.0,0.0002441999999999
RLC/BTC,1586390177823,2020-04-08T23:56:17.823Z,buy,4.885e-05,100.0,0.004885
RLC/BTC,1586390177823,2020-04-08T23:56:17.823Z,buy,4.887e-05,258.0,0.01260846
RLC/BTC,1586390178198,2020-04-08T23:56:18.198Z,sell,4.882e-05,21.0,0.0010252199999999
RLC/BTC,1586390178275,2020-04-08T23:56:18.275Z,buy,4.873e-05,21.0,0.00102333
RLC/BTC,1586390178324,2020-04-08T23:56:18.324Z,buy,4.886e-05,29.0,0.00141694
RLC/BTC,1586390179244,2020-04-08T23:56:19.244Z,buy,4.886e-05,288.0,0.01407168
RLC/BTC,1586390180001,2020-04-08T23:56:20.001Z,sell,4.868e-05,176.0,0.00856768
RLC/BTC,1586390197463,2020-04-08T23:56:37.463Z,buy,4.886e-05,139.0,0.00679154
RLC/BTC,1586390208046,2020-04-08T23:56:48.046Z,buy,4.886e-05,3.0,0.00014658
RLC/BTC,1586390211821,2020-04-08T23:56:51.821Z,sell,4.88e-05,8.0,0.0003904
RLC/BTC,1586390220591,2020-04-08T23:57:00.591Z,buy,4.886e-05,19.0,0.00092834
RLC/BTC,1586390274906,2020-04-08T23:57:54.906Z,buy,4.871e-05,860.0,0.0418906
RLC/BTC,1586390276710,2020-04-08T23:57:56.710Z,buy,4.871e-05,593.0,0.02888503
RLC/BTC,1586390278106,2020-04-08T23:57:58.106Z,buy,4.871e-05,396.0,0.01928916
RLC/BTC,1586390287914,2020-04-08T23:58:07.914Z,buy,4.889e-05,6.0,0.00029334
RLC/BTC,1586390335149,2020-04-08T23:58:55.149Z,buy,4.889e-05,5.0,0.00024445
RLC/BTC,1586390335262,2020-04-08T23:58:55.262Z,buy,4.89e-05,41.0,0.0020049
RLC/BTC,1586390335381,2020-04-08T23:58:55.381Z,buy,4.891e-05,333.0,0.0162870299999999
RLC/BTC,1586390335506,2020-04-08T23:58:55.506Z,buy,4.894e-05,11.0,0.00053834
RLC/BTC,1586390335631,2020-04-08T23:58:55.631Z,buy,4.895e-05,5.0,0.0002447499999999
RLC/BTC,1586390335740,2020-04-08T23:58:55.740Z,buy,4.896e-05,145.0,0.0070992
RLC/BTC,1586390335852,2020-04-08T23:58:55.852Z,buy,4.899e-05,148.0,0.00725052
RLC/BTC,1586390338381,2020-04-08T23:58:58.381Z,buy,4.9e-05,3.0,0.000147
RLC/BTC,1586390339453,2020-04-08T23:58:59.453Z,sell,4.894e-05,3.0,0.00014682
RLC/BTC,1586390425377,2020-04-09T00:00:25.377Z,buy,4.894e-05,5.0,0.0002447
RLC/BTC,1586390425432,2020-04-09T00:00:25.432Z,buy,4.898e-05,9.0,0.00044082
RLC/BTC,1586390425432,2020-04-09T00:00:25.432Z,buy,4.899e-05,3.0,0.0001469699999999
RLC/BTC,1586390432055,2020-04-09T00:00:32.055Z,sell,4.894e-05,129.0,0.00631326
RLC/BTC,1586390508580,2020-04-09T00:01:48.580Z,buy,4.9e-05,3.0,0.000147
RLC/BTC,1586390541991,2020-04-09T00:02:21.991Z,sell,4.885e-05,675.0,0.03297375
RLC/BTC,1586390571302,2020-04-09T00:02:51.302Z,buy,4.9e-05,5.0,0.000245
RLC/BTC,1586390572262,2020-04-09T00:02:52.262Z,sell,4.885e-05,255.0,0.01245675
RLC/BTC,1586390597543,2020-04-09T00:03:17.543Z,sell,4.885e-05,404.0,0.0197354
RLC/BTC,1586390598176,2020-04-09T00:03:18.176Z,buy,4.9e-05,31.0,0.001519
RLC/BTC,1586390598176,2020-04-09T00:03:18.176Z,buy,4.902e-05,228.0,0.01117656
RLC/BTC,1586390676725,2020-04-09T00:04:36.725Z,buy,4.903e-05,204.0,0.01000212
RLC/BTC,1586390688891,2020-04-09T00:04:48.891Z,sell,4.884e-05,336.0,0.01641024
RLC/BTC,1586390688891,2020-04-09T00:04:48.891Z,sell,4.876e-05,352.0,0.01716352
RLC/BTC,1586390804878,2020-04-09T00:06:44.878Z,sell,4.875e-05,374.0,0.0182325
RLC/BTC,1586390804878,2020-04-09T00:06:44.878Z,sell,4.874e-05,3.0,0.00014622
RLC/BTC,1586390804878,2020-04-09T00:06:44.878Z,sell,4.871e-05,24.0,0.00116904
RLC/BTC,1586390804878,2020-04-09T00:06:44.878Z,sell,4.868e-05,11.0,0.00053548
RLC/BTC,1586391016026,2020-04-09T00:10:16.026Z,buy,4.887e-05,20.0,0.0009774
RLC/BTC,1586391020185,2020-04-09T00:10:20.185Z,buy,4.887e-05,340.0,0.0166158
RLC/BTC,1586391260775,2020-04-09T00:14:20.775Z,sell,4.874e-05,90.0,0.0043866
RLC/BTC,1586391260893,2020-04-09T00:14:20.893Z,sell,4.874e-05,183.0,0.0089194199999999
RLC/BTC,1586391264735,2020-04-09T00:14:24.735Z,sell,4.874e-05,30.0,0.0014621999999999
RLC/BTC,1586391334381,2020-04-09T00:15:34.381Z,buy,4.888e-05,5.0,0.0002444
RLC/BTC,1586391334381,2020-04-09T00:15:34.381Z,buy,4.89e-05,41.0,0.0020049
RLC/BTC,1586391334381,2020-04-09T00:15:34.381Z,buy,4.891e-05,122.0,0.00596702
RLC/BTC,1586391335526,2020-04-09T00:15:35.526Z,sell,4.874e-05,170.0,0.0082858
RLC/BTC,1586391335526,2020-04-09T00:15:35.526Z,sell,4.874e-05,170.0,0.0082858
RLC/BTC,1586391689440,2020-04-09T00:21:29.440Z,buy,4.899e-05,1.0,4.899e-05
RLC/BTC,1586391788089,2020-04-09T00:23:08.089Z,buy,4.899e-05,1.0,4.899e-05
RLC/BTC,1586391810246,2020-04-09T00:23:30.246Z,buy,4.898e-05,166.0,0.00813068
RLC/BTC,1586391974352,2020-04-09T00:26:14.352Z,sell,4.884e-05,40.0,0.0019535999999999
RLC/BTC,1586391974352,2020-04-09T00:26:14.352Z,sell,4.883e-05,215.0,0.01049845
RLC/BTC,1586391974352,2020-04-09T00:26:14.352Z,sell,4.882e-05,52.0,0.00253864
RLC/BTC,1586391974427,2020-04-09T00:26:14.427Z,buy,4.885e-05,35.0,0.00170975
RLC/BTC,1586391975448,2020-04-09T00:26:15.448Z,sell,4.882e-05,268.0,0.01308376
RLC/BTC,1586391994354,2020-04-09T00:26:34.354Z,buy,4.884e-05,114.0,0.00556776
RLC/BTC,1586391994459,2020-04-09T00:26:34.459Z,buy,4.885e-05,80.0,0.003908
RLC/BTC,1586392005291,2020-04-09T00:26:45.291Z,buy,4.885e-05,149.0,0.00727865
RLC/BTC,1586392094431,2020-04-09T00:28:14.431Z,buy,4.884e-05,9.0,0.0004395599999999
RLC/BTC,1586392094431,2020-04-09T00:28:14.431Z,buy,4.885e-05,289.0,0.01411765
RLC/BTC,1586392157648,2020-04-09T00:29:17.648Z,buy,4.884e-05,137.0,0.00669108
RLC/BTC,1586392157648,2020-04-09T00:29:17.648Z,buy,4.885e-05,778.0,0.0380053
RLC/BTC,1586392157648,2020-04-09T00:29:17.648Z,buy,4.89e-05,94.0,0.0045966
RLC/BTC,1586392164685,2020-04-09T00:29:24.685Z,buy,4.89e-05,239.0,0.0116871
RLC/BTC,1586392164685,2020-04-09T00:29:24.685Z,buy,4.899e-05,22.0,0.00107778
RLC/BTC,1586392164685,2020-04-09T00:29:24.685Z,buy,4.9e-05,24.0,0.001176
RLC/BTC,1586392164692,2020-04-09T00:29:24.692Z,sell,4.9e-05,2984.0,0.1462159999999999
RLC/BTC,1586392164694,2020-04-09T00:29:24.694Z,sell,4.9e-05,2359.0,0.115591
RLC/BTC,1586392164702,2020-04-09T00:29:24.702Z,sell,4.9e-05,72.0,0.003528
RLC/BTC,1586392197750,2020-04-09T00:29:57.750Z,sell,4.9e-05,1271.0,0.062279
RLC/BTC,1586392197756,2020-04-09T00:29:57.756Z,sell,4.9e-05,174.0,0.0085259999999999
RLC/BTC,1586392197756,2020-04-09T00:29:57.756Z,sell,4.9e-05,555.0,0.027195
RLC/BTC,1586392253056,2020-04-09T00:30:53.056Z,sell,4.885e-05,542.0,0.0264767
RLC/BTC,1586392253167,2020-04-09T00:30:53.167Z,sell,4.883e-05,333.0,0.01626039
RLC/BTC,1586392253335,2020-04-09T00:30:53.335Z,buy,4.88e-05,271.0,0.0132248
RLC/BTC,1586392253447,2020-04-09T00:30:53.447Z,buy,4.879e-05,132.0,0.00644028
RLC/BTC,1586392253543,2020-04-09T00:30:53.543Z,sell,4.877e-05,243.0,0.01185111
RLC/BTC,1586392281465,2020-04-09T00:31:21.465Z,buy,4.9e-05,718.0,0.035182
RLC/BTC,1586392281465,2020-04-09T00:31:21.465Z,buy,4.901e-05,11.0,0.00053911
RLC/BTC,1586392281465,2020-04-09T00:31:21.465Z,buy,4.903e-05,138.0,0.00676614
RLC/BTC,1586392281465,2020-04-09T00:31:21.465Z,buy,4.904e-05,63.0,0.0030895199999999
RLC/BTC,1586392281465,2020-04-09T00:31:21.465Z,buy,4.905e-05,524.0,0.0257022
RLC/BTC,1586392281789,2020-04-09T00:31:21.789Z,buy,4.905e-05,1.0,4.905e-05
RLC/BTC,1586392346388,2020-04-09T00:32:26.388Z,buy,4.903e-05,333.0,0.01632699
RLC/BTC,1586392346388,2020-04-09T00:32:26.388Z,buy,4.905e-05,561.0,0.02751705
RLC/BTC,1586392346388,2020-04-09T00:32:26.388Z,buy,4.906e-05,50.0,0.002453
RLC/BTC,1586392346403,2020-04-09T00:32:26.403Z,sell,4.906e-05,461.0,0.02261666
RLC/BTC,1586392388506,2020-04-09T00:33:08.506Z,buy,4.906e-05,56.0,0.00274736
RLC/BTC,1586392482978,2020-04-09T00:34:42.978Z,buy,4.905e-05,649.0,0.03183345
RLC/BTC,1586392482978,2020-04-09T00:34:42.978Z,buy,4.906e-05,755.0,0.0370403
RLC/BTC,1586392482978,2020-04-09T00:34:42.978Z,buy,4.907e-05,1798.0,0.08822786
RLC/BTC,1586392482978,2020-04-09T00:34:42.978Z,buy,4.909e-05,902.0,0.04427918
RLC/BTC,1586392506837,2020-04-09T00:35:06.837Z,sell,4.89e-05,34.0,0.0016626
RLC/BTC,1586392520447,2020-04-09T00:35:20.447Z,buy,4.908e-05,3.0,0.0001472399999999
RLC/BTC,1586392520447,2020-04-09T00:35:20.447Z,buy,4.909e-05,10.0,0.0004909
RLC/BTC,1586392520447,2020-04-09T00:35:20.447Z,buy,4.91e-05,59.0,0.0028969
RLC/BTC,1586392568918,2020-04-09T00:36:08.918Z,buy,4.91e-05,3.0,0.0001473
RLC/BTC,1586392593983,2020-04-09T00:36:33.983Z,buy,4.91e-05,159.0,0.0078069
RLC/BTC,1586392593983,2020-04-09T00:36:33.983Z,buy,4.911e-05,809.0,0.03972999
RLC/BTC,1586392593983,2020-04-09T00:36:33.983Z,buy,4.912e-05,5.0,0.0002456
RLC/BTC,1586392593983,2020-04-09T00:36:33.983Z,buy,4.916e-05,473.0,0.0232526799999999
RLC/BTC,1586392593983,2020-04-09T00:36:33.983Z,buy,4.917e-05,489.0,0.02404413
RLC/BTC,1586392593983,2020-04-09T00:36:33.983Z,buy,4.92e-05,41.0,0.0020172
RLC/BTC,1586392593983,2020-04-09T00:36:33.983Z,buy,4.922e-05,252.0,0.01240344
RLC/BTC,1586392593983,2020-04-09T00:36:33.983Z,buy,4.923e-05,1763.0,0.08679249
RLC/BTC,1586392596362,2020-04-09T00:36:36.362Z,sell,4.905e-05,41.0,0.00201105
RLC/BTC,1586392596362,2020-04-09T00:36:36.362Z,sell,4.904e-05,3.0,0.00014712
RLC/BTC,1586392606419,2020-04-09T00:36:46.419Z,buy,4.897e-05,81.0,0.00396657
RLC/BTC,1586393114940,2020-04-09T00:45:14.940Z,sell,4.894e-05,336.0,0.01644384
RLC/BTC,1586393123052,2020-04-09T00:45:23.052Z,sell,4.892e-05,271.0,0.01325732
RLC/BTC,1586393247530,2020-04-09T00:47:27.530Z,sell,4.894e-05,333.0,0.01629702
RLC/BTC,1586393247530,2020-04-09T00:47:27.530Z,sell,4.893e-05,1229.0,0.06013497
RLC/BTC,1586393247530,2020-04-09T00:47:27.530Z,sell,4.891e-05,142.0,0.0069452199999999
RLC/BTC,1586393247530,2020-04-09T00:47:27.530Z,sell,4.89e-05,2993.0,0.1463577
RLC/BTC,1586393547564,2020-04-09T00:52:27.564Z,buy,4.912e-05,135.0,0.0066311999999999
RLC/BTC,1586393590744,2020-04-09T00:53:10.744Z,buy,4.912e-05,333.0,0.01635696
RLC/BTC,1586393590758,2020-04-09T00:53:10.758Z,sell,4.912e-05,230.0,0.0112976
RLC/BTC,1586393631714,2020-04-09T00:53:51.714Z,sell,4.89e-05,41.0,0.0020049
RLC/BTC,1586393631714,2020-04-09T00:53:51.714Z,sell,4.885e-05,44.0,0.0021494
RLC/BTC,1586393891778,2020-04-09T00:58:11.778Z,buy,4.905e-05,41.0,0.00201105
RLC/BTC,1586393891778,2020-04-09T00:58:11.778Z,buy,4.907e-05,333.0,0.01634031
RLC/BTC,1586393891778,2020-04-09T00:58:11.778Z,buy,4.914e-05,215.0,0.0105651
RLC/BTC,1586393891778,2020-04-09T00:58:11.778Z,buy,4.915e-05,8.0,0.0003932
RLC/BTC,1586393891778,2020-04-09T00:58:11.778Z,buy,4.917e-05,132.0,0.00649044
RLC/BTC,1586393891778,2020-04-09T00:58:11.778Z,buy,4.918e-05,2206.0,0.10849108
RLC/BTC,1586393891778,2020-04-09T00:58:11.778Z,buy,4.919e-05,609.0,0.02995671
RLC/BTC,1586393891778,2020-04-09T00:58:11.778Z,buy,4.921e-05,1435.0,0.07061635
RLC/BTC,1586393918749,2020-04-09T00:58:38.749Z,buy,4.92e-05,41.0,0.0020172
RLC/BTC,1586393918749,2020-04-09T00:58:38.749Z,buy,4.925e-05,475.0,0.0233937499999999
RLC/BTC,1586393918749,2020-04-09T00:58:38.749Z,buy,4.926e-05,579.0,0.0285215399999999
RLC/BTC,1586393918749,2020-04-09T00:58:38.749Z,buy,4.927e-05,51.0,0.00251277
RLC/BTC,1586393918749,2020-04-09T00:58:38.749Z,buy,4.928e-05,24.0,0.00118272
RLC/BTC,1586393918749,2020-04-09T00:58:38.749Z,buy,4.929e-05,1280.0,0.0630912
RLC/BTC,1586393918749,2020-04-09T00:58:38.749Z,buy,4.93e-05,33.0,0.0016269
RLC/BTC,1586393922943,2020-04-09T00:58:42.943Z,sell,4.905e-05,41.0,0.00201105
RLC/BTC,1586393922943,2020-04-09T00:58:42.943Z,sell,4.9e-05,13.0,0.000637
RLC/BTC,1586393928358,2020-04-09T00:58:48.358Z,buy,4.92e-05,3.0,0.0001476
RLC/BTC,1586393992358,2020-04-09T00:59:52.358Z,buy,4.919e-05,5.0,0.00024595
RLC/BTC,1586393992358,2020-04-09T00:59:52.358Z,buy,4.92e-05,38.0,0.0018696
RLC/BTC,1586393992358,2020-04-09T00:59:52.358Z,buy,4.927e-05,144.0,0.00709488
RLC/BTC,1586393992358,2020-04-09T00:59:52.358Z,buy,4.928e-05,2248.0,0.11078144
RLC/BTC,1586393992358,2020-04-09T00:59:52.358Z,buy,4.929e-05,8738.0,0.4306960199999999
RLC/BTC,1586394078150,2020-04-09T01:01:18.150Z,buy,4.927e-05,300.0,0.014781
RLC/BTC,1586394078150,2020-04-09T01:01:18.150Z,buy,4.928e-05,514.0,0.02532992
RLC/BTC,1586394078156,2020-04-09T01:01:18.156Z,sell,4.928e-05,147.0,0.00724416
RLC/BTC,1586394078214,2020-04-09T01:01:18.214Z,buy,4.92e-05,84.0,0.0041328
RLC/BTC,1586394126719,2020-04-09T01:02:06.719Z,buy,4.925e-05,3.0,0.0001477499999999
RLC/BTC,1586394126719,2020-04-09T01:02:06.719Z,buy,4.927e-05,2653.0,0.13071331
RLC/BTC,1586394126719,2020-04-09T01:02:06.719Z,buy,4.93e-05,61.0,0.0030073
RLC/BTC,1586394126719,2020-04-09T01:02:06.719Z,buy,4.932e-05,182.0,0.00897624
RLC/BTC,1586394126719,2020-04-09T01:02:06.719Z,buy,4.933e-05,13.0,0.00064129
RLC/BTC,1586394126719,2020-04-09T01:02:06.719Z,buy,4.935e-05,191.0,0.00942585
RLC/BTC,1586394135565,2020-04-09T01:02:15.565Z,sell,4.914e-05,3.0,0.00014742
RLC/BTC,1586394135565,2020-04-09T01:02:15.565Z,sell,4.91e-05,75.0,0.0036825
RLC/BTC,1586394135565,2020-04-09T01:02:15.565Z,sell,4.91e-05,3.0,0.0001473
RLC/BTC,1586394149560,2020-04-09T01:02:29.560Z,buy,4.934e-05,418.0,0.02062412
RLC/BTC,1586394149560,2020-04-09T01:02:29.560Z,buy,4.935e-05,826.0,0.0407631
RLC/BTC,1586394149560,2020-04-09T01:02:29.560Z,buy,4.936e-05,61.0,0.00301096
RLC/BTC,1586394149560,2020-04-09T01:02:29.560Z,buy,4.938e-05,75.0,0.0037034999999999
RLC/BTC,1586394149560,2020-04-09T01:02:29.560Z,buy,4.939e-05,205.0,0.01012495
RLC/BTC,1586394149560,2020-04-09T01:02:29.560Z,buy,4.942e-05,100.0,0.004942
RLC/BTC,1586394149560,2020-04-09T01:02:29.560Z,buy,4.943e-05,922.0,0.04557446
RLC/BTC,1586394149560,2020-04-09T01:02:29.560Z,buy,4.944e-05,492.0,0.02432448
RLC/BTC,1586394158624,2020-04-09T01:02:38.624Z,sell,4.92e-05,161.0,0.0079212
RLC/BTC,1586394178340,2020-04-09T01:02:58.340Z,sell,4.92e-05,9.0,0.0004428
RLC/BTC,1586394184931,2020-04-09T01:03:04.931Z,sell,4.92e-05,7.0,0.0003444
RLC/BTC,1586394192378,2020-04-09T01:03:12.378Z,buy,4.93e-05,5.0,0.0002465
RLC/BTC,1586394192378,2020-04-09T01:03:12.378Z,buy,4.935e-05,41.0,0.00202335
RLC/BTC,1586394202758,2020-04-09T01:03:22.758Z,buy,4.942e-05,3.0,0.00014826
RLC/BTC,1586394203807,2020-04-09T01:03:23.807Z,buy,4.942e-05,3.0,0.00014826
RLC/BTC,1586394213445,2020-04-09T01:03:33.445Z,buy,4.942e-05,114.0,0.00563388
RLC/BTC,1586394213445,2020-04-09T01:03:33.445Z,buy,4.943e-05,318.0,0.01571874
RLC/BTC,1586394218349,2020-04-09T01:03:38.349Z,buy,4.943e-05,1.0,4.943e-05
RLC/BTC,1586394255711,2020-04-09T01:04:15.711Z,buy,4.943e-05,11.0,0.00054373
RLC/BTC,1586394289726,2020-04-09T01:04:49.726Z,buy,4.943e-05,269.0,0.01329667
RLC/BTC,1586394289726,2020-04-09T01:04:49.726Z,buy,4.945e-05,7603.0,0.37596835
RLC/BTC,1586394289726,2020-04-09T01:04:49.726Z,buy,4.946e-05,13.0,0.0006429799999999
RLC/BTC,1586394289726,2020-04-09T01:04:49.726Z,buy,4.95e-05,50.0,0.0024749999999999
RLC/BTC,1586394289726,2020-04-09T01:04:49.726Z,buy,4.956e-05,939.0,0.04653684
RLC/BTC,1586394289726,2020-04-09T01:04:49.726Z,buy,4.957e-05,440.0,0.0218108
RLC/BTC,1586394289726,2020-04-09T01:04:49.726Z,buy,4.958e-05,10.0,0.0004958
RLC/BTC,1586394289726,2020-04-09T01:04:49.726Z,buy,4.959e-05,9.0,0.00044631
RLC/BTC,1586394289738,2020-04-09T01:04:49.738Z,sell,4.959e-05,29.0,0.00143811
RLC/BTC,1586394289740,2020-04-09T01:04:49.740Z,sell,4.959e-05,187.0,0.00927333
RLC/BTC,1586394289742,2020-04-09T01:04:49.742Z,sell,4.959e-05,361.0,0.01790199
RLC/BTC,1586394289745,2020-04-09T01:04:49.745Z,sell,4.959e-05,79.0,0.00391761
RLC/BTC,1586394289753,2020-04-09T01:04:49.753Z,sell,4.959e-05,378.0,0.0187450199999999
RLC/BTC,1586394289790,2020-04-09T01:04:49.790Z,sell,4.936e-05,3.0,0.00014808
RLC/BTC,1586394289790,2020-04-09T01:04:49.790Z,sell,4.93e-05,75.0,0.0036975
RLC/BTC,1586394293868,2020-04-09T01:04:53.868Z,sell,4.935e-05,18.0,0.0008883
RLC/BTC,1586394360326,2020-04-09T01:06:00.326Z,buy,4.952e-05,5.0,0.0002476
RLC/BTC,1586394360326,2020-04-09T01:06:00.326Z,buy,4.96e-05,852.0,0.0422592
RLC/BTC,1586394360326,2020-04-09T01:06:00.326Z,buy,4.964e-05,782.0,0.03881848
RLC/BTC,1586394360326,2020-04-09T01:06:00.326Z,buy,4.965e-05,70.0,0.0034755
RLC/BTC,1586394360326,2020-04-09T01:06:00.326Z,buy,4.966e-05,6.0,0.00029796
RLC/BTC,1586394360326,2020-04-09T01:06:00.326Z,buy,4.968e-05,456.0,0.02265408
RLC/BTC,1586394363943,2020-04-09T01:06:03.943Z,buy,4.968e-05,20.0,0.0009935999999999
RLC/BTC,1586394364256,2020-04-09T01:06:04.256Z,sell,4.95e-05,25.0,0.0012374999999999
RLC/BTC,1586394364633,2020-04-09T01:06:04.633Z,buy,4.968e-05,50.0,0.002484
RLC/BTC,1586394372309,2020-04-09T01:06:12.309Z,buy,4.971e-05,3.0,0.0001491299999999
RLC/BTC,1586394376290,2020-04-09T01:06:16.290Z,buy,4.971e-05,2.0,9.942e-05
RLC/BTC,1586394376290,2020-04-09T01:06:16.290Z,buy,4.972e-05,48.0,0.00238656
RLC/BTC,1586394379935,2020-04-09T01:06:19.935Z,buy,4.972e-05,528.0,0.02625216
RLC/BTC,1586394379935,2020-04-09T01:06:19.935Z,buy,4.973e-05,901.0,0.04480673
RLC/BTC,1586394379935,2020-04-09T01:06:19.935Z,buy,4.98e-05,40.0,0.001992
RLC/BTC,1586394379935,2020-04-09T01:06:19.935Z,buy,4.981e-05,659.0,0.03282479
RLC/BTC,1586394379935,2020-04-09T01:06:19.935Z,buy,4.982e-05,1225.0,0.0610295
RLC/BTC,1586394379935,2020-04-09T01:06:19.935Z,buy,4.983e-05,92.0,0.00458436
RLC/BTC,1586394379935,2020-04-09T01:06:19.935Z,buy,4.984e-05,585.0,0.0291564
RLC/BTC,1586394379945,2020-04-09T01:06:19.945Z,sell,4.984e-05,129.0,0.0064293599999999
RLC/BTC,1586394382204,2020-04-09T01:06:22.204Z,buy,4.978e-05,5.0,0.0002489
RLC/BTC,1586394382893,2020-04-09T01:06:22.893Z,sell,4.965e-05,40.0,0.001986
RLC/BTC,1586394384049,2020-04-09T01:06:24.049Z,buy,4.978e-05,50.0,0.002489
RLC/BTC,1586394386076,2020-04-09T01:06:26.076Z,buy,4.978e-05,44.0,0.00219032
RLC/BTC,1586394386076,2020-04-09T01:06:26.076Z,buy,4.981e-05,5.0,0.00024905
RLC/BTC,1586394386076,2020-04-09T01:06:26.076Z,buy,4.984e-05,147.0,0.00732648
RLC/BTC,1586394391289,2020-04-09T01:06:31.289Z,sell,4.965e-05,3.0,0.00014895
RLC/BTC,1586394391289,2020-04-09T01:06:31.289Z,sell,4.955e-05,3.0,0.00014865
RLC/BTC,1586394391289,2020-04-09T01:06:31.289Z,sell,4.951e-05,170.0,0.0084167
RLC/BTC,1586394397741,2020-04-09T01:06:37.741Z,buy,4.97e-05,3.0,0.0001491
RLC/BTC,1586394397741,2020-04-09T01:06:37.741Z,buy,4.98e-05,40.0,0.001992
RLC/BTC,1586394397741,2020-04-09T01:06:37.741Z,buy,4.985e-05,357.0,0.01779645
RLC/BTC,1586394397741,2020-04-09T01:06:37.741Z,buy,4.988e-05,10.0,0.0004988
RLC/BTC,1586394397741,2020-04-09T01:06:37.741Z,buy,4.991e-05,660.0,0.0329406
RLC/BTC,1586394397741,2020-04-09T01:06:37.741Z,buy,4.992e-05,135.0,0.0067392
RLC/BTC,1586394397741,2020-04-09T01:06:37.741Z,buy,4.993e-05,1500.0,0.074895
RLC/BTC,1586394397741,2020-04-09T01:06:37.741Z,buy,4.994e-05,163.0,0.00814022
RLC/BTC,1586394397741,2020-04-09T01:06:37.741Z,buy,4.996e-05,156.0,0.00779376
RLC/BTC,1586394397741,2020-04-09T01:06:37.741Z,buy,5e-05,140.0,0.007
RLC/BTC,1586394397749,2020-04-09T01:06:37.749Z,sell,5e-05,894.0,0.0447
RLC/BTC,1586394398144,2020-04-09T01:06:38.144Z,buy,4.989e-05,30.0,0.0014967
RLC/BTC,1586394399931,2020-04-09T01:06:39.931Z,buy,4.989e-05,3.0,0.00014967
RLC/BTC,1586394401183,2020-04-09T01:06:41.183Z,buy,4.989e-05,50.0,0.0024944999999999
RLC/BTC,1586394402133,2020-04-09T01:06:42.133Z,buy,4.989e-05,719.0,0.03587091
RLC/BTC,1586394414343,2020-04-09T01:06:54.343Z,sell,4.983e-05,3.0,0.00014949
RLC/BTC,1586394414744,2020-04-09T01:06:54.744Z,buy,4.988e-05,338.0,0.01685944
RLC/BTC,1586394414744,2020-04-09T01:06:54.744Z,buy,4.989e-05,434.0,0.02165226
RLC/BTC,1586394414744,2020-04-09T01:06:54.744Z,buy,4.995e-05,40.0,0.001998
RLC/BTC,1586394414744,2020-04-09T01:06:54.744Z,buy,5.001e-05,3.0,0.00015003
RLC/BTC,1586394414744,2020-04-09T01:06:54.744Z,buy,5.002e-05,2.0,0.00010004
RLC/BTC,1586394414744,2020-04-09T01:06:54.744Z,buy,5.004e-05,4.0,0.00020016
RLC/BTC,1586394414744,2020-04-09T01:06:54.744Z,buy,5.008e-05,251.0,0.01257008
RLC/BTC,1586394415825,2020-04-09T01:06:55.825Z,sell,4.972e-05,20.0,0.0009943999999999
RLC/BTC,1586394415826,2020-04-09T01:06:55.826Z,sell,4.972e-05,409.0,0.02033548
RLC/BTC,1586394415829,2020-04-09T01:06:55.829Z,sell,4.973e-05,5.0,0.00024865
RLC/BTC,1586394415834,2020-04-09T01:06:55.834Z,sell,4.973e-05,123.0,0.00611679
RLC/BTC,1586394415836,2020-04-09T01:06:55.836Z,sell,4.973e-05,42.0,0.00208866
RLC/BTC,1586394415843,2020-04-09T01:06:55.843Z,sell,4.973e-05,4.0,0.00019892
RLC/BTC,1586394415843,2020-04-09T01:06:55.843Z,sell,4.972e-05,658.0,0.0327157599999999
RLC/BTC,1586394415848,2020-04-09T01:06:55.848Z,sell,4.972e-05,30.0,0.0014916
RLC/BTC,1586394415848,2020-04-09T01:06:55.848Z,sell,4.972e-05,4.0,0.00019888
RLC/BTC,1586394415851,2020-04-09T01:06:55.851Z,sell,4.972e-05,20.0,0.0009943999999999
RLC/BTC,1586394415858,2020-04-09T01:06:55.858Z,sell,4.972e-05,29.0,0.00144188
RLC/BTC,1586394415871,2020-04-09T01:06:55.871Z,sell,4.972e-05,52.0,0.00258544
RLC/BTC,1586394415896,2020-04-09T01:06:55.896Z,sell,4.971e-05,21.0,0.0010439099999999
RLC/BTC,1586394417153,2020-04-09T01:06:57.153Z,buy,4.997e-05,3.0,0.00014991
RLC/BTC,1586394418228,2020-04-09T01:06:58.228Z,buy,5.003e-05,50.0,0.0025015
RLC/BTC,1586394418230,2020-04-09T01:06:58.230Z,sell,4.98e-05,40.0,0.001992
RLC/BTC,1586394420539,2020-04-09T01:07:00.539Z,buy,5.003e-05,13.0,0.00065039
RLC/BTC,1586394421694,2020-04-09T01:07:01.694Z,sell,4.973e-05,3.0,0.00014919
RLC/BTC,1586394421694,2020-04-09T01:07:01.694Z,sell,4.965e-05,40.0,0.001986
RLC/BTC,1586394421694,2020-04-09T01:07:01.694Z,sell,4.957e-05,24.0,0.00118968
RLC/BTC,1586394421694,2020-04-09T01:07:01.694Z,sell,4.956e-05,156.0,0.00773136
RLC/BTC,1586394421694,2020-04-09T01:07:01.694Z,sell,4.953e-05,126.0,0.00624078
RLC/BTC,1586394421970,2020-04-09T01:07:01.970Z,buy,4.955e-05,143.0,0.00708565
RLC/BTC,1586394421971,2020-04-09T01:07:01.971Z,buy,4.955e-05,4.0,0.0001982
RLC/BTC,1586394421974,2020-04-09T01:07:01.974Z,sell,4.954e-05,2927.0,0.14500358
RLC/BTC,1586394422632,2020-04-09T01:07:02.632Z,buy,4.991e-05,126.0,0.00628866
RLC/BTC,1586394422638,2020-04-09T01:07:02.638Z,sell,4.996e-05,24.0,0.00119904
RLC/BTC,1586394424827,2020-04-09T01:07:04.827Z,sell,4.955e-05,163.0,0.00807665
RLC/BTC,1586394429776,2020-04-09T01:07:09.776Z,buy,4.978e-05,488.0,0.02429264
RLC/BTC,1586394430342,2020-04-09T01:07:10.342Z,sell,4.962e-05,3.0,0.00014886
RLC/BTC,1586394430342,2020-04-09T01:07:10.342Z,sell,4.955e-05,122.0,0.0060450999999999
RLC/BTC,1586394430380,2020-04-09T01:07:10.380Z,sell,4.956e-05,63.0,0.00312228
RLC/BTC,1586394430496,2020-04-09T01:07:10.496Z,sell,4.952e-05,57.0,0.00282264
RLC/BTC,1586394430500,2020-04-09T01:07:10.500Z,sell,4.952e-05,1031.0,0.05105512
RLC/BTC,1586394430546,2020-04-09T01:07:10.546Z,sell,4.952e-05,33.0,0.00163416
RLC/BTC,1586394430878,2020-04-09T01:07:10.878Z,sell,4.952e-05,64.0,0.00316928
RLC/BTC,1586394431132,2020-04-09T01:07:11.132Z,sell,4.953e-05,76.0,0.00376428
RLC/BTC,1586394431450,2020-04-09T01:07:11.450Z,sell,4.952e-05,64.0,0.00316928
RLC/BTC,1586394431467,2020-04-09T01:07:11.467Z,buy,4.978e-05,6.0,0.00029868
RLC/BTC,1586394431467,2020-04-09T01:07:11.467Z,buy,4.979e-05,5.0,0.00024895
RLC/BTC,1586394431549,2020-04-09T01:07:11.549Z,sell,4.952e-05,34.0,0.00168368
RLC/BTC,1586394431612,2020-04-09T01:07:11.612Z,sell,4.952e-05,64.0,0.00316928
RLC/BTC,1586394431646,2020-04-09T01:07:11.646Z,sell,4.952e-05,79.0,0.00391208
RLC/BTC,1586394455138,2020-04-09T01:07:35.138Z,buy,4.968e-05,39.0,0.0019375199999999
RLC/BTC,1586394455138,2020-04-09T01:07:35.138Z,buy,4.969e-05,158.0,0.00785102
RLC/BTC,1586394455138,2020-04-09T01:07:35.138Z,buy,4.98e-05,40.0,0.001992
RLC/BTC,1586394455138,2020-04-09T01:07:35.138Z,buy,4.983e-05,785.0,0.03911655
RLC/BTC,1586394455138,2020-04-09T01:07:35.138Z,buy,4.985e-05,24.0,0.0011964
RLC/BTC,1586394455138,2020-04-09T01:07:35.138Z,buy,4.99e-05,126.0,0.0062874
RLC/BTC,1586394455138,2020-04-09T01:07:35.138Z,buy,4.992e-05,693.0,0.03459456
RLC/BTC,1586394455138,2020-04-09T01:07:35.138Z,buy,4.993e-05,42.0,0.00209706
RLC/BTC,1586394455152,2020-04-09T01:07:35.152Z,sell,4.993e-05,57.0,0.00284601
RLC/BTC,1586394483918,2020-04-09T01:08:03.918Z,buy,4.986e-05,892.0,0.04447512
RLC/BTC,1586394502711,2020-04-09T01:08:22.711Z,buy,4.986e-05,4.0,0.00019944
RLC/BTC,1586394526778,2020-04-09T01:08:46.778Z,sell,4.966e-05,13.0,0.00064558
RLC/BTC,1586394694671,2020-04-09T01:11:34.671Z,buy,4.975e-05,5.0,0.00024875
RLC/BTC,1586394721850,2020-04-09T01:12:01.850Z,buy,4.975e-05,3.0,0.00014925
RLC/BTC,1586394721850,2020-04-09T01:12:01.850Z,buy,4.976e-05,6.0,0.00029856
RLC/BTC,1586394721850,2020-04-09T01:12:01.850Z,buy,4.981e-05,1.0,4.981e-05
RLC/BTC,1586394756117,2020-04-09T01:12:36.117Z,sell,4.965e-05,29.0,0.00143985
RLC/BTC,1586394809233,2020-04-09T01:13:29.233Z,sell,4.965e-05,11.0,0.00054615
RLC/BTC,1586394809233,2020-04-09T01:13:29.233Z,sell,4.963e-05,131.0,0.0065015299999999
RLC/BTC,1586394862504,2020-04-09T01:14:22.504Z,buy,4.979e-05,1006.0,0.05008874
RLC/BTC,1586394894382,2020-04-09T01:14:54.382Z,buy,4.979e-05,20.0,0.0009958
RLC/BTC,1586394896811,2020-04-09T01:14:56.811Z,buy,4.979e-05,1024.0,0.05098496
RLC/BTC,1586394896819,2020-04-09T01:14:56.819Z,sell,4.979e-05,37.0,0.00184223
RLC/BTC,1586394896819,2020-04-09T01:14:56.819Z,sell,4.979e-05,37.0,0.00184223
RLC/BTC,1586394968579,2020-04-09T01:16:08.579Z,sell,4.963e-05,29.0,0.0014392699999999
RLC/BTC,1586394990528,2020-04-09T01:16:30.528Z,sell,4.964e-05,56.0,0.00277984
RLC/BTC,1586395117315,2020-04-09T01:18:37.315Z,sell,4.964e-05,31.0,0.0015388399999999
RLC/BTC,1586395164010,2020-04-09T01:19:24.010Z,sell,4.964e-05,48.0,0.00238272
RLC/BTC,1586395164010,2020-04-09T01:19:24.010Z,sell,4.962e-05,333.0,0.01652346
RLC/BTC,1586395168030,2020-04-09T01:19:28.030Z,sell,4.957e-05,24.0,0.00118968
RLC/BTC,1586395168047,2020-04-09T01:19:28.047Z,sell,4.951e-05,43.0,0.00212893
RLC/BTC,1586395178110,2020-04-09T01:19:38.110Z,sell,4.952e-05,103.0,0.00510056
RLC/BTC,1586395219549,2020-04-09T01:20:19.549Z,sell,4.955e-05,15.0,0.00074325
RLC/BTC,1586395219580,2020-04-09T01:20:19.580Z,sell,4.955e-05,21.0,0.00104055
RLC/BTC,1586395262195,2020-04-09T01:21:02.195Z,sell,4.955e-05,333.0,0.0165001499999999
RLC/BTC,1586395262195,2020-04-09T01:21:02.195Z,sell,4.953e-05,561.0,0.02778633
RLC/BTC,1586395264036,2020-04-09T01:21:04.036Z,sell,4.954e-05,304.0,0.01506016
RLC/BTC,1586395264433,2020-04-09T01:21:04.433Z,sell,4.953e-05,415.0,0.02055495
RLC/BTC,1586395300353,2020-04-09T01:21:40.353Z,sell,4.953e-05,43.0,0.00212979
RLC/BTC,1586395300353,2020-04-09T01:21:40.353Z,sell,4.95e-05,40.0,0.00198
RLC/BTC,1586395300353,2020-04-09T01:21:40.353Z,sell,4.942e-05,100.0,0.004942
RLC/BTC,1586395300353,2020-04-09T01:21:40.353Z,sell,4.941e-05,51.0,0.00251991
RLC/BTC,1586395300353,2020-04-09T01:21:40.353Z,sell,4.941e-05,9.0,0.00044469
RLC/BTC,1586395312408,2020-04-09T01:21:52.408Z,sell,4.939e-05,8.0,0.00039512
RLC/BTC,1586395312408,2020-04-09T01:21:52.408Z,sell,4.939e-05,39.0,0.00192621
RLC/BTC,1586395312686,2020-04-09T01:21:52.686Z,sell,4.939e-05,12.0,0.0005926799999999
RLC/BTC,1586395324590,2020-04-09T01:22:04.590Z,sell,4.939e-05,41.0,0.00202499
RLC/BTC,1586395325236,2020-04-09T01:22:05.236Z,buy,4.959e-05,1.0,4.959e-05
RLC/BTC,1586395728280,2020-04-09T01:28:48.280Z,buy,4.941e-05,3.0,0.00014823
RLC/BTC,1586395728280,2020-04-09T01:28:48.280Z,buy,4.949e-05,345.0,0.01707405
RLC/BTC,1586395728280,2020-04-09T01:28:48.280Z,buy,4.95e-05,5.0,0.0002475
RLC/BTC,1586395728280,2020-04-09T01:28:48.280Z,buy,4.956e-05,367.0,0.01818852
RLC/BTC,1586395728280,2020-04-09T01:28:48.280Z,buy,4.962e-05,278.0,0.01379436
RLC/BTC,1586396116679,2020-04-09T01:35:16.679Z,sell,4.939e-05,3.0,0.0001481699999999
RLC/BTC,1586396116679,2020-04-09T01:35:16.679Z,sell,4.939e-05,9.0,0.00044451
RLC/BTC,1586396314885,2020-04-09T01:38:34.885Z,sell,4.939e-05,229.0,0.01131031
RLC/BTC,1586396576639,2020-04-09T01:42:56.639Z,sell,4.939e-05,3.0,0.0001481699999999
RLC/BTC,1586396998646,2020-04-09T01:49:58.646Z,sell,4.94e-05,10.0,0.000494
RLC/BTC,1586396998646,2020-04-09T01:49:58.646Z,sell,4.939e-05,10.0,0.0004939
RLC/BTC,1586397096501,2020-04-09T01:51:36.501Z,buy,4.954e-05,1.0,4.954e-05
RLC/BTC,1586397265153,2020-04-09T01:54:25.153Z,sell,4.94e-05,10.0,0.000494
RLC/BTC,1586397265153,2020-04-09T01:54:25.153Z,sell,4.939e-05,38.0,0.00187682
RLC/BTC,1586397368481,2020-04-09T01:56:08.481Z,buy,4.954e-05,11.0,0.0005449399999999
RLC/BTC,1586397368481,2020-04-09T01:56:08.481Z,buy,4.955e-05,2.0,9.91e-05
RLC/BTC,1586397495219,2020-04-09T01:58:15.219Z,buy,4.95e-05,1.0,4.95e-05
RLC/BTC,1586397853852,2020-04-09T02:04:13.852Z,sell,4.942e-05,351.0,0.0173464199999999
RLC/BTC,1586397853852,2020-04-09T02:04:13.852Z,sell,4.94e-05,1073.0,0.0530062
RLC/BTC,1586397853855,2020-04-09T02:04:13.855Z,sell,4.939e-05,234.0,0.01155726
RLC/BTC,1586397853957,2020-04-09T02:04:13.957Z,sell,4.936e-05,593.0,0.02927048
RLC/BTC,1586397853957,2020-04-09T02:04:13.957Z,sell,4.935e-05,41.0,0.00202335
RLC/BTC,1586397857887,2020-04-09T02:04:17.887Z,sell,4.929e-05,3.0,0.0001478699999999
RLC/BTC,1586397857887,2020-04-09T02:04:17.887Z,sell,4.928e-05,24.0,0.00118272
RLC/BTC,1586397857887,2020-04-09T02:04:17.887Z,sell,4.927e-05,35.0,0.00172445
RLC/BTC,1586397903504,2020-04-09T02:05:03.504Z,sell,4.927e-05,20.0,0.0009854
RLC/BTC,1586397977125,2020-04-09T02:06:17.125Z,sell,4.93e-05,25.0,0.0012324999999999
RLC/BTC,1586397977125,2020-04-09T02:06:17.125Z,sell,4.929e-05,298.0,0.0146884199999999
RLC/BTC,1586398115836,2020-04-09T02:08:35.836Z,sell,4.929e-05,637.0,0.03139773
RLC/BTC,1586398127213,2020-04-09T02:08:47.213Z,buy,4.94e-05,2.0,9.88e-05
RLC/BTC,1586398392621,2020-04-09T02:13:12.621Z,sell,4.932e-05,11.0,0.00054252
RLC/BTC,1586398395684,2020-04-09T02:13:15.684Z,sell,4.932e-05,7.0,0.00034524
RLC/BTC,1586398395684,2020-04-09T02:13:15.684Z,sell,4.932e-05,7.0,0.00034524
RLC/BTC,1586398750244,2020-04-09T02:19:10.244Z,sell,4.932e-05,10.0,0.0004932
RLC/BTC,1586399063998,2020-04-09T02:24:23.998Z,buy,4.943e-05,1.0,4.943e-05
RLC/BTC,1586399072524,2020-04-09T02:24:32.524Z,sell,4.932e-05,10.0,0.0004932
RLC/BTC,1586399074969,2020-04-09T02:24:34.969Z,buy,4.933e-05,10.0,0.0004933
RLC/BTC,1586399108283,2020-04-09T02:25:08.283Z,sell,4.933e-05,262.0,0.0129244599999999
RLC/BTC,1586399318654,2020-04-09T02:28:38.654Z,sell,4.933e-05,9.0,0.0004439699999999
RLC/BTC,1586399536998,2020-04-09T02:32:16.998Z,buy,4.948e-05,5.0,0.0002474
RLC/BTC,1586399536998,2020-04-09T02:32:16.998Z,buy,4.95e-05,40.0,0.00198
RLC/BTC,1586399536998,2020-04-09T02:32:16.998Z,buy,4.951e-05,333.0,0.01648683
RLC/BTC,1586399536998,2020-04-09T02:32:16.998Z,buy,4.957e-05,24.0,0.00118968
RLC/BTC,1586399536998,2020-04-09T02:32:16.998Z,buy,4.961e-05,137.0,0.00679657
RLC/BTC,1586399536998,2020-04-09T02:32:16.998Z,buy,4.963e-05,284.0,0.0140949199999999
RLC/BTC,1586400041158,2020-04-09T02:40:41.158Z,buy,4.958e-05,4.0,0.00019832
RLC/BTC,1586400186712,2020-04-09T02:43:06.712Z,sell,4.958e-05,166.0,0.00823028
RLC/BTC,1586400760422,2020-04-09T02:52:40.422Z,buy,4.961e-05,3.0,0.00014883
RLC/BTC,1586400801166,2020-04-09T02:53:21.166Z,buy,4.961e-05,1.0,4.961e-05
RLC/BTC,1586400865962,2020-04-09T02:54:25.962Z,buy,4.96e-05,1.0,4.96e-05
RLC/BTC,1586400872896,2020-04-09T02:54:32.896Z,sell,4.945e-05,137.0,0.00677465
RLC/BTC,1586400872896,2020-04-09T02:54:32.896Z,sell,4.943e-05,1238.0,0.06119434
RLC/BTC,1586400872896,2020-04-09T02:54:32.896Z,sell,4.94e-05,806.0,0.0398164
RLC/BTC,1586400872900,2020-04-09T02:54:32.900Z,sell,4.94e-05,1375.0,0.067925
RLC/BTC,1586400908925,2020-04-09T02:55:08.925Z,buy,4.942e-05,3.0,0.00014826
RLC/BTC,1586401061251,2020-04-09T02:57:41.251Z,buy,4.947e-05,15.0,0.00074205
RLC/BTC,1586401105232,2020-04-09T02:58:25.232Z,buy,4.959e-05,772.0,0.03828348
RLC/BTC,1586401105232,2020-04-09T02:58:25.232Z,buy,4.96e-05,267.0,0.0132432
RLC/BTC,1586401262171,2020-04-09T03:01:02.171Z,buy,4.957e-05,333.0,0.01650681
RLC/BTC,1586401262171,2020-04-09T03:01:02.171Z,buy,4.961e-05,2.0,9.922e-05
RLC/BTC,1586401262171,2020-04-09T03:01:02.171Z,buy,4.964e-05,308.0,0.01528912
RLC/BTC,1586401262171,2020-04-09T03:01:02.171Z,buy,4.965e-05,1374.0,0.0682191
RLC/BTC,1586401491521,2020-04-09T03:04:51.521Z,sell,4.95e-05,11.0,0.0005445
RLC/BTC,1586401553219,2020-04-09T03:05:53.219Z,sell,4.95e-05,29.0,0.0014355
RLC/BTC,1586401672188,2020-04-09T03:07:52.188Z,sell,4.944e-05,100.0,0.004944
RLC/BTC,1586401672188,2020-04-09T03:07:52.188Z,sell,4.944e-05,100.0,0.004944
RLC/BTC,1586402131391,2020-04-09T03:15:31.391Z,buy,4.962e-05,1.0,4.962e-05
RLC/BTC,1586402441253,2020-04-09T03:20:41.253Z,buy,4.964e-05,3.0,0.00014892
RLC/BTC,1586402477675,2020-04-09T03:21:17.675Z,sell,4.958e-05,3.0,0.00014874
RLC/BTC,1586402478151,2020-04-09T03:21:18.151Z,buy,4.951e-05,3.0,0.00014853
RLC/BTC,1586402689293,2020-04-09T03:24:49.293Z,sell,4.948e-05,3.0,0.00014844
RLC/BTC,1586402689293,2020-04-09T03:24:49.293Z,sell,4.947e-05,137.0,0.0067773899999999
RLC/BTC,1586402704124,2020-04-09T03:25:04.124Z,buy,4.947e-05,66.0,0.00326502
RLC/BTC,1586403049659,2020-04-09T03:30:49.659Z,buy,4.947e-05,253.0,0.01251591
RLC/BTC,1586403049696,2020-04-09T03:30:49.696Z,buy,4.947e-05,8.0,0.00039576
RLC/BTC,1586403055315,2020-04-09T03:30:55.315Z,buy,4.955e-05,67.0,0.00331985
RLC/BTC,1586403079099,2020-04-09T03:31:19.099Z,buy,4.96e-05,1.0,4.96e-05
RLC/BTC,1586403084690,2020-04-09T03:31:24.690Z,buy,4.959e-05,1.0,4.959e-05
RLC/BTC,1586403893737,2020-04-09T03:44:53.737Z,buy,4.958e-05,15.0,0.0007437
RLC/BTC,1586404025727,2020-04-09T03:47:05.727Z,buy,4.958e-05,1.0,4.958e-05
RLC/BTC,1586404054499,2020-04-09T03:47:34.499Z,buy,4.95e-05,12.0,0.0005939999999999
RLC/BTC,1586404232241,2020-04-09T03:50:32.241Z,buy,4.95e-05,15.0,0.0007425
RLC/BTC,1586404232370,2020-04-09T03:50:32.370Z,buy,4.952e-05,1.0,4.952e-05
RLC/BTC,1586404232457,2020-04-09T03:50:32.457Z,buy,4.951e-05,7.0,0.00034657
RLC/BTC,1586404233199,2020-04-09T03:50:33.199Z,buy,4.952e-05,49.0,0.00242648
RLC/BTC,1586404234673,2020-04-09T03:50:34.673Z,buy,4.958e-05,52.0,0.00257816
RLC/BTC,1586404237069,2020-04-09T03:50:37.069Z,buy,4.958e-05,35.0,0.0017353
RLC/BTC,1586404238172,2020-04-09T03:50:38.172Z,buy,4.958e-05,25.0,0.0012395
RLC/BTC,1586404249072,2020-04-09T03:50:49.072Z,buy,4.962e-05,1.0,4.962e-05
RLC/BTC,1586404369784,2020-04-09T03:52:49.784Z,sell,4.947e-05,10.0,0.0004947
RLC/BTC,1586405016901,2020-04-09T04:03:36.901Z,sell,4.944e-05,15.0,0.0007416
RLC/BTC,1586405017135,2020-04-09T04:03:37.135Z,sell,4.943e-05,83.0,0.00410269
RLC/BTC,1586405017135,2020-04-09T04:03:37.135Z,sell,4.943e-05,83.0,0.00410269
RLC/BTC,1586405296864,2020-04-09T04:08:16.864Z,sell,4.937e-05,3.0,0.00014811
RLC/BTC,1586405296864,2020-04-09T04:08:16.864Z,sell,4.936e-05,139.0,0.00686104
RLC/BTC,1586405390320,2020-04-09T04:09:50.320Z,sell,4.935e-05,5.0,0.00024675
RLC/BTC,1586405719594,2020-04-09T04:15:19.594Z,sell,4.935e-05,10.0,0.0004935
RLC/BTC,1586405721344,2020-04-09T04:15:21.344Z,sell,4.935e-05,14.0,0.0006909
RLC/BTC,1586405856060,2020-04-09T04:17:36.060Z,buy,4.936e-05,3.0,0.00014808
RLC/BTC,1586406087837,2020-04-09T04:21:27.837Z,buy,4.936e-05,7.0,0.00034552
RLC/BTC,1586406087837,2020-04-09T04:21:27.837Z,buy,4.945e-05,77.0,0.00380765
RLC/BTC,1586406087853,2020-04-09T04:21:27.853Z,buy,4.945e-05,256.0,0.0126592
RLC/BTC,1586406116368,2020-04-09T04:21:56.368Z,buy,4.958e-05,1.0,4.958e-05
RLC/BTC,1586406154926,2020-04-09T04:22:34.926Z,buy,4.96e-05,3.0,0.0001487999999999
RLC/BTC,1586406280197,2020-04-09T04:24:40.197Z,buy,4.96e-05,1.0,4.96e-05
RLC/BTC,1586407020004,2020-04-09T04:37:00.004Z,buy,4.953e-05,12.0,0.00059436
RLC/BTC,1586407552183,2020-04-09T04:45:52.183Z,sell,4.952e-05,40.0,0.0019808
RLC/BTC,1586407552183,2020-04-09T04:45:52.183Z,sell,4.951e-05,377.0,0.01866527
RLC/BTC,1586407552183,2020-04-09T04:45:52.183Z,sell,4.95e-05,1716.0,0.0849419999999999
RLC/BTC,1586407553222,2020-04-09T04:45:53.222Z,sell,4.951e-05,377.0,0.01866527
RLC/BTC,1586407554224,2020-04-09T04:45:54.224Z,sell,4.95e-05,1356.0,0.067122
RLC/BTC,1586407555523,2020-04-09T04:45:55.523Z,sell,4.951e-05,246.0,0.01217946
RLC/BTC,1586407555523,2020-04-09T04:45:55.523Z,sell,4.95e-05,428.0,0.021186
RLC/BTC,1586407686075,2020-04-09T04:48:06.075Z,buy,4.959e-05,1.0,4.959e-05
RLC/BTC,1586408221452,2020-04-09T04:57:01.452Z,sell,4.95e-05,10.0,0.000495
RLC/BTC,1586408322147,2020-04-09T04:58:42.147Z,sell,4.943e-05,10.0,0.0004943
RLC/BTC,1586408505472,2020-04-09T05:01:45.472Z,sell,4.935e-05,12.0,0.0005922
RLC/BTC,1586408505472,2020-04-09T05:01:45.472Z,sell,4.929e-05,128.0,0.00630912
RLC/BTC,1586408505472,2020-04-09T05:01:45.472Z,sell,4.929e-05,5.0,0.00024645
RLC/BTC,1586408505472,2020-04-09T05:01:45.472Z,sell,4.935e-05,12.0,0.0005922
RLC/BTC,1586408505472,2020-04-09T05:01:45.472Z,sell,4.929e-05,128.0,0.00630912
RLC/BTC,1586408505472,2020-04-09T05:01:45.472Z,sell,4.929e-05,5.0,0.00024645
RLC/BTC,1586408680341,2020-04-09T05:04:40.341Z,sell,4.928e-05,24.0,0.00118272
RLC/BTC,1586408680341,2020-04-09T05:04:40.341Z,sell,4.925e-05,356.0,0.017533
RLC/BTC,1586408680341,2020-04-09T05:04:40.341Z,sell,4.925e-05,4.0,0.000197
RLC/BTC,1586408701870,2020-04-09T05:05:01.870Z,sell,4.926e-05,377.0,0.01857102
RLC/BTC,1586408718866,2020-04-09T05:05:18.866Z,sell,4.926e-05,3.0,0.00014778
RLC/BTC,1586408718866,2020-04-09T05:05:18.866Z,sell,4.922e-05,679.0,0.03342038
RLC/BTC,1586408742212,2020-04-09T05:05:42.212Z,sell,4.921e-05,5.0,0.00024605
RLC/BTC,1586408742212,2020-04-09T05:05:42.212Z,sell,4.92e-05,374.0,0.0184008
RLC/BTC,1586408758037,2020-04-09T05:05:58.037Z,sell,4.919e-05,140.0,0.0068866
RLC/BTC,1586408758037,2020-04-09T05:05:58.037Z,sell,4.917e-05,346.0,0.0170128199999999
RLC/BTC,1586408761521,2020-04-09T05:06:01.521Z,buy,4.934e-05,1.0,4.934e-05
RLC/BTC,1586408785319,2020-04-09T05:06:25.319Z,sell,4.917e-05,40.0,0.0019668
RLC/BTC,1586408785319,2020-04-09T05:06:25.319Z,sell,4.916e-05,1285.0,0.0631706
RLC/BTC,1586408808296,2020-04-09T05:06:48.296Z,sell,4.915e-05,633.0,0.03111195
RLC/BTC,1586408823878,2020-04-09T05:07:03.878Z,sell,4.914e-05,105.0,0.0051597
RLC/BTC,1586408823878,2020-04-09T05:07:03.878Z,sell,4.912e-05,5.0,0.0002456
RLC/BTC,1586408823878,2020-04-09T05:07:03.878Z,sell,4.907e-05,138.0,0.00677166
RLC/BTC,1586408823878,2020-04-09T05:07:03.878Z,sell,4.906e-05,3.0,0.00014718
RLC/BTC,1586408823878,2020-04-09T05:07:03.878Z,sell,4.905e-05,4.0,0.0001962
RLC/BTC,1586408823878,2020-04-09T05:07:03.878Z,sell,4.905e-05,8.0,0.0003924
RLC/BTC,1586408823889,2020-04-09T05:07:03.889Z,buy,4.906e-05,25.0,0.0012265
RLC/BTC,1586408823890,2020-04-09T05:07:03.890Z,buy,4.906e-05,1238.0,0.06073628
RLC/BTC,1586408823890,2020-04-09T05:07:03.890Z,buy,4.906e-05,1486.0,0.07290316
RLC/BTC,1586408823919,2020-04-09T05:07:03.919Z,buy,4.934e-05,714.0,0.03522876
RLC/BTC,1586408844134,2020-04-09T05:07:24.134Z,sell,4.916e-05,825.0,0.0405569999999999
RLC/BTC,1586408868040,2020-04-09T05:07:48.040Z,sell,4.906e-05,3.0,0.00014718
RLC/BTC,1586408868040,2020-04-09T05:07:48.040Z,sell,4.905e-05,29.0,0.00142245
RLC/BTC,1586408868040,2020-04-09T05:07:48.040Z,sell,4.904e-05,1882.0,0.0922932799999999
RLC/BTC,1586408875032,2020-04-09T05:07:55.032Z,sell,4.908e-05,333.0,0.01634364
RLC/BTC,1586408875032,2020-04-09T05:07:55.032Z,sell,4.902e-05,162.0,0.00794124
RLC/BTC,1586408875032,2020-04-09T05:07:55.032Z,sell,4.901e-05,2104.0,0.10311704
RLC/BTC,1586408875032,2020-04-09T05:07:55.032Z,sell,4.9e-05,11.0,0.000539
RLC/BTC,1586408875032,2020-04-09T05:07:55.032Z,sell,4.895e-05,1477.0,0.0722991499999999
RLC/BTC,1586408981874,2020-04-09T05:09:41.874Z,sell,4.906e-05,831.0,0.04076886
RLC/BTC,1586408981874,2020-04-09T05:09:41.874Z,sell,4.904e-05,81.0,0.00397224
RLC/BTC,1586408981874,2020-04-09T05:09:41.874Z,sell,4.903e-05,105.0,0.00514815
RLC/BTC,1586409316141,2020-04-09T05:15:16.141Z,buy,4.919e-05,3.0,0.00014757
RLC/BTC,1586409316762,2020-04-09T05:15:16.762Z,buy,4.919e-05,1.0,4.919e-05
RLC/BTC,1586409389141,2020-04-09T05:16:29.141Z,buy,4.919e-05,1.0,4.919e-05
RLC/BTC,1586409679900,2020-04-09T05:21:19.900Z,buy,4.908e-05,9.0,0.00044172
RLC/BTC,1586409818705,2020-04-09T05:23:38.705Z,buy,4.908e-05,1.0,4.908e-05
RLC/BTC,1586409819996,2020-04-09T05:23:39.996Z,buy,4.915e-05,10.0,0.0004915
RLC/BTC,1586409824333,2020-04-09T05:23:44.333Z,buy,4.915e-05,3.0,0.00014745
RLC/BTC,1586409993661,2020-04-09T05:26:33.661Z,buy,4.91e-05,1.0,4.91e-05
RLC/BTC,1586410099597,2020-04-09T05:28:19.597Z,buy,4.918e-05,1.0,4.918e-05
RLC/BTC,1586410432086,2020-04-09T05:33:52.086Z,buy,4.915e-05,10.0,0.0004915
RLC/BTC,1586410432086,2020-04-09T05:33:52.086Z,buy,4.916e-05,75.0,0.0036869999999999
RLC/BTC,1586410671055,2020-04-09T05:37:51.055Z,sell,4.904e-05,5.0,0.0002452
RLC/BTC,1586410671055,2020-04-09T05:37:51.055Z,sell,4.903e-05,12.0,0.00058836
RLC/BTC,1586411136792,2020-04-09T05:45:36.792Z,sell,4.905e-05,3.0,0.00014715
RLC/BTC,1586411408406,2020-04-09T05:50:08.406Z,buy,4.909e-05,1.0,4.909e-05
RLC/BTC,1586411751829,2020-04-09T05:55:51.829Z,buy,4.907e-05,1.0,4.907e-05
RLC/BTC,1586411755807,2020-04-09T05:55:55.807Z,buy,4.907e-05,57.0,0.00279699
RLC/BTC,1586411755815,2020-04-09T05:55:55.815Z,buy,4.907e-05,40.0,0.0019628
RLC/BTC,1586411757161,2020-04-09T05:55:57.161Z,buy,4.907e-05,28.0,0.00137396
RLC/BTC,1586411772602,2020-04-09T05:56:12.602Z,sell,4.905e-05,2.0,9.81e-05
RLC/BTC,1586411772621,2020-04-09T05:56:12.621Z,buy,4.905e-05,143.0,0.00701415
RLC/BTC,1586411772678,2020-04-09T05:56:12.678Z,buy,4.905e-05,13.0,0.00063765
RLC/BTC,1586411772780,2020-04-09T05:56:12.780Z,buy,4.906e-05,7.0,0.00034342
RLC/BTC,1586411772780,2020-04-09T05:56:12.780Z,buy,4.906e-05,7.0,0.00034342
RLC/BTC,1586412305231,2020-04-09T06:05:05.231Z,buy,4.914e-05,1.0,4.914e-05
RLC/BTC,1586412585794,2020-04-09T06:09:45.794Z,buy,4.913e-05,1.0,4.913e-05
RLC/BTC,1586412841685,2020-04-09T06:14:01.685Z,buy,4.915e-05,5.0,0.00024575
RLC/BTC,1586412841685,2020-04-09T06:14:01.685Z,buy,4.916e-05,198.0,0.00973368
RLC/BTC,1586413488417,2020-04-09T06:24:48.417Z,buy,4.916e-05,1.0,4.916e-05
RLC/BTC,1586413495227,2020-04-09T06:24:55.227Z,sell,4.906e-05,152.0,0.00745712
RLC/BTC,1586413506215,2020-04-09T06:25:06.215Z,buy,4.905e-05,20.0,0.000981
RLC/BTC,1586413506535,2020-04-09T06:25:06.535Z,buy,4.906e-05,3.0,0.00014718
RLC/BTC,1586413696653,2020-04-09T06:28:16.653Z,buy,4.906e-05,3.0,0.00014718
RLC/BTC,1586413749878,2020-04-09T06:29:09.878Z,sell,4.904e-05,5.0,0.0002452
RLC/BTC,1586413749878,2020-04-09T06:29:09.878Z,sell,4.903e-05,516.0,0.02529948
RLC/BTC,1586413753760,2020-04-09T06:29:13.760Z,buy,4.906e-05,3.0,0.00014718
RLC/BTC,1586413874273,2020-04-09T06:31:14.273Z,sell,4.903e-05,10.0,0.0004903
RLC/BTC,1586413978851,2020-04-09T06:32:58.851Z,sell,4.903e-05,10.0,0.0004903
RLC/BTC,1586414039782,2020-04-09T06:33:59.782Z,buy,4.904e-05,1.0,4.904e-05
RLC/BTC,1586414108350,2020-04-09T06:35:08.350Z,buy,4.904e-05,7.0,0.00034328
RLC/BTC,1586414108350,2020-04-09T06:35:08.350Z,buy,4.913e-05,36.0,0.00176868
RLC/BTC,1586414135545,2020-04-09T06:35:35.545Z,buy,4.916e-05,1.0,4.916e-05
RLC/BTC,1586414429785,2020-04-09T06:40:29.785Z,sell,4.904e-05,165.0,0.0080916
RLC/BTC,1586414429797,2020-04-09T06:40:29.797Z,buy,4.904e-05,335.0,0.0164284
RLC/BTC,1586414638227,2020-04-09T06:43:58.227Z,sell,4.903e-05,46.0,0.00225538
RLC/BTC,1586414684349,2020-04-09T06:44:44.349Z,sell,4.903e-05,231.0,0.01132593
RLC/BTC,1586414919124,2020-04-09T06:48:39.124Z,buy,4.913e-05,1.0,4.913e-05
RLC/BTC,1586415121752,2020-04-09T06:52:01.752Z,buy,4.908e-05,10.0,0.0004908
RLC/BTC,1586415321930,2020-04-09T06:55:21.930Z,sell,4.903e-05,12.0,0.00058836
RLC/BTC,1586415343103,2020-04-09T06:55:43.103Z,buy,4.904e-05,166.0,0.00814064
RLC/BTC,1586415343103,2020-04-09T06:55:43.103Z,buy,4.904e-05,166.0,0.00814064
RLC/BTC,1586415403612,2020-04-09T06:56:43.612Z,buy,4.915e-05,1.0,4.915e-05
RLC/BTC,1586415426238,2020-04-09T06:57:06.238Z,buy,4.915e-05,1.0,4.915e-05
RLC/BTC,1586415467170,2020-04-09T06:57:47.170Z,buy,4.915e-05,1.0,4.915e-05
RLC/BTC,1586415892680,2020-04-09T07:04:52.680Z,buy,4.914e-05,1.0,4.914e-05
RLC/BTC,1586416400228,2020-04-09T07:13:20.228Z,buy,4.913e-05,50.0,0.0024565
RLC/BTC,1586416400333,2020-04-09T07:13:20.333Z,buy,4.913e-05,904.0,0.04441352
RLC/BTC,1586416402130,2020-04-09T07:13:22.130Z,buy,4.914e-05,222.0,0.01090908
RLC/BTC,1586416960116,2020-04-09T07:22:40.116Z,sell,4.905e-05,120.0,0.005886
RLC/BTC,1586417237789,2020-04-09T07:27:17.789Z,sell,4.905e-05,30.0,0.0014715
RLC/BTC,1586417237995,2020-04-09T07:27:17.995Z,sell,4.905e-05,30.0,0.0014715
RLC/BTC,1586417271327,2020-04-09T07:27:51.327Z,sell,4.905e-05,9.0,0.00044145
RLC/BTC,1586417317389,2020-04-09T07:28:37.389Z,sell,4.905e-05,9.0,0.00044145
RLC/BTC,1586417317607,2020-04-09T07:28:37.607Z,sell,4.905e-05,10.0,0.0004905
RLC/BTC,1586417378582,2020-04-09T07:29:38.582Z,buy,4.906e-05,16.0,0.00078496
RLC/BTC,1586417500561,2020-04-09T07:31:40.561Z,sell,4.905e-05,17.0,0.00083385
RLC/BTC,1586418433845,2020-04-09T07:47:13.845Z,buy,4.916e-05,18.0,0.00088488
RLC/BTC,1586418433982,2020-04-09T07:47:13.982Z,sell,4.916e-05,251.0,0.01233916
RLC/BTC,1586418457549,2020-04-09T07:47:37.549Z,buy,4.919e-05,18.0,0.00088542
RLC/BTC,1586418457615,2020-04-09T07:47:37.615Z,buy,4.92e-05,41.0,0.0020172
RLC/BTC,1586418459116,2020-04-09T07:47:39.116Z,buy,4.922e-05,153.0,0.00753066
RLC/BTC,1586418460119,2020-04-09T07:47:40.119Z,buy,4.922e-05,106.0,0.00521732
RLC/BTC,1586418461322,2020-04-09T07:47:41.322Z,buy,4.922e-05,73.0,0.00359306
RLC/BTC,1586418604119,2020-04-09T07:50:04.119Z,sell,4.916e-05,406.0,0.0199589599999999
RLC/BTC,1586418604156,2020-04-09T07:50:04.156Z,buy,4.915e-05,299.0,0.01469585
RLC/BTC,1586418605258,2020-04-09T07:50:05.258Z,buy,4.915e-05,208.0,0.0102232
RLC/BTC,1586418606261,2020-04-09T07:50:06.261Z,buy,4.915e-05,96.0,0.0047184
RLC/BTC,1586418619981,2020-04-09T07:50:19.981Z,sell,4.909e-05,333.0,0.01634697
RLC/BTC,1586418619981,2020-04-09T07:50:19.981Z,sell,4.907e-05,1357.0,0.06658799
RLC/BTC,1586418619981,2020-04-09T07:50:19.981Z,sell,4.906e-05,3379.0,0.16577374
RLC/BTC,1586418624451,2020-04-09T07:50:24.451Z,buy,4.925e-05,1.0,4.925e-05
RLC/BTC,1586418784761,2020-04-09T07:53:04.761Z,buy,4.925e-05,8.0,0.000394
RLC/BTC,1586418810196,2020-04-09T07:53:30.196Z,buy,4.928e-05,1.0,4.928e-05
RLC/BTC,1586418848124,2020-04-09T07:54:08.124Z,buy,4.928e-05,23.0,0.00113344
RLC/BTC,1586418857122,2020-04-09T07:54:17.122Z,buy,4.933e-05,9.0,0.0004439699999999
RLC/BTC,1586418857244,2020-04-09T07:54:17.244Z,buy,4.934e-05,56.0,0.00276304
RLC/BTC,1586418906145,2020-04-09T07:55:06.145Z,buy,4.935e-05,41.0,0.00202335
RLC/BTC,1586418908246,2020-04-09T07:55:08.246Z,buy,4.932e-05,3.0,0.00014796
RLC/BTC,1586418908246,2020-04-09T07:55:08.246Z,buy,4.934e-05,43.0,0.00212162
RLC/BTC,1586418917969,2020-04-09T07:55:17.969Z,buy,4.938e-05,10.0,0.0004938
RLC/BTC,1586418918077,2020-04-09T07:55:18.077Z,buy,4.939e-05,10.0,0.0004939
RLC/BTC,1586418918077,2020-04-09T07:55:18.077Z,buy,4.939e-05,10.0,0.0004939
RLC/BTC,1586418984913,2020-04-09T07:56:24.913Z,buy,4.942e-05,50.0,0.002471
RLC/BTC,1586418993448,2020-04-09T07:56:33.448Z,buy,4.942e-05,50.0,0.002471
RLC/BTC,1586418993475,2020-04-09T07:56:33.475Z,buy,4.942e-05,40.0,0.0019768
RLC/BTC,1586418993672,2020-04-09T07:56:33.672Z,buy,4.946e-05,50.0,0.002473
RLC/BTC,1586419266767,2020-04-09T08:01:06.767Z,buy,4.946e-05,3.0,0.0001483799999999
RLC/BTC,1586419273182,2020-04-09T08:01:13.182Z,sell,4.946e-05,38.0,0.00187948
RLC/BTC,1586419318049,2020-04-09T08:01:58.049Z,buy,4.947e-05,1.0,4.947e-05
RLC/BTC,1586419340118,2020-04-09T08:02:20.118Z,buy,4.946e-05,11.0,0.00054406
RLC/BTC,1586419340328,2020-04-09T08:02:20.328Z,buy,4.947e-05,19.0,0.00093993
RLC/BTC,1586419549776,2020-04-09T08:05:49.776Z,buy,4.95e-05,40.0,0.00198
RLC/BTC,1586419553817,2020-04-09T08:05:53.817Z,buy,4.956e-05,3.0,0.00014868
RLC/BTC,1586419695746,2020-04-09T08:08:15.746Z,buy,4.949e-05,136.0,0.00673064
RLC/BTC,1586419695746,2020-04-09T08:08:15.746Z,buy,4.95e-05,577.0,0.0285614999999999
RLC/BTC,1586419695746,2020-04-09T08:08:15.746Z,buy,4.951e-05,425.0,0.0210417499999999
RLC/BTC,1586419695746,2020-04-09T08:08:15.746Z,buy,4.952e-05,333.0,0.01649016
RLC/BTC,1586419695746,2020-04-09T08:08:15.746Z,buy,4.954e-05,142.0,0.00703468
RLC/BTC,1586419695772,2020-04-09T08:08:15.772Z,buy,4.943e-05,148.0,0.00731564
RLC/BTC,1586420133159,2020-04-09T08:15:33.159Z,buy,4.95e-05,300.0,0.0148499999999999
RLC/BTC,1586420133191,2020-04-09T08:15:33.191Z,buy,4.951e-05,136.0,0.00673336
RLC/BTC,1586420147218,2020-04-09T08:15:47.218Z,buy,4.956e-05,163.0,0.00807828
RLC/BTC,1586420166510,2020-04-09T08:16:06.510Z,buy,4.957e-05,24.0,0.00118968
RLC/BTC,1586420184714,2020-04-09T08:16:24.714Z,buy,4.961e-05,50.0,0.0024805
RLC/BTC,1586420261254,2020-04-09T08:17:41.254Z,buy,4.96e-05,3.0,0.0001487999999999
RLC/BTC,1586420296255,2020-04-09T08:18:16.255Z,sell,4.954e-05,3.0,0.00014862
RLC/BTC,1586420296262,2020-04-09T08:18:16.262Z,sell,4.947e-05,333.0,0.01647351
RLC/BTC,1586420296262,2020-04-09T08:18:16.262Z,sell,4.942e-05,3.0,0.00014826
RLC/BTC,1586420296396,2020-04-09T08:18:16.396Z,sell,4.942e-05,7.0,0.00034594
RLC/BTC,1586420296396,2020-04-09T08:18:16.396Z,sell,4.939e-05,356.0,0.01758284
RLC/BTC,1586420296396,2020-04-09T08:18:16.396Z,sell,4.936e-05,88.0,0.00434368
RLC/BTC,1586420300286,2020-04-09T08:18:20.286Z,sell,4.944e-05,3.0,0.00014832
RLC/BTC,1586420381563,2020-04-09T08:19:41.563Z,sell,4.935e-05,134.0,0.0066129
RLC/BTC,1586420472692,2020-04-09T08:21:12.692Z,buy,4.944e-05,20.0,0.0009888
RLC/BTC,1586420472749,2020-04-09T08:21:12.749Z,buy,4.949e-05,333.0,0.01648017
RLC/BTC,1586420472812,2020-04-09T08:21:12.812Z,buy,4.95e-05,260.0,0.01287
RLC/BTC,1586420537816,2020-04-09T08:22:17.816Z,buy,4.955e-05,1.0,4.955e-05
RLC/BTC,1586420676204,2020-04-09T08:24:36.204Z,buy,4.946e-05,10.0,0.0004946
RLC/BTC,1586420676204,2020-04-09T08:24:36.204Z,buy,4.947e-05,17.0,0.00084099
RLC/BTC,1586420676204,2020-04-09T08:24:36.204Z,buy,4.949e-05,356.0,0.01761844
RLC/BTC,1586420676204,2020-04-09T08:24:36.204Z,buy,4.95e-05,333.0,0.0164834999999999
RLC/BTC,1586420676204,2020-04-09T08:24:36.204Z,buy,4.953e-05,5.0,0.00024765
RLC/BTC,1586420676204,2020-04-09T08:24:36.204Z,buy,4.956e-05,87.0,0.00431172
RLC/BTC,1586420676204,2020-04-09T08:24:36.204Z,buy,4.958e-05,413.0,0.02047654
RLC/BTC,1586420676204,2020-04-09T08:24:36.204Z,buy,4.959e-05,4593.0,0.2277668699999999
RLC/BTC,1586420676204,2020-04-09T08:24:36.204Z,buy,4.96e-05,5.0,0.000248
RLC/BTC,1586420676204,2020-04-09T08:24:36.204Z,buy,4.962e-05,181.0,0.00898122
RLC/BTC,1586420679438,2020-04-09T08:24:39.438Z,buy,4.959e-05,3.0,0.00014877
RLC/BTC,1586420709023,2020-04-09T08:25:09.023Z,sell,4.94e-05,101.0,0.0049894
RLC/BTC,1586420738258,2020-04-09T08:25:38.258Z,sell,4.939e-05,333.0,0.01644687
RLC/BTC,1586421088762,2020-04-09T08:31:28.762Z,buy,4.959e-05,101.0,0.0050085899999999
RLC/BTC,1586421177323,2020-04-09T08:32:57.323Z,sell,4.959e-05,995.0,0.04934205
RLC/BTC,1586421177328,2020-04-09T08:32:57.328Z,sell,4.959e-05,290.0,0.0143810999999999
RLC/BTC,1586421177423,2020-04-09T08:32:57.423Z,sell,4.959e-05,94.0,0.00466146
RLC/BTC,1586421178456,2020-04-09T08:32:58.456Z,sell,4.959e-05,272.0,0.0134884799999999
RLC/BTC,1586421182037,2020-04-09T08:33:02.037Z,sell,4.959e-05,265.0,0.01314135
RLC/BTC,1586421182173,2020-04-09T08:33:02.173Z,sell,4.959e-05,915.0,0.04537485
RLC/BTC,1586421182185,2020-04-09T08:33:02.185Z,sell,4.959e-05,2040.0,0.1011635999999999
RLC/BTC,1586421182260,2020-04-09T08:33:02.260Z,sell,4.959e-05,979.0,0.04854861
RLC/BTC,1586421184142,2020-04-09T08:33:04.142Z,sell,4.959e-05,1264.0,0.06268176
RLC/BTC,1586421286059,2020-04-09T08:34:46.059Z,buy,4.961e-05,10.0,0.0004961
RLC/BTC,1586421286082,2020-04-09T08:34:46.082Z,sell,4.961e-05,46.0,0.00228206
RLC/BTC,1586421286156,2020-04-09T08:34:46.156Z,sell,4.961e-05,766.0,0.03800126
RLC/BTC,1586421287255,2020-04-09T08:34:47.255Z,sell,4.961e-05,185.0,0.00917785
RLC/BTC,1586421313669,2020-04-09T08:35:13.669Z,buy,4.962e-05,151.0,0.00749262
RLC/BTC,1586421313774,2020-04-09T08:35:13.774Z,sell,4.962e-05,487.0,0.02416494
RLC/BTC,1586421314984,2020-04-09T08:35:14.984Z,sell,4.962e-05,118.0,0.00585516
RLC/BTC,1586421329022,2020-04-09T08:35:29.022Z,buy,4.965e-05,1.0,4.965e-05
RLC/BTC,1586421346013,2020-04-09T08:35:46.013Z,buy,4.965e-05,39.0,0.00193635
RLC/BTC,1586421346090,2020-04-09T08:35:46.090Z,sell,4.965e-05,261.0,0.01295865
RLC/BTC,1586421347189,2020-04-09T08:35:47.189Z,sell,4.965e-05,181.0,0.00898665
RLC/BTC,1586421348190,2020-04-09T08:35:48.190Z,sell,4.965e-05,85.0,0.00422025
RLC/BTC,1586421379794,2020-04-09T08:36:19.794Z,buy,4.966e-05,8.0,0.00039728
RLC/BTC,1586421379897,2020-04-09T08:36:19.897Z,sell,4.966e-05,82.0,0.00407212
RLC/BTC,1586421381784,2020-04-09T08:36:21.784Z,sell,4.966e-05,57.0,0.00283062
RLC/BTC,1586421383195,2020-04-09T08:36:23.195Z,sell,4.966e-05,39.0,0.00193674
RLC/BTC,1586421384196,2020-04-09T08:36:24.196Z,sell,4.966e-05,27.0,0.00134082
RLC/BTC,1586421461474,2020-04-09T08:37:41.474Z,buy,4.967e-05,6.0,0.0002980199999999
RLC/BTC,1586421479278,2020-04-09T08:37:59.278Z,sell,4.967e-05,59.0,0.0029305299999999
RLC/BTC,1586421479290,2020-04-09T08:37:59.290Z,sell,4.967e-05,53.0,0.00263251
RLC/BTC,1586421480616,2020-04-09T08:38:00.616Z,sell,4.967e-05,37.0,0.00183779
RLC/BTC,1586421480931,2020-04-09T08:38:00.931Z,sell,4.967e-05,3.0,0.0001490099999999
RLC/BTC,1586421482120,2020-04-09T08:38:02.120Z,sell,4.967e-05,28.0,0.00139076
RLC/BTC,1586421519845,2020-04-09T08:38:39.845Z,buy,4.969e-05,7.0,0.00034783
RLC/BTC,1586421520084,2020-04-09T08:38:40.084Z,sell,4.969e-05,8.0,0.00039752
RLC/BTC,1586421520098,2020-04-09T08:38:40.098Z,sell,4.969e-05,24.0,0.00119256
RLC/BTC,1586421568061,2020-04-09T08:39:28.061Z,buy,4.971e-05,14.0,0.0006959399999999
RLC/BTC,1586422074175,2020-04-09T08:47:54.175Z,buy,4.974e-05,692.0,0.03442008
RLC/BTC,1586422074175,2020-04-09T08:47:54.175Z,buy,4.976e-05,429.0,0.0213470399999999
RLC/BTC,1586422074175,2020-04-09T08:47:54.175Z,buy,4.977e-05,650.0,0.0323505
RLC/BTC,1586422074189,2020-04-09T08:47:54.189Z,sell,4.977e-05,1029.0,0.05121333
RLC/BTC,1586422076124,2020-04-09T08:47:56.124Z,buy,4.978e-05,19.0,0.00094582
RLC/BTC,1586422076124,2020-04-09T08:47:56.124Z,buy,4.98e-05,373.0,0.0185754
RLC/BTC,1586422077215,2020-04-09T08:47:57.215Z,buy,4.983e-05,141.0,0.00702603
RLC/BTC,1586422091460,2020-04-09T08:48:11.460Z,sell,4.982e-05,19.0,0.00094658
RLC/BTC,1586422114598,2020-04-09T08:48:34.598Z,buy,4.985e-05,3.0,0.00014955
RLC/BTC,1586422125701,2020-04-09T08:48:45.701Z,sell,4.979e-05,3.0,0.00014937
RLC/BTC,1586422342822,2020-04-09T08:52:22.822Z,buy,4.985e-05,10.0,0.0004985
RLC/BTC,1586422375514,2020-04-09T08:52:55.514Z,buy,4.985e-05,3.0,0.00014955
RLC/BTC,1586422433887,2020-04-09T08:53:53.887Z,buy,4.985e-05,5.0,0.00024925
RLC/BTC,1586422453463,2020-04-09T08:54:13.463Z,buy,4.984e-05,4.0,0.00019936
RLC/BTC,1586422513564,2020-04-09T08:55:13.564Z,buy,4.984e-05,1.0,4.984e-05
RLC/BTC,1586422513564,2020-04-09T08:55:13.564Z,buy,4.984e-05,1.0,4.984e-05
RLC/BTC,1586422741913,2020-04-09T08:59:01.913Z,buy,4.976e-05,1.0,4.976e-05
RLC/BTC,1586422763360,2020-04-09T08:59:23.360Z,sell,4.969e-05,3.0,0.00014907
RLC/BTC,1586422763360,2020-04-09T08:59:23.360Z,sell,4.966e-05,7.0,0.00034762
RLC/BTC,1586422766898,2020-04-09T08:59:26.898Z,sell,4.966e-05,75.0,0.0037245
RLC/BTC,1586422864812,2020-04-09T09:01:04.812Z,sell,4.969e-05,3.0,0.00014907
RLC/BTC,1586422864812,2020-04-09T09:01:04.812Z,sell,4.967e-05,37.0,0.00183779
RLC/BTC,1586422864988,2020-04-09T09:01:04.988Z,sell,4.967e-05,17.0,0.00084439
RLC/BTC,1586422864988,2020-04-09T09:01:04.988Z,sell,4.966e-05,186.0,0.00923676
RLC/BTC,1586422870761,2020-04-09T09:01:10.761Z,sell,4.966e-05,147.0,0.00730002
RLC/BTC,1586422914584,2020-04-09T09:01:54.584Z,sell,4.965e-05,40.0,0.001986
RLC/BTC,1586422915108,2020-04-09T09:01:55.108Z,sell,4.964e-05,230.0,0.0114172
RLC/BTC,1586422916112,2020-04-09T09:01:56.112Z,sell,4.964e-05,159.0,0.00789276
RLC/BTC,1586422917214,2020-04-09T09:01:57.214Z,sell,4.964e-05,111.0,0.00551004
RLC/BTC,1586422918321,2020-04-09T09:01:58.321Z,sell,4.964e-05,77.0,0.00382228
RLC/BTC,1586422919410,2020-04-09T09:01:59.410Z,sell,4.964e-05,47.0,0.00233308
RLC/BTC,1586422919410,2020-04-09T09:01:59.410Z,sell,4.962e-05,5.0,0.0002481
RLC/BTC,1586422919410,2020-04-09T09:01:59.410Z,sell,4.961e-05,1.0,4.961e-05
RLC/BTC,1586422920417,2020-04-09T09:02:00.417Z,sell,4.961e-05,37.0,0.00183557
RLC/BTC,1586422921513,2020-04-09T09:02:01.513Z,sell,4.961e-05,26.0,0.00128986
RLC/BTC,1586422943195,2020-04-09T09:02:23.195Z,buy,4.965e-05,147.0,0.00729855
RLC/BTC,1586422949136,2020-04-09T09:02:29.136Z,buy,4.965e-05,129.0,0.00640485
RLC/BTC,1586422954674,2020-04-09T09:02:34.674Z,buy,4.965e-05,45.0,0.00223425
RLC/BTC,1586423081634,2020-04-09T09:04:41.634Z,buy,4.963e-05,11.0,0.00054593
RLC/BTC,1586423136197,2020-04-09T09:05:36.197Z,sell,4.961e-05,544.0,0.02698784
RLC/BTC,1586423136197,2020-04-09T09:05:36.197Z,sell,4.958e-05,3.0,0.00014874
RLC/BTC,1586423136197,2020-04-09T09:05:36.197Z,sell,4.953e-05,333.0,0.01649349
RLC/BTC,1586423136197,2020-04-09T09:05:36.197Z,sell,4.95e-05,372.0,0.018414
RLC/BTC,1586423138550,2020-04-09T09:05:38.550Z,buy,4.972e-05,1.0,4.972e-05
RLC/BTC,1586423141489,2020-04-09T09:05:41.489Z,buy,4.961e-05,10.0,0.0004961
RLC/BTC,1586423560634,2020-04-09T09:12:40.634Z,buy,4.962e-05,1.0,4.962e-05
RLC/BTC,1586423588565,2020-04-09T09:13:08.565Z,buy,4.963e-05,1.0,4.963e-05
RLC/BTC,1586423607693,2020-04-09T09:13:27.693Z,buy,4.962e-05,3.0,0.00014886
RLC/BTC,1586423703497,2020-04-09T09:15:03.497Z,buy,4.96e-05,11.0,0.0005456
RLC/BTC,1586423703497,2020-04-09T09:15:03.497Z,buy,4.961e-05,5.0,0.00024805
RLC/BTC,1586423703504,2020-04-09T09:15:03.504Z,sell,4.962e-05,1033.0,0.05125746
RLC/BTC,1586423703507,2020-04-09T09:15:03.507Z,sell,4.962e-05,223.0,0.01106526
RLC/BTC,1586423703520,2020-04-09T09:15:03.520Z,sell,4.962e-05,1033.0,0.05125746
RLC/BTC,1586423703600,2020-04-09T09:15:03.600Z,sell,4.962e-05,878.0,0.04356636
RLC/BTC,1586423703620,2020-04-09T09:15:03.620Z,sell,4.955e-05,3.0,0.00014865
RLC/BTC,1586423703620,2020-04-09T09:15:03.620Z,sell,4.951e-05,5.0,0.0002475499999999
RLC/BTC,1586423703620,2020-04-09T09:15:03.620Z,sell,4.948e-05,6.0,0.00029688
RLC/BTC,1586423703620,2020-04-09T09:15:03.620Z,sell,4.941e-05,60.0,0.0029646
RLC/BTC,1586423912165,2020-04-09T09:18:32.165Z,sell,4.948e-05,2659.0,0.13156732
RLC/BTC,1586423912171,2020-04-09T09:18:32.171Z,buy,4.948e-05,746.0,0.03691208
RLC/BTC,1586424173824,2020-04-09T09:22:53.824Z,buy,4.954e-05,1.0,4.954e-05
RLC/BTC,1586424177051,2020-04-09T09:22:57.051Z,buy,4.947e-05,12.0,0.00059364
RLC/BTC,1586424177051,2020-04-09T09:22:57.051Z,buy,4.948e-05,10.0,0.0004948
RLC/BTC,1586424512836,2020-04-09T09:28:32.836Z,buy,4.946e-05,28.0,0.00138488
RLC/BTC,1586424718183,2020-04-09T09:31:58.183Z,buy,4.951e-05,9.0,0.00044559
RLC/BTC,1586424773312,2020-04-09T09:32:53.312Z,buy,4.959e-05,1.0,4.959e-05
RLC/BTC,1586424946566,2020-04-09T09:35:46.566Z,buy,4.959e-05,1.0,4.959e-05
RLC/BTC,1586425629968,2020-04-09T09:47:09.968Z,buy,4.965e-05,1.0,4.965e-05
RLC/BTC,1586425705234,2020-04-09T09:48:25.234Z,buy,4.964e-05,7.0,0.00034748
RLC/BTC,1586425869981,2020-04-09T09:51:09.981Z,buy,4.964e-05,2.0,9.928e-05
RLC/BTC,1586425869981,2020-04-09T09:51:09.981Z,buy,4.965e-05,39.0,0.00193635
RLC/BTC,1586425869981,2020-04-09T09:51:09.981Z,buy,4.971e-05,333.0,0.0165534299999999
RLC/BTC,1586425869991,2020-04-09T09:51:09.991Z,sell,4.971e-05,528.0,0.0262468799999999
RLC/BTC,1586425869991,2020-04-09T09:51:09.991Z,sell,4.971e-05,528.0,0.0262468799999999
RLC/BTC,1586426271288,2020-04-09T09:57:51.288Z,sell,4.959e-05,236.0,0.01170324
RLC/BTC,1586426271590,2020-04-09T09:57:51.590Z,sell,4.959e-05,764.0,0.03788676
RLC/BTC,1586426276940,2020-04-09T09:57:56.940Z,sell,4.956e-05,333.0,0.01650348
RLC/BTC,1586426312239,2020-04-09T09:58:32.239Z,buy,4.97e-05,7.0,0.0003479
RLC/BTC,1586426312245,2020-04-09T09:58:32.245Z,sell,4.97e-05,293.0,0.0145621
RLC/BTC,1586426473424,2020-04-09T10:01:13.424Z,buy,4.965e-05,3.0,0.00014895
RLC/BTC,1586426503102,2020-04-09T10:01:43.102Z,buy,4.966e-05,1.0,4.966e-05
RLC/BTC,1586426518530,2020-04-09T10:01:58.530Z,buy,4.966e-05,1.0,4.966e-05
RLC/BTC,1586426638501,2020-04-09T10:03:58.501Z,sell,4.951e-05,10.0,0.0004950999999999
RLC/BTC,1586426638557,2020-04-09T10:03:58.557Z,buy,4.951e-05,98.0,0.00485198
RLC/BTC,1586426648093,2020-04-09T10:04:08.093Z,buy,4.956e-05,19.0,0.00094164
RLC/BTC,1586427136213,2020-04-09T10:12:16.213Z,buy,4.973e-05,6.0,0.00029838
RLC/BTC,1586427138437,2020-04-09T10:12:18.437Z,buy,4.976e-05,1.0,4.976e-05
RLC/BTC,1586427142178,2020-04-09T10:12:22.178Z,buy,4.976e-05,1.0,4.976e-05
RLC/BTC,1586427251460,2020-04-09T10:14:11.460Z,buy,4.976e-05,3.0,0.00014928
RLC/BTC,1586427251465,2020-04-09T10:14:11.465Z,buy,4.98e-05,40.0,0.001992
RLC/BTC,1586427251465,2020-04-09T10:14:11.465Z,buy,4.981e-05,428.0,0.02131868
RLC/BTC,1586427251465,2020-04-09T10:14:11.465Z,buy,4.982e-05,333.0,0.01659006
RLC/BTC,1586427251474,2020-04-09T10:14:11.474Z,buy,4.985e-05,7.0,0.00034895
RLC/BTC,1586427251547,2020-04-09T10:14:11.547Z,buy,4.989e-05,3.0,0.00014967
RLC/BTC,1586427251547,2020-04-09T10:14:11.547Z,buy,4.99e-05,237.0,0.0118263
RLC/BTC,1586427251547,2020-04-09T10:14:11.547Z,buy,4.991e-05,6.0,0.00029946
RLC/BTC,1586427251547,2020-04-09T10:14:11.547Z,buy,4.995e-05,1233.0,0.06158835
RLC/BTC,1586427251547,2020-04-09T10:14:11.547Z,buy,4.996e-05,156.0,0.00779376
RLC/BTC,1586427251547,2020-04-09T10:14:11.547Z,buy,4.997e-05,428.0,0.02138716
RLC/BTC,1586427252626,2020-04-09T10:14:12.626Z,buy,4.997e-05,960.0,0.0479712
RLC/BTC,1586427252626,2020-04-09T10:14:12.626Z,buy,4.998e-05,777.0,0.03883446
RLC/BTC,1586427252626,2020-04-09T10:14:12.626Z,buy,5e-05,21.0,0.00105
RLC/BTC,1586427253598,2020-04-09T10:14:13.598Z,sell,4.988e-05,25.0,0.0012469999999999
RLC/BTC,1586427253726,2020-04-09T10:14:13.726Z,buy,5e-05,25.0,0.00125
RLC/BTC,1586427253726,2020-04-09T10:14:13.726Z,buy,5.001e-05,4.0,0.00020004
RLC/BTC,1586427253726,2020-04-09T10:14:13.726Z,buy,5.002e-05,38.0,0.00190076
RLC/BTC,1586427253726,2020-04-09T10:14:13.726Z,buy,5.003e-05,1018.0,0.05093054
RLC/BTC,1586427254722,2020-04-09T10:14:14.722Z,buy,5.007e-05,214.0,0.01071498
RLC/BTC,1586427255102,2020-04-09T10:14:15.102Z,sell,5.007e-05,3.0,0.00015021
RLC/BTC,1586427256225,2020-04-09T10:14:16.225Z,buy,5.009e-05,139.0,0.00696251
RLC/BTC,1586427256509,2020-04-09T10:14:16.509Z,sell,4.984e-05,21.0,0.00104664
RLC/BTC,1586427262162,2020-04-09T10:14:22.162Z,buy,4.995e-05,40.0,0.001998
RLC/BTC,1586427279000,2020-04-09T10:14:39.000Z,sell,4.984e-05,85.0,0.0042363999999999
RLC/BTC,1586427279005,2020-04-09T10:14:39.005Z,sell,4.984e-05,55.0,0.0027412
RLC/BTC,1586427279013,2020-04-09T10:14:39.013Z,sell,4.984e-05,214.0,0.01066576
