symbol,timestamp,datetime,side,price,amount,btc_volume
SNGLS/BTC,1582657174971,2020-02-25T18:59:34.971Z,sell,9.7e-07,216.0,0.00020952
SNGLS/BTC,1582657327934,2020-02-25T19:02:07.934Z,sell,9.7e-07,204.0,0.00019788
SNGLS/BTC,1582657389893,2020-02-25T19:03:09.893Z,buy,9.8e-07,42577.0,0.04172546
SNGLS/BTC,1582657415876,2020-02-25T19:03:35.876Z,buy,9.8e-07,43675.0,0.0428015
SNGLS/BTC,1582657495067,2020-02-25T19:04:55.067Z,sell,9.7e-07,205.0,0.00019885
SNGLS/BTC,1582657661370,2020-02-25T19:07:41.370Z,buy,9.8e-07,212.0,0.0002077599999999
SNGLS/BTC,1582657815740,2020-02-25T19:10:15.740Z,buy,9.8e-07,210.0,0.0002058
SNGLS/BTC,1582657829305,2020-02-25T19:10:29.305Z,buy,9.8e-07,230.0,0.0002253999999999
SNGLS/BTC,1582657965992,2020-02-25T19:12:45.992Z,buy,9.8e-07,4472.0,0.00438256
SNGLS/BTC,1582657993718,2020-02-25T19:13:13.718Z,buy,9.8e-07,220.0,0.0002155999999999
SNGLS/BTC,1582658160256,2020-02-25T19:16:00.256Z,sell,9.7e-07,220.0,0.0002134
SNGLS/BTC,1582658189148,2020-02-25T19:16:29.148Z,buy,9.8e-07,14134.0,0.0138513199999999
SNGLS/BTC,1582658339741,2020-02-25T19:18:59.741Z,sell,9.7e-07,206.0,0.00019982
SNGLS/BTC,1582658395519,2020-02-25T19:19:55.519Z,buy,9.8e-07,3023.0,0.0029625399999999
SNGLS/BTC,1582658498758,2020-02-25T19:21:38.758Z,buy,9.8e-07,219.0,0.0002146199999999
SNGLS/BTC,1582658516515,2020-02-25T19:21:56.515Z,sell,9.7e-07,18766.0,0.01820302
SNGLS/BTC,1582658531029,2020-02-25T19:22:11.029Z,sell,9.7e-07,915.0,0.00088755
SNGLS/BTC,1582658660676,2020-02-25T19:24:20.676Z,sell,9.7e-07,201.0,0.00019497
SNGLS/BTC,1582658837705,2020-02-25T19:27:17.705Z,buy,9.8e-07,217.0,0.00021266
SNGLS/BTC,1582658996400,2020-02-25T19:29:56.400Z,buy,9.8e-07,210.0,0.0002058
SNGLS/BTC,1582659153539,2020-02-25T19:32:33.539Z,buy,9.8e-07,218.0,0.00021364
SNGLS/BTC,1582659252765,2020-02-25T19:34:12.765Z,buy,9.8e-07,8575.0,0.0084035
SNGLS/BTC,1582659326870,2020-02-25T19:35:26.870Z,buy,9.8e-07,207.0,0.00020286
SNGLS/BTC,1582659494698,2020-02-25T19:38:14.698Z,sell,9.7e-07,217.0,0.00021049
SNGLS/BTC,1582659502668,2020-02-25T19:38:22.668Z,sell,9.7e-07,3939.0,0.00382083
SNGLS/BTC,1582659660415,2020-02-25T19:41:00.415Z,buy,9.8e-07,210.0,0.0002058
SNGLS/BTC,1582659832361,2020-02-25T19:43:52.361Z,sell,9.7e-07,217.0,0.00021049
SNGLS/BTC,1582659989089,2020-02-25T19:46:29.089Z,sell,9.7e-07,58037.0,0.05629589
SNGLS/BTC,1582659997895,2020-02-25T19:46:37.895Z,sell,9.7e-07,219.0,0.00021243
SNGLS/BTC,1582660167962,2020-02-25T19:49:27.962Z,sell,9.7e-07,213.0,0.00020661
SNGLS/BTC,1582660337925,2020-02-25T19:52:17.925Z,sell,9.7e-07,212.0,0.00020564
SNGLS/BTC,1582660504579,2020-02-25T19:55:04.579Z,buy,9.8e-07,216.0,0.0002116799999999
SNGLS/BTC,1582660560458,2020-02-25T19:56:00.458Z,sell,9.7e-07,11023.0,0.01069231
SNGLS/BTC,1582660666788,2020-02-25T19:57:46.788Z,sell,9.7e-07,202.0,0.00019594
SNGLS/BTC,1582660733253,2020-02-25T19:58:53.253Z,buy,9.8e-07,100.0,9.8e-05
SNGLS/BTC,1582660733253,2020-02-25T19:58:53.253Z,buy,9.8e-07,100.0,9.8e-05
SNGLS/BTC,1582660803635,2020-02-25T20:00:03.635Z,buy,9.8e-07,27574.0,0.0270225199999999
SNGLS/BTC,1582660840636,2020-02-25T20:00:40.636Z,sell,9.7e-07,201.0,0.00019497
SNGLS/BTC,1582661017969,2020-02-25T20:03:37.969Z,sell,9.7e-07,218.0,0.00021146
SNGLS/BTC,1582661141851,2020-02-25T20:05:41.851Z,sell,9.7e-07,28611.0,0.02775267
SNGLS/BTC,1582661169104,2020-02-25T20:06:09.104Z,sell,9.7e-07,212.0,0.00020564
SNGLS/BTC,1582661333290,2020-02-25T20:08:53.290Z,buy,9.8e-07,206.0,0.0002018799999999
SNGLS/BTC,1582661502351,2020-02-25T20:11:42.351Z,sell,9.7e-07,220.0,0.0002134
SNGLS/BTC,1582661682073,2020-02-25T20:14:42.073Z,sell,9.7e-07,214.0,0.00020758
SNGLS/BTC,1582661834401,2020-02-25T20:17:14.401Z,buy,9.8e-07,213.0,0.0002087399999999
SNGLS/BTC,1582662001731,2020-02-25T20:20:01.731Z,sell,9.7e-07,205.0,0.00019885
SNGLS/BTC,1582662169293,2020-02-25T20:22:49.293Z,sell,9.7e-07,207.0,0.00020079
SNGLS/BTC,1582662267775,2020-02-25T20:24:27.775Z,sell,9.7e-07,994.0,0.00096418
SNGLS/BTC,1582662346714,2020-02-25T20:25:46.714Z,sell,9.7e-07,219.0,0.00021243
SNGLS/BTC,1582662519220,2020-02-25T20:28:39.220Z,sell,9.7e-07,213.0,0.00020661
SNGLS/BTC,1582662671007,2020-02-25T20:31:11.007Z,sell,9.7e-07,206.0,0.00019982
SNGLS/BTC,1582662700362,2020-02-25T20:31:40.362Z,buy,9.8e-07,252.0,0.00024696
SNGLS/BTC,1582662831304,2020-02-25T20:33:51.304Z,buy,9.8e-07,200.0,0.000196
SNGLS/BTC,1582662992570,2020-02-25T20:36:32.570Z,sell,9.7e-07,209.0,0.00020273
SNGLS/BTC,1582663150995,2020-02-25T20:39:10.995Z,sell,9.7e-07,212.0,0.00020564
SNGLS/BTC,1582663305038,2020-02-25T20:41:45.038Z,sell,9.7e-07,209.0,0.00020273
SNGLS/BTC,1582663469496,2020-02-25T20:44:29.496Z,buy,9.8e-07,201.0,0.0001969799999999
SNGLS/BTC,1582663633052,2020-02-25T20:47:13.052Z,sell,9.7e-07,206.0,0.00019982
SNGLS/BTC,1582663656506,2020-02-25T20:47:36.506Z,buy,9.8e-07,100.0,9.8e-05
SNGLS/BTC,1582663790166,2020-02-25T20:49:50.166Z,sell,9.7e-07,209.0,0.00020273
SNGLS/BTC,1582663820537,2020-02-25T20:50:20.537Z,sell,9.7e-07,612.0,0.00059364
SNGLS/BTC,1582663969625,2020-02-25T20:52:49.625Z,sell,9.7e-07,212.0,0.00020564
SNGLS/BTC,1582664134006,2020-02-25T20:55:34.006Z,sell,9.7e-07,211.0,0.00020467
SNGLS/BTC,1582664299273,2020-02-25T20:58:19.273Z,sell,9.7e-07,213.0,0.00020661
SNGLS/BTC,1582664299273,2020-02-25T20:58:19.273Z,sell,9.7e-07,213.0,0.00020661
SNGLS/BTC,1582664471059,2020-02-25T21:01:11.059Z,sell,9.7e-07,215.0,0.00020855
SNGLS/BTC,1582664621855,2020-02-25T21:03:41.855Z,buy,9.8e-07,216.0,0.0002116799999999
SNGLS/BTC,1582664644025,2020-02-25T21:04:04.025Z,sell,9.7e-07,11008.0,0.01067776
SNGLS/BTC,1582664773579,2020-02-25T21:06:13.579Z,sell,9.7e-07,213.0,0.00020661
SNGLS/BTC,1582664930307,2020-02-25T21:08:50.307Z,sell,9.7e-07,213.0,0.00020661
SNGLS/BTC,1582665072894,2020-02-25T21:11:12.894Z,sell,9.7e-07,10819.0,0.01049443
SNGLS/BTC,1582665081860,2020-02-25T21:11:21.860Z,buy,9.8e-07,220.0,0.0002155999999999
SNGLS/BTC,1582665260673,2020-02-25T21:14:20.673Z,buy,9.8e-07,203.0,0.00019894
SNGLS/BTC,1582665401554,2020-02-25T21:16:41.554Z,buy,9.8e-07,4672.0,0.00457856
SNGLS/BTC,1582665431108,2020-02-25T21:17:11.108Z,sell,9.7e-07,206.0,0.00019982
SNGLS/BTC,1582665548527,2020-02-25T21:19:08.527Z,buy,9.8e-07,173.0,0.0001695399999999
SNGLS/BTC,1582665599418,2020-02-25T21:19:59.418Z,buy,9.8e-07,220.0,0.0002155999999999
SNGLS/BTC,1582665625161,2020-02-25T21:20:25.161Z,buy,9.8e-07,1021.0,0.0010005799999999
SNGLS/BTC,1582665700215,2020-02-25T21:21:40.215Z,sell,9.7e-07,3853.0,0.00373741
SNGLS/BTC,1582665756799,2020-02-25T21:22:36.799Z,buy,9.8e-07,220.0,0.0002155999999999
SNGLS/BTC,1582665904911,2020-02-25T21:25:04.911Z,sell,9.7e-07,121.0,0.00011737
SNGLS/BTC,1582665910098,2020-02-25T21:25:10.098Z,sell,9.7e-07,206.0,0.00019982
SNGLS/BTC,1582666029416,2020-02-25T21:27:09.416Z,sell,9.7e-07,37867.0,0.03673099
SNGLS/BTC,1582666088121,2020-02-25T21:28:08.121Z,sell,9.7e-07,203.0,0.00019691
SNGLS/BTC,1582666239088,2020-02-25T21:30:39.088Z,buy,9.8e-07,216.0,0.0002116799999999
SNGLS/BTC,1582666240402,2020-02-25T21:30:40.402Z,sell,9.7e-07,39445.0,0.03826165
SNGLS/BTC,1582666403871,2020-02-25T21:33:23.871Z,buy,9.8e-07,214.0,0.00020972
SNGLS/BTC,1582666422525,2020-02-25T21:33:42.525Z,buy,9.8e-07,86819.0,0.08508262
SNGLS/BTC,1582666560445,2020-02-25T21:36:00.445Z,buy,9.8e-07,219.0,0.0002146199999999
SNGLS/BTC,1582666601123,2020-02-25T21:36:41.123Z,sell,9.7e-07,18443.0,0.01788971
SNGLS/BTC,1582666721757,2020-02-25T21:38:41.757Z,buy,9.8e-07,205.0,0.0002008999999999
SNGLS/BTC,1582666896767,2020-02-25T21:41:36.767Z,sell,9.7e-07,213.0,0.00020661
SNGLS/BTC,1582667051024,2020-02-25T21:44:11.024Z,buy,9.8e-07,200.0,0.000196
SNGLS/BTC,1582667208987,2020-02-25T21:46:48.987Z,sell,9.7e-07,201.0,0.00019497
SNGLS/BTC,1582667308804,2020-02-25T21:48:28.804Z,sell,9.7e-07,10000.0,0.0097
SNGLS/BTC,1582667374724,2020-02-25T21:49:34.724Z,buy,9.8e-07,210.0,0.0002058
SNGLS/BTC,1582667445207,2020-02-25T21:50:45.207Z,sell,9.7e-07,3862.0,0.00374614
SNGLS/BTC,1582667445207,2020-02-25T21:50:45.207Z,sell,9.6e-07,333990.0,0.3206304
SNGLS/BTC,1582667445207,2020-02-25T21:50:45.207Z,sell,9.5e-07,112388.0,0.1067686
SNGLS/BTC,1582667445291,2020-02-25T21:50:45.291Z,buy,9.5e-07,157723.0,0.14983685
SNGLS/BTC,1582667445919,2020-02-25T21:50:45.919Z,buy,9.5e-07,10051.0,0.00954845
SNGLS/BTC,1582667446209,2020-02-25T21:50:46.209Z,sell,9.4e-07,3483.0,0.00327402
SNGLS/BTC,1582667446209,2020-02-25T21:50:46.209Z,sell,9.4e-07,9435.0,0.0088689
SNGLS/BTC,1582667446614,2020-02-25T21:50:46.614Z,buy,9.5e-07,2084.0,0.0019798
SNGLS/BTC,1582667447984,2020-02-25T21:50:47.984Z,buy,9.5e-07,422.0,0.0004009
SNGLS/BTC,1582667451637,2020-02-25T21:50:51.637Z,sell,9.4e-07,32326.0,0.03038644
SNGLS/BTC,1582667469266,2020-02-25T21:51:09.266Z,buy,9.5e-07,2227.0,0.00211565
SNGLS/BTC,1582667480531,2020-02-25T21:51:20.531Z,sell,9.4e-07,310987.0,0.29232778
SNGLS/BTC,1582667481169,2020-02-25T21:51:21.169Z,buy,9.4e-07,1000.0,0.00094
SNGLS/BTC,1582667482537,2020-02-25T21:51:22.537Z,sell,9.3e-07,44920.0,0.0417755999999999
SNGLS/BTC,1582667500459,2020-02-25T21:51:40.459Z,sell,9.3e-07,720.0,0.0006696
SNGLS/BTC,1582667524213,2020-02-25T21:52:04.213Z,sell,9.3e-07,899.0,0.00083607
SNGLS/BTC,1582667543601,2020-02-25T21:52:23.601Z,buy,9.4e-07,211.0,0.00019834
SNGLS/BTC,1582667574436,2020-02-25T21:52:54.436Z,buy,9.4e-07,80286.0,0.07546884
SNGLS/BTC,1582667599450,2020-02-25T21:53:19.450Z,sell,9.3e-07,153299.0,0.14256807
SNGLS/BTC,1582667614300,2020-02-25T21:53:34.300Z,buy,9.4e-07,15050.0,0.014147
SNGLS/BTC,1582667646649,2020-02-25T21:54:06.649Z,buy,9.4e-07,3115.0,0.0029281
SNGLS/BTC,1582667703770,2020-02-25T21:55:03.770Z,buy,9.4e-07,211.0,0.00019834
SNGLS/BTC,1582667718137,2020-02-25T21:55:18.137Z,buy,9.4e-07,460.0,0.0004324
SNGLS/BTC,1582667721870,2020-02-25T21:55:21.870Z,buy,9.4e-07,369.0,0.00034686
SNGLS/BTC,1582667736624,2020-02-25T21:55:36.624Z,buy,9.4e-07,13379.0,0.01257626
SNGLS/BTC,1582667760795,2020-02-25T21:56:00.795Z,buy,9.4e-07,16916.0,0.01590104
SNGLS/BTC,1582667800478,2020-02-25T21:56:40.478Z,sell,9.4e-07,8495.0,0.0079853
SNGLS/BTC,1582667810504,2020-02-25T21:56:50.504Z,sell,9.4e-07,1238.0,0.00116372
SNGLS/BTC,1582667855381,2020-02-25T21:57:35.381Z,buy,9.5e-07,213.0,0.00020235
SNGLS/BTC,1582667856706,2020-02-25T21:57:36.706Z,sell,9.4e-07,16301.0,0.01532294
SNGLS/BTC,1582667857079,2020-02-25T21:57:37.079Z,buy,9.4e-07,1138.0,0.00106972
SNGLS/BTC,1582667882329,2020-02-25T21:58:02.329Z,sell,9.3e-07,32294.0,0.0300334199999999
SNGLS/BTC,1582667882329,2020-02-25T21:58:02.329Z,sell,9.3e-07,32294.0,0.0300334199999999
SNGLS/BTC,1582667955289,2020-02-25T21:59:15.289Z,buy,9.4e-07,3986.0,0.00374684
SNGLS/BTC,1582667974599,2020-02-25T21:59:34.599Z,buy,9.4e-07,1569.0,0.00147486
SNGLS/BTC,1582667992433,2020-02-25T21:59:52.433Z,buy,9.4e-07,382.0,0.00035908
SNGLS/BTC,1582668012788,2020-02-25T22:00:12.788Z,buy,9.4e-07,206.0,0.00019364
SNGLS/BTC,1582668013043,2020-02-25T22:00:13.043Z,buy,9.4e-07,4411.0,0.00414634
SNGLS/BTC,1582668013490,2020-02-25T22:00:13.490Z,sell,9.4e-07,7589.0,0.00713366
SNGLS/BTC,1582668043671,2020-02-25T22:00:43.671Z,buy,9.4e-07,171.0,0.00016074
SNGLS/BTC,1582668043671,2020-02-25T22:00:43.671Z,buy,9.5e-07,14617.0,0.01388615
SNGLS/BTC,1582668171240,2020-02-25T22:02:51.240Z,buy,9.5e-07,209.0,0.00019855
SNGLS/BTC,1582668172376,2020-02-25T22:02:52.376Z,sell,9.4e-07,29600.0,0.027824
SNGLS/BTC,1582668172376,2020-02-25T22:02:52.376Z,sell,9.3e-07,22946.0,0.02133978
SNGLS/BTC,1582668176895,2020-02-25T22:02:56.895Z,sell,9.2e-07,4124.0,0.00379408
SNGLS/BTC,1582668176895,2020-02-25T22:02:56.895Z,sell,9.2e-07,37962.0,0.03492504
SNGLS/BTC,1582668176895,2020-02-25T22:02:56.895Z,sell,9.2e-07,16351.0,0.01504292
SNGLS/BTC,1582668185757,2020-02-25T22:03:05.757Z,buy,9.3e-07,424.0,0.00039432
SNGLS/BTC,1582668185968,2020-02-25T22:03:05.968Z,buy,9.3e-07,6547.0,0.00608871
SNGLS/BTC,1582668197399,2020-02-25T22:03:17.399Z,buy,9.3e-07,662.0,0.00061566
SNGLS/BTC,1582668244065,2020-02-25T22:04:04.065Z,sell,9.3e-07,1201.0,0.00111693
SNGLS/BTC,1582668258902,2020-02-25T22:04:18.902Z,buy,9.4e-07,527.0,0.00049538
SNGLS/BTC,1582668280114,2020-02-25T22:04:40.114Z,buy,9.4e-07,127.0,0.00011938
SNGLS/BTC,1582668349267,2020-02-25T22:05:49.267Z,buy,9.4e-07,216.0,0.00020304
SNGLS/BTC,1582668368254,2020-02-25T22:06:08.254Z,buy,9.4e-07,398.0,0.00037412
SNGLS/BTC,1582668511885,2020-02-25T22:08:31.885Z,buy,9.4e-07,6572.0,0.00617768
SNGLS/BTC,1582668524313,2020-02-25T22:08:44.313Z,sell,9.3e-07,212.0,0.00019716
SNGLS/BTC,1582668664900,2020-02-25T22:11:04.900Z,sell,9.3e-07,5575.0,0.00518475
SNGLS/BTC,1582668699330,2020-02-25T22:11:39.330Z,sell,9.3e-07,200.0,0.000186
SNGLS/BTC,1582668825376,2020-02-25T22:13:45.376Z,sell,9.3e-07,6598.0,0.00613614
SNGLS/BTC,1582668855799,2020-02-25T22:14:15.799Z,buy,9.4e-07,9574.0,0.00899956
SNGLS/BTC,1582668873182,2020-02-25T22:14:33.182Z,sell,9.3e-07,208.0,0.00019344
SNGLS/BTC,1582668875121,2020-02-25T22:14:35.121Z,buy,9.4e-07,3886.0,0.00365284
SNGLS/BTC,1582669048772,2020-02-25T22:17:28.772Z,sell,9.3e-07,201.0,0.00018693
SNGLS/BTC,1582669140085,2020-02-25T22:19:00.085Z,buy,9.4e-07,2925.0,0.0027495
SNGLS/BTC,1582669155554,2020-02-25T22:19:15.554Z,buy,9.4e-07,5159.0,0.00484946
SNGLS/BTC,1582669202129,2020-02-25T22:20:02.129Z,buy,9.4e-07,209.0,0.00019646
SNGLS/BTC,1582669369550,2020-02-25T22:22:49.550Z,sell,9.3e-07,204.0,0.00018972
SNGLS/BTC,1582669453984,2020-02-25T22:24:13.984Z,sell,9.3e-07,12801.0,0.01190493
SNGLS/BTC,1582669522497,2020-02-25T22:25:22.497Z,sell,9.3e-07,205.0,0.00019065
SNGLS/BTC,1582669553657,2020-02-25T22:25:53.657Z,buy,9.4e-07,291.0,0.00027354
SNGLS/BTC,1582669648858,2020-02-25T22:27:28.858Z,sell,9.3e-07,431.0,0.0004008299999999
SNGLS/BTC,1582669687036,2020-02-25T22:28:07.036Z,buy,9.4e-07,210.0,0.0001974
SNGLS/BTC,1582669819750,2020-02-25T22:30:19.750Z,buy,9.4e-07,42489.0,0.03993966
SNGLS/BTC,1582669857097,2020-02-25T22:30:57.097Z,buy,9.4e-07,215.0,0.0002021
SNGLS/BTC,1582670007554,2020-02-25T22:33:27.554Z,sell,9.3e-07,207.0,0.0001925099999999
SNGLS/BTC,1582670107211,2020-02-25T22:35:07.211Z,buy,9.4e-07,399.0,0.00037506
SNGLS/BTC,1582670109220,2020-02-25T22:35:09.220Z,buy,9.4e-07,289.0,0.00027166
SNGLS/BTC,1582670165555,2020-02-25T22:36:05.555Z,buy,9.4e-07,207.0,0.00019458
SNGLS/BTC,1582670252428,2020-02-25T22:37:32.428Z,buy,9.4e-07,6695.0,0.0062933
SNGLS/BTC,1582670320699,2020-02-25T22:38:40.699Z,sell,9.3e-07,211.0,0.00019623
SNGLS/BTC,1582670481935,2020-02-25T22:41:21.935Z,sell,9.3e-07,211.0,0.00019623
SNGLS/BTC,1582670654974,2020-02-25T22:44:14.974Z,sell,9.3e-07,200.0,0.000186
SNGLS/BTC,1582670818085,2020-02-25T22:46:58.085Z,buy,9.4e-07,215.0,0.0002021
SNGLS/BTC,1582670976520,2020-02-25T22:49:36.520Z,buy,9.4e-07,215.0,0.0002021
SNGLS/BTC,1582671150913,2020-02-25T22:52:30.913Z,sell,9.3e-07,213.0,0.00019809
SNGLS/BTC,1582671321496,2020-02-25T22:55:21.496Z,sell,9.3e-07,219.0,0.00020367
SNGLS/BTC,1582671321496,2020-02-25T22:55:21.496Z,sell,9.3e-07,219.0,0.00020367
SNGLS/BTC,1582671501571,2020-02-25T22:58:21.571Z,sell,9.3e-07,209.0,0.00019437
SNGLS/BTC,1582671536126,2020-02-25T22:58:56.126Z,sell,9.3e-07,1245.0,0.00115785
SNGLS/BTC,1582671680012,2020-02-25T23:01:20.012Z,sell,9.3e-07,205.0,0.00019065
SNGLS/BTC,1582671681480,2020-02-25T23:01:21.480Z,buy,9.4e-07,105761.0,0.09941534
SNGLS/BTC,1582671785152,2020-02-25T23:03:05.152Z,buy,9.4e-07,2127.0,0.00199938
SNGLS/BTC,1582671848496,2020-02-25T23:04:08.496Z,buy,9.4e-07,206.0,0.00019364
SNGLS/BTC,1582671848749,2020-02-25T23:04:08.749Z,buy,9.4e-07,354.0,0.00033276
SNGLS/BTC,1582671848820,2020-02-25T23:04:08.820Z,sell,9.4e-07,5646.0,0.00530724
SNGLS/BTC,1582672009325,2020-02-25T23:06:49.325Z,sell,9.3e-07,208.0,0.00019344
SNGLS/BTC,1582672159981,2020-02-25T23:09:19.981Z,sell,9.3e-07,219.0,0.00020367
SNGLS/BTC,1582672319838,2020-02-25T23:11:59.838Z,sell,9.3e-07,201.0,0.00018693
SNGLS/BTC,1582672470332,2020-02-25T23:14:30.332Z,buy,9.4e-07,203.0,0.00019082
SNGLS/BTC,1582672470595,2020-02-25T23:14:30.595Z,buy,9.4e-07,6000.0,0.00564
SNGLS/BTC,1582672628446,2020-02-25T23:17:08.446Z,buy,9.4e-07,213.0,0.00020022
SNGLS/BTC,1582672789104,2020-02-25T23:19:49.104Z,buy,9.4e-07,213.0,0.00020022
SNGLS/BTC,1582672958833,2020-02-25T23:22:38.833Z,buy,9.4e-07,215.0,0.0002021
SNGLS/BTC,1582673113095,2020-02-25T23:25:13.095Z,buy,9.4e-07,214.0,0.00020116
SNGLS/BTC,1582673210094,2020-02-25T23:26:50.094Z,buy,9.4e-07,174367.0,0.16390498
SNGLS/BTC,1582673292184,2020-02-25T23:28:12.184Z,buy,9.4e-07,204.0,0.00019176
SNGLS/BTC,1582673463940,2020-02-25T23:31:03.940Z,buy,9.5e-07,201.0,0.00019095
SNGLS/BTC,1582673622429,2020-02-25T23:33:42.429Z,sell,9.4e-07,201.0,0.00018894
SNGLS/BTC,1582673707458,2020-02-25T23:35:07.458Z,sell,9.4e-07,185.0,0.0001739
SNGLS/BTC,1582673775479,2020-02-25T23:36:15.479Z,buy,9.5e-07,202.0,0.0001919
SNGLS/BTC,1582673930912,2020-02-25T23:38:50.912Z,sell,9.4e-07,206.0,0.00019364
SNGLS/BTC,1582674003282,2020-02-25T23:40:03.282Z,buy,9.5e-07,2606.0,0.0024757
SNGLS/BTC,1582674098607,2020-02-25T23:41:38.607Z,sell,9.4e-07,204.0,0.00019176
SNGLS/BTC,1582674099610,2020-02-25T23:41:39.610Z,buy,9.5e-07,8000.0,0.0076
SNGLS/BTC,1582674163942,2020-02-25T23:42:43.942Z,buy,9.5e-07,100.0,9.5e-05
SNGLS/BTC,1582674246641,2020-02-25T23:44:06.641Z,buy,9.5e-07,100.0,9.5e-05
SNGLS/BTC,1582674259161,2020-02-25T23:44:19.161Z,sell,9.4e-07,220.0,0.0002068
SNGLS/BTC,1582674425775,2020-02-25T23:47:05.775Z,sell,9.4e-07,206.0,0.00019364
SNGLS/BTC,1582674589409,2020-02-25T23:49:49.409Z,sell,9.4e-07,209.0,0.00019646
SNGLS/BTC,1582674636854,2020-02-25T23:50:36.854Z,buy,9.5e-07,100.0,9.5e-05
SNGLS/BTC,1582674759138,2020-02-25T23:52:39.138Z,buy,9.5e-07,200.0,0.00019
SNGLS/BTC,1582674865653,2020-02-25T23:54:25.653Z,sell,9.4e-07,3953.0,0.00371582
SNGLS/BTC,1582674910107,2020-02-25T23:55:10.107Z,buy,9.5e-07,214.0,0.0002033
SNGLS/BTC,1582674910107,2020-02-25T23:55:10.107Z,buy,9.5e-07,214.0,0.0002033
SNGLS/BTC,1582675028190,2020-02-25T23:57:08.190Z,buy,9.5e-07,100.0,9.5e-05
SNGLS/BTC,1582675065718,2020-02-25T23:57:45.718Z,buy,9.5e-07,209.0,0.00019855
SNGLS/BTC,1582675237151,2020-02-26T00:00:37.151Z,sell,9.4e-07,200.0,0.000188
SNGLS/BTC,1582675391281,2020-02-26T00:03:11.281Z,sell,9.4e-07,200.0,0.000188
SNGLS/BTC,1582675449163,2020-02-26T00:04:09.163Z,buy,9.5e-07,42105.0,0.03999975
SNGLS/BTC,1582675491678,2020-02-26T00:04:51.678Z,sell,9.4e-07,299.0,0.00028106
SNGLS/BTC,1582675563642,2020-02-26T00:06:03.642Z,buy,9.5e-07,207.0,0.00019665
SNGLS/BTC,1582675732667,2020-02-26T00:08:52.667Z,buy,9.5e-07,206.0,0.0001957
SNGLS/BTC,1582675886107,2020-02-26T00:11:26.107Z,buy,9.5e-07,215.0,0.00020425
SNGLS/BTC,1582676039501,2020-02-26T00:13:59.501Z,buy,9.5e-07,204.0,0.0001938
SNGLS/BTC,1582676209507,2020-02-26T00:16:49.507Z,buy,9.5e-07,219.0,0.00020805
SNGLS/BTC,1582676381562,2020-02-26T00:19:41.562Z,sell,9.4e-07,202.0,0.00018988
SNGLS/BTC,1582676537305,2020-02-26T00:22:17.305Z,buy,9.5e-07,207.0,0.00019665
SNGLS/BTC,1582676689259,2020-02-26T00:24:49.259Z,buy,9.5e-07,203.0,0.00019285
SNGLS/BTC,1582676847429,2020-02-26T00:27:27.429Z,sell,9.4e-07,204.0,0.00019176
SNGLS/BTC,1582677004428,2020-02-26T00:30:04.428Z,sell,9.4e-07,210.0,0.0001974
SNGLS/BTC,1582677163513,2020-02-26T00:32:43.513Z,buy,9.5e-07,217.0,0.00020615
SNGLS/BTC,1582677198961,2020-02-26T00:33:18.961Z,buy,9.5e-07,100.0,9.5e-05
SNGLS/BTC,1582677320896,2020-02-26T00:35:20.896Z,buy,9.5e-07,217.0,0.00020615
SNGLS/BTC,1582677496358,2020-02-26T00:38:16.358Z,buy,9.5e-07,219.0,0.00020805
SNGLS/BTC,1582677651281,2020-02-26T00:40:51.281Z,buy,9.5e-07,220.0,0.000209
SNGLS/BTC,1582677825851,2020-02-26T00:43:45.851Z,buy,9.5e-07,213.0,0.00020235
SNGLS/BTC,1582677987855,2020-02-26T00:46:27.855Z,buy,9.5e-07,209.0,0.00019855
SNGLS/BTC,1582678147071,2020-02-26T00:49:07.071Z,buy,9.5e-07,212.0,0.0002014
SNGLS/BTC,1582678300669,2020-02-26T00:51:40.669Z,buy,9.5e-07,206.0,0.0001957
SNGLS/BTC,1582678470571,2020-02-26T00:54:30.571Z,sell,9.4e-07,213.0,0.00020022
SNGLS/BTC,1582678504537,2020-02-26T00:55:04.537Z,sell,9.4e-07,235.0,0.0002209
SNGLS/BTC,1582678504537,2020-02-26T00:55:04.537Z,sell,9.4e-07,235.0,0.0002209
SNGLS/BTC,1582678625108,2020-02-26T00:57:05.108Z,sell,9.4e-07,218.0,0.00020492
SNGLS/BTC,1582678665624,2020-02-26T00:57:45.624Z,sell,9.4e-07,1153.0,0.00108382
SNGLS/BTC,1582678781294,2020-02-26T00:59:41.294Z,buy,9.5e-07,211.0,0.00020045
SNGLS/BTC,1582678937276,2020-02-26T01:02:17.276Z,sell,9.4e-07,216.0,0.00020304
SNGLS/BTC,1582679095927,2020-02-26T01:04:55.927Z,sell,9.4e-07,211.0,0.00019834
SNGLS/BTC,1582679267806,2020-02-26T01:07:47.806Z,buy,9.5e-07,219.0,0.00020805
SNGLS/BTC,1582679420939,2020-02-26T01:10:20.939Z,sell,9.4e-07,212.0,0.00019928
SNGLS/BTC,1582679520927,2020-02-26T01:12:00.927Z,sell,9.4e-07,190564.0,0.17913016
SNGLS/BTC,1582679588023,2020-02-26T01:13:08.023Z,sell,9.4e-07,202.0,0.00018988
SNGLS/BTC,1582679666902,2020-02-26T01:14:26.902Z,sell,9.4e-07,16000.0,0.01504
SNGLS/BTC,1582679767924,2020-02-26T01:16:07.924Z,sell,9.4e-07,208.0,0.00019552
SNGLS/BTC,1582679924095,2020-02-26T01:18:44.095Z,buy,9.5e-07,205.0,0.00019475
SNGLS/BTC,1582680022095,2020-02-26T01:20:22.095Z,buy,9.5e-07,100.0,9.5e-05
SNGLS/BTC,1582680022196,2020-02-26T01:20:22.196Z,sell,9.4e-07,618.0,0.00058092
SNGLS/BTC,1582680035667,2020-02-26T01:20:35.667Z,buy,9.5e-07,107.0,0.00010165
SNGLS/BTC,1582680081423,2020-02-26T01:21:21.423Z,sell,9.4e-07,5827.0,0.00547738
SNGLS/BTC,1582680255882,2020-02-26T01:24:15.882Z,sell,9.3e-07,209.0,0.00019437
SNGLS/BTC,1582680339283,2020-02-26T01:25:39.283Z,sell,9.3e-07,42577.0,0.03959661
SNGLS/BTC,1582680415584,2020-02-26T01:26:55.584Z,buy,9.5e-07,219.0,0.00020805
SNGLS/BTC,1582680469193,2020-02-26T01:27:49.193Z,sell,9.3e-07,8000.0,0.0074399999999999
SNGLS/BTC,1582680469448,2020-02-26T01:27:49.448Z,sell,9.3e-07,6000.0,0.00558
SNGLS/BTC,1582680469706,2020-02-26T01:27:49.706Z,sell,9.3e-07,47000.0,0.04371
SNGLS/BTC,1582680469992,2020-02-26T01:27:49.992Z,sell,9.3e-07,894.0,0.00083142
SNGLS/BTC,1582680568085,2020-02-26T01:29:28.085Z,sell,9.2e-07,217.0,0.00019964
SNGLS/BTC,1582680573874,2020-02-26T01:29:33.874Z,buy,9.3e-07,100.0,9.3e-05
SNGLS/BTC,1582680576543,2020-02-26T01:29:36.543Z,buy,9.3e-07,100.0,9.3e-05
SNGLS/BTC,1582680584501,2020-02-26T01:29:44.501Z,buy,9.3e-07,50954.0,0.04738722
SNGLS/BTC,1582680584501,2020-02-26T01:29:44.501Z,buy,9.4e-07,46.0,4.324e-05
SNGLS/BTC,1582680596424,2020-02-26T01:29:56.424Z,buy,9.4e-07,51000.0,0.04794
SNGLS/BTC,1582680617691,2020-02-26T01:30:17.691Z,buy,9.4e-07,37839.0,0.03556866
SNGLS/BTC,1582680617691,2020-02-26T01:30:17.691Z,buy,9.5e-07,161.0,0.00015295
SNGLS/BTC,1582680722524,2020-02-26T01:32:02.524Z,sell,9.3e-07,219.0,0.00020367
SNGLS/BTC,1582680784188,2020-02-26T01:33:04.188Z,buy,9.4e-07,100.0,9.4e-05
SNGLS/BTC,1582680876173,2020-02-26T01:34:36.173Z,sell,9.3e-07,217.0,0.00020181
SNGLS/BTC,1582680879687,2020-02-26T01:34:39.687Z,buy,9.4e-07,100.0,9.4e-05
SNGLS/BTC,1582680906054,2020-02-26T01:35:06.054Z,sell,9.3e-07,215.0,0.00019995
SNGLS/BTC,1582681033120,2020-02-26T01:37:13.120Z,buy,9.4e-07,207.0,0.00019458
SNGLS/BTC,1582681213205,2020-02-26T01:40:13.205Z,sell,9.3e-07,212.0,0.00019716
SNGLS/BTC,1582681316373,2020-02-26T01:41:56.373Z,sell,9.3e-07,1500.0,0.001395
SNGLS/BTC,1582681370698,2020-02-26T01:42:50.698Z,buy,9.4e-07,1158.0,0.00108852
SNGLS/BTC,1582681407991,2020-02-26T01:43:27.991Z,sell,9.3e-07,840.0,0.0007812
SNGLS/BTC,1582681427169,2020-02-26T01:43:47.169Z,buy,9.3e-07,42.0,3.906e-05
SNGLS/BTC,1582681427169,2020-02-26T01:43:47.169Z,buy,9.4e-07,58.0,5.452e-05
SNGLS/BTC,1582681462063,2020-02-26T01:44:22.063Z,buy,9.4e-07,100.0,9.4e-05
SNGLS/BTC,1582681476470,2020-02-26T01:44:36.470Z,buy,9.4e-07,14882.0,0.01398908
SNGLS/BTC,1582681476470,2020-02-26T01:44:36.470Z,buy,9.5e-07,118.0,0.0001121
SNGLS/BTC,1582682094614,2020-02-26T01:54:54.614Z,buy,9.5e-07,1158.0,0.0011001
SNGLS/BTC,1582682094614,2020-02-26T01:54:54.614Z,buy,9.5e-07,1158.0,0.0011001
SNGLS/BTC,1582682488217,2020-02-26T02:01:28.217Z,sell,9.3e-07,1390.0,0.0012927
SNGLS/BTC,1582682629802,2020-02-26T02:03:49.802Z,buy,9.4e-07,100.0,9.4e-05
SNGLS/BTC,1582683010756,2020-02-26T02:10:10.756Z,sell,9.3e-07,288.0,0.00026784
SNGLS/BTC,1582683060345,2020-02-26T02:11:00.345Z,buy,9.4e-07,1158.0,0.00108852
SNGLS/BTC,1582683448128,2020-02-26T02:17:28.128Z,buy,9.4e-07,1158.0,0.00108852
SNGLS/BTC,1582683448149,2020-02-26T02:17:28.149Z,sell,9.3e-07,30754.0,0.02860122
SNGLS/BTC,1582683479537,2020-02-26T02:17:59.537Z,buy,9.4e-07,135.0,0.0001269
SNGLS/BTC,1582683522101,2020-02-26T02:18:42.101Z,sell,9.3e-07,14068.0,0.01308324
SNGLS/BTC,1582683580967,2020-02-26T02:19:40.967Z,buy,9.4e-07,100.0,9.4e-05
SNGLS/BTC,1582683650292,2020-02-26T02:20:50.292Z,buy,9.4e-07,131.0,0.00012314
SNGLS/BTC,1582683827146,2020-02-26T02:23:47.146Z,buy,9.4e-07,142.0,0.00013348
SNGLS/BTC,1582684004617,2020-02-26T02:26:44.617Z,sell,9.3e-07,137.0,0.00012741
SNGLS/BTC,1582684019801,2020-02-26T02:26:59.801Z,buy,9.4e-07,100.0,9.4e-05
SNGLS/BTC,1582684067669,2020-02-26T02:27:47.669Z,buy,9.4e-07,1158.0,0.00108852
SNGLS/BTC,1582684082792,2020-02-26T02:28:02.792Z,sell,9.3e-07,26882.0,0.02500026
SNGLS/BTC,1582684090602,2020-02-26T02:28:10.602Z,buy,9.4e-07,100.0,9.4e-05
SNGLS/BTC,1582684156378,2020-02-26T02:29:16.378Z,sell,9.3e-07,143.0,0.0001329899999999
SNGLS/BTC,1582684313089,2020-02-26T02:31:53.089Z,buy,9.4e-07,139.0,0.00013066
SNGLS/BTC,1582684487134,2020-02-26T02:34:47.134Z,buy,9.4e-07,133.0,0.00012502
SNGLS/BTC,1582684502779,2020-02-26T02:35:02.779Z,sell,9.3e-07,152.0,0.00014136
SNGLS/BTC,1582684639207,2020-02-26T02:37:19.207Z,sell,9.3e-07,135.0,0.00012555
SNGLS/BTC,1582684798364,2020-02-26T02:39:58.364Z,buy,9.4e-07,133.0,0.00012502
SNGLS/BTC,1582684815891,2020-02-26T02:40:15.891Z,buy,9.4e-07,638.0,0.00059972
SNGLS/BTC,1582684816323,2020-02-26T02:40:16.323Z,buy,9.4e-07,1158.0,0.00108852
SNGLS/BTC,1582684958483,2020-02-26T02:42:38.483Z,buy,9.4e-07,4376.0,0.00411344
SNGLS/BTC,1582684974170,2020-02-26T02:42:54.170Z,sell,9.3e-07,143.0,0.0001329899999999
SNGLS/BTC,1582685142701,2020-02-26T02:45:42.701Z,buy,9.4e-07,138.0,0.00012972
SNGLS/BTC,1582685170079,2020-02-26T02:46:10.079Z,sell,9.3e-07,1722.0,0.00160146
SNGLS/BTC,1582685170079,2020-02-26T02:46:10.079Z,sell,9.2e-07,2217.0,0.00203964
SNGLS/BTC,1582685301693,2020-02-26T02:48:21.693Z,buy,9.3e-07,137.0,0.00012741
SNGLS/BTC,1582685384074,2020-02-26T02:49:44.074Z,sell,9.2e-07,1390.0,0.0012788
SNGLS/BTC,1582685456756,2020-02-26T02:50:56.756Z,buy,9.3e-07,139.0,0.00012927
SNGLS/BTC,1582685471167,2020-02-26T02:51:11.167Z,buy,9.3e-07,100.0,9.3e-05
SNGLS/BTC,1582685627349,2020-02-26T02:53:47.349Z,sell,9.3e-07,134.0,0.00012462
SNGLS/BTC,1582685627349,2020-02-26T02:53:47.349Z,sell,9.3e-07,134.0,0.00012462
SNGLS/BTC,1582685743011,2020-02-26T02:55:43.011Z,buy,9.4e-07,1158.0,0.00108852
SNGLS/BTC,1582685799136,2020-02-26T02:56:39.136Z,sell,9.3e-07,143.0,0.0001329899999999
SNGLS/BTC,1582685866887,2020-02-26T02:57:46.887Z,buy,9.4e-07,100.0,9.4e-05
SNGLS/BTC,1582685874286,2020-02-26T02:57:54.286Z,buy,9.4e-07,100.0,9.4e-05
SNGLS/BTC,1582685894843,2020-02-26T02:58:14.843Z,buy,9.4e-07,100.0,9.4e-05
SNGLS/BTC,1582685964195,2020-02-26T02:59:24.195Z,buy,9.4e-07,139.0,0.00013066
SNGLS/BTC,1582686007016,2020-02-26T03:00:07.016Z,buy,9.4e-07,3392.0,0.00318848
SNGLS/BTC,1582686138496,2020-02-26T03:02:18.496Z,sell,9.3e-07,132.0,0.00012276
SNGLS/BTC,1582686234167,2020-02-26T03:03:54.167Z,buy,9.4e-07,1158.0,0.00108852
SNGLS/BTC,1582686266729,2020-02-26T03:04:26.729Z,buy,9.4e-07,100.0,9.4e-05
SNGLS/BTC,1582686289582,2020-02-26T03:04:49.582Z,sell,9.3e-07,140.0,0.0001302
SNGLS/BTC,1582686466145,2020-02-26T03:07:46.145Z,buy,9.4e-07,138.0,0.00012972
SNGLS/BTC,1582686642342,2020-02-26T03:10:42.342Z,buy,9.4e-07,132.0,0.00012408
SNGLS/BTC,1582686812923,2020-02-26T03:13:32.923Z,sell,9.3e-07,135.0,0.00012555
SNGLS/BTC,1582686963709,2020-02-26T03:16:03.709Z,buy,9.4e-07,100.0,9.4e-05
SNGLS/BTC,1582686982187,2020-02-26T03:16:22.187Z,buy,9.4e-07,135.0,0.0001269
SNGLS/BTC,1582687051486,2020-02-26T03:17:31.486Z,buy,9.4e-07,100.0,9.4e-05
SNGLS/BTC,1582687099555,2020-02-26T03:18:19.555Z,buy,9.4e-07,1158.0,0.00108852
SNGLS/BTC,1582687151834,2020-02-26T03:19:11.834Z,buy,9.4e-07,140.0,0.0001316
SNGLS/BTC,1582687307106,2020-02-26T03:21:47.106Z,sell,9.3e-07,139.0,0.00012927
SNGLS/BTC,1582687428535,2020-02-26T03:23:48.535Z,sell,9.3e-07,1390.0,0.0012927
SNGLS/BTC,1582687466603,2020-02-26T03:24:26.603Z,buy,9.4e-07,136.0,0.00012784
SNGLS/BTC,1582687623932,2020-02-26T03:27:03.932Z,buy,9.4e-07,131.0,0.00012314
SNGLS/BTC,1582687797043,2020-02-26T03:29:57.043Z,sell,9.3e-07,133.0,0.00012369
SNGLS/BTC,1582687869601,2020-02-26T03:31:09.601Z,buy,9.4e-07,100.0,9.4e-05
SNGLS/BTC,1582687963628,2020-02-26T03:32:43.628Z,sell,9.3e-07,132.0,0.00012276
SNGLS/BTC,1582688014991,2020-02-26T03:33:34.991Z,buy,9.4e-07,100.0,9.4e-05
SNGLS/BTC,1582688061903,2020-02-26T03:34:21.903Z,sell,9.3e-07,1390.0,0.0012927
SNGLS/BTC,1582688128319,2020-02-26T03:35:28.319Z,buy,9.4e-07,137.0,0.00012878
SNGLS/BTC,1582688230816,2020-02-26T03:37:10.816Z,sell,9.3e-07,15500.0,0.0144149999999999
SNGLS/BTC,1582688287957,2020-02-26T03:38:07.957Z,sell,9.3e-07,141.0,0.00013113
SNGLS/BTC,1582688346455,2020-02-26T03:39:06.455Z,buy,9.4e-07,100.0,9.4e-05
SNGLS/BTC,1582688439893,2020-02-26T03:40:39.893Z,buy,9.4e-07,253068.0,0.23788392
SNGLS/BTC,1582688447665,2020-02-26T03:40:47.665Z,sell,9.4e-07,132.0,0.00012408
SNGLS/BTC,1582688507243,2020-02-26T03:41:47.243Z,buy,9.5e-07,100.0,9.5e-05
SNGLS/BTC,1582688619272,2020-02-26T03:43:39.272Z,buy,9.5e-07,65064.0,0.0618108
SNGLS/BTC,1582688623952,2020-02-26T03:43:43.952Z,buy,9.5e-07,132.0,0.0001254
SNGLS/BTC,1582688639559,2020-02-26T03:43:59.559Z,buy,9.5e-07,1158.0,0.0011001
SNGLS/BTC,1582688799408,2020-02-26T03:46:39.408Z,sell,9.4e-07,131.0,0.00012314
SNGLS/BTC,1582688953983,2020-02-26T03:49:13.983Z,buy,9.5e-07,131.0,0.00012445
SNGLS/BTC,1582688987221,2020-02-26T03:49:47.221Z,buy,9.5e-07,27899.0,0.02650405
SNGLS/BTC,1582688987221,2020-02-26T03:49:47.221Z,buy,9.6e-07,101.0,9.696e-05
SNGLS/BTC,1582689002991,2020-02-26T03:50:02.991Z,buy,9.6e-07,21932.0,0.02105472
SNGLS/BTC,1582689002991,2020-02-26T03:50:02.991Z,buy,9.7e-07,7900.0,0.007663
SNGLS/BTC,1582689002991,2020-02-26T03:50:02.991Z,buy,9.8e-07,168.0,0.00016464
SNGLS/BTC,1582689012078,2020-02-26T03:50:12.078Z,buy,9.8e-07,5181.0,0.0050773799999999
SNGLS/BTC,1582689017100,2020-02-26T03:50:17.100Z,sell,9.6e-07,5950.0,0.0057119999999999
SNGLS/BTC,1582689017180,2020-02-26T03:50:17.180Z,sell,9.5e-07,4652.0,0.0044194
SNGLS/BTC,1582689019126,2020-02-26T03:50:19.126Z,buy,9.6e-07,100.0,9.6e-05
SNGLS/BTC,1582689023097,2020-02-26T03:50:23.097Z,buy,9.6e-07,100.0,9.6e-05
SNGLS/BTC,1582689030107,2020-02-26T03:50:30.107Z,sell,9.5e-07,6572.0,0.0062434
SNGLS/BTC,1582689034393,2020-02-26T03:50:34.393Z,buy,9.6e-07,4076.0,0.00391296
SNGLS/BTC,1582689034393,2020-02-26T03:50:34.393Z,buy,9.7e-07,1624.0,0.00157528
SNGLS/BTC,1582689034599,2020-02-26T03:50:34.599Z,sell,9.6e-07,2925.0,0.0028079999999999
SNGLS/BTC,1582689048634,2020-02-26T03:50:48.634Z,buy,9.7e-07,100.0,9.7e-05
SNGLS/BTC,1582689053250,2020-02-26T03:50:53.250Z,sell,9.6e-07,287.0,0.0002755199999999
SNGLS/BTC,1582689054958,2020-02-26T03:50:54.958Z,buy,9.7e-07,100.0,9.7e-05
SNGLS/BTC,1582689076170,2020-02-26T03:51:16.170Z,sell,9.6e-07,1892.0,0.0018163199999999
SNGLS/BTC,1582689077179,2020-02-26T03:51:17.179Z,sell,9.6e-07,1016.0,0.0009753599999999
SNGLS/BTC,1582689128564,2020-02-26T03:52:08.564Z,sell,9.5e-07,140.0,0.000133
SNGLS/BTC,1582689133510,2020-02-26T03:52:13.510Z,sell,9.5e-07,424.0,0.0004028
SNGLS/BTC,1582689148202,2020-02-26T03:52:28.202Z,buy,9.6e-07,100.0,9.6e-05
SNGLS/BTC,1582689187251,2020-02-26T03:53:07.251Z,buy,9.6e-07,1158.0,0.0011116799999999
SNGLS/BTC,1582689194879,2020-02-26T03:53:14.879Z,buy,9.6e-07,100.0,9.6e-05
SNGLS/BTC,1582689194879,2020-02-26T03:53:14.879Z,buy,9.6e-07,100.0,9.6e-05
SNGLS/BTC,1582689297276,2020-02-26T03:54:57.276Z,buy,9.6e-07,168.0,0.0001612799999999
SNGLS/BTC,1582689453147,2020-02-26T03:57:33.147Z,buy,9.6e-07,3362.0,0.0032275199999999
SNGLS/BTC,1582689457269,2020-02-26T03:57:37.269Z,sell,9.6e-07,2127.0,0.00204192
SNGLS/BTC,1582689465508,2020-02-26T03:57:45.508Z,sell,9.6e-07,19356.0,0.01858176
SNGLS/BTC,1582689472537,2020-02-26T03:57:52.537Z,sell,9.6e-07,167.0,0.0001603199999999
SNGLS/BTC,1582689529616,2020-02-26T03:58:49.616Z,buy,9.7e-07,100.0,9.7e-05
SNGLS/BTC,1582689638621,2020-02-26T04:00:38.621Z,sell,9.6e-07,1862.0,0.00178752
SNGLS/BTC,1582689638621,2020-02-26T04:00:38.621Z,sell,9.6e-07,42429.0,0.04073184
SNGLS/BTC,1582689649549,2020-02-26T04:00:49.549Z,buy,9.7e-07,169.0,0.00016393
SNGLS/BTC,1582689659532,2020-02-26T04:00:59.532Z,buy,9.7e-07,1158.0,0.00112326
SNGLS/BTC,1582689686797,2020-02-26T04:01:26.797Z,buy,9.7e-07,37945.0,0.03680665
SNGLS/BTC,1582689812306,2020-02-26T04:03:32.306Z,sell,9.6e-07,161.0,0.0001545599999999
SNGLS/BTC,1582689831795,2020-02-26T04:03:51.795Z,buy,9.7e-07,35932.0,0.03485404
SNGLS/BTC,1582689971775,2020-02-26T04:06:11.775Z,buy,9.8e-07,166.0,0.0001626799999999
SNGLS/BTC,1582690060158,2020-02-26T04:07:40.158Z,buy,9.8e-07,10140.0,0.0099372
SNGLS/BTC,1582690061704,2020-02-26T04:07:41.704Z,buy,9.8e-07,5070.0,0.0049686
SNGLS/BTC,1582690063468,2020-02-26T04:07:43.468Z,buy,9.8e-07,2535.0,0.0024843
SNGLS/BTC,1582690065475,2020-02-26T04:07:45.475Z,buy,9.8e-07,2535.0,0.0024843
SNGLS/BTC,1582690134179,2020-02-26T04:08:54.179Z,sell,9.7e-07,167.0,0.00016199
SNGLS/BTC,1582690204009,2020-02-26T04:10:04.009Z,buy,9.8e-07,1158.0,0.00113484
SNGLS/BTC,1582690208372,2020-02-26T04:10:08.372Z,sell,9.7e-07,745.0,0.00072265
SNGLS/BTC,1582690313096,2020-02-26T04:11:53.096Z,sell,9.7e-07,164.0,0.00015908
SNGLS/BTC,1582690490774,2020-02-26T04:14:50.774Z,buy,9.8e-07,164.0,0.00016072
SNGLS/BTC,1582690513822,2020-02-26T04:15:13.822Z,buy,9.8e-07,326.0,0.0003194799999999
SNGLS/BTC,1582690654729,2020-02-26T04:17:34.729Z,buy,9.8e-07,162.0,0.0001587599999999
SNGLS/BTC,1582690766456,2020-02-26T04:19:26.456Z,buy,9.8e-07,1158.0,0.00113484
SNGLS/BTC,1582690808816,2020-02-26T04:20:08.816Z,sell,9.7e-07,158.0,0.00015326
SNGLS/BTC,1582690881425,2020-02-26T04:21:21.425Z,buy,9.8e-07,100.0,9.8e-05
SNGLS/BTC,1582690976086,2020-02-26T04:22:56.086Z,sell,9.7e-07,161.0,0.00015617
SNGLS/BTC,1582691144587,2020-02-26T04:25:44.587Z,sell,9.7e-07,157.0,0.00015229
SNGLS/BTC,1582691303697,2020-02-26T04:28:23.697Z,buy,9.8e-07,158.0,0.00015484
SNGLS/BTC,1582691331637,2020-02-26T04:28:51.637Z,buy,9.8e-07,5010.0,0.0049098
SNGLS/BTC,1582691335219,2020-02-26T04:28:55.219Z,buy,9.8e-07,1158.0,0.00113484
SNGLS/BTC,1582691369256,2020-02-26T04:29:29.256Z,buy,9.8e-07,11563.0,0.01133174
SNGLS/BTC,1582691447073,2020-02-26T04:30:47.073Z,sell,9.7e-07,25.0,2.425e-05
SNGLS/BTC,1582691451655,2020-02-26T04:30:51.655Z,sell,9.6e-07,14788.0,0.01419648
SNGLS/BTC,1582691456080,2020-02-26T04:30:56.080Z,buy,9.7e-07,301.0,0.00029197
SNGLS/BTC,1582691456080,2020-02-26T04:30:56.080Z,buy,9.8e-07,3007.0,0.00294686
SNGLS/BTC,1582691482533,2020-02-26T04:31:22.533Z,sell,9.7e-07,161.0,0.00015617
SNGLS/BTC,1582691503615,2020-02-26T04:31:43.615Z,buy,9.8e-07,100.0,9.8e-05
SNGLS/BTC,1582691613335,2020-02-26T04:33:33.335Z,buy,9.8e-07,525.0,0.0005145
SNGLS/BTC,1582691629631,2020-02-26T04:33:49.631Z,buy,9.8e-07,5000.0,0.0049
SNGLS/BTC,1582691639779,2020-02-26T04:33:59.779Z,buy,9.8e-07,163.0,0.0001597399999999
SNGLS/BTC,1582691654295,2020-02-26T04:34:14.295Z,buy,9.8e-07,2500.0,0.00245
SNGLS/BTC,1582691696392,2020-02-26T04:34:56.392Z,sell,9.6e-07,127.0,0.0001219199999999
SNGLS/BTC,1582691701691,2020-02-26T04:35:01.691Z,sell,9.6e-07,566.0,0.00054336
SNGLS/BTC,1582691707686,2020-02-26T04:35:07.686Z,buy,9.8e-07,100.0,9.8e-05
SNGLS/BTC,1582691799471,2020-02-26T04:36:39.471Z,sell,9.7e-07,163.0,0.00015811
SNGLS/BTC,1582691818452,2020-02-26T04:36:58.452Z,buy,9.8e-07,1158.0,0.00113484
SNGLS/BTC,1582691859442,2020-02-26T04:37:39.442Z,buy,9.8e-07,677.0,0.0006634599999999
SNGLS/BTC,1582691878487,2020-02-26T04:37:58.487Z,sell,9.7e-07,662.0,0.00064214
SNGLS/BTC,1582691893890,2020-02-26T04:38:13.890Z,sell,9.6e-07,9446.0,0.0090681599999999
SNGLS/BTC,1582691950294,2020-02-26T04:39:10.294Z,buy,9.7e-07,159.0,0.00015423
SNGLS/BTC,1582691979774,2020-02-26T04:39:39.774Z,buy,9.7e-07,7931.0,0.00769307
SNGLS/BTC,1582691985286,2020-02-26T04:39:45.286Z,buy,9.7e-07,100.0,9.7e-05
SNGLS/BTC,1582691988498,2020-02-26T04:39:48.498Z,buy,9.7e-07,100.0,9.7e-05
SNGLS/BTC,1582691994069,2020-02-26T04:39:54.069Z,buy,9.7e-07,2610.0,0.0025317
SNGLS/BTC,1582691994069,2020-02-26T04:39:54.069Z,buy,9.8e-07,110.0,0.0001077999999999
SNGLS/BTC,1582692116323,2020-02-26T04:41:56.323Z,sell,9.7e-07,156.0,0.00015132
SNGLS/BTC,1582692237908,2020-02-26T04:43:57.908Z,buy,9.8e-07,100.0,9.8e-05
SNGLS/BTC,1582692285849,2020-02-26T04:44:45.849Z,buy,9.8e-07,169.0,0.0001656199999999
SNGLS/BTC,1582692398851,2020-02-26T04:46:38.851Z,buy,9.8e-07,1158.0,0.00113484
SNGLS/BTC,1582692449212,2020-02-26T04:47:29.212Z,buy,9.8e-07,159.0,0.0001558199999999
SNGLS/BTC,1582692498273,2020-02-26T04:48:18.273Z,sell,9.7e-07,11903.0,0.01154591
SNGLS/BTC,1582692530810,2020-02-26T04:48:50.810Z,buy,9.8e-07,8714.0,0.0085397199999999
SNGLS/BTC,1582692605906,2020-02-26T04:50:05.906Z,buy,9.7e-07,157.0,0.00015229
SNGLS/BTC,1582692635692,2020-02-26T04:50:35.692Z,buy,9.8e-07,100.0,9.8e-05
SNGLS/BTC,1582692736621,2020-02-26T04:52:16.621Z,sell,9.6e-07,35710.0,0.0342815999999999
SNGLS/BTC,1582692765345,2020-02-26T04:52:45.345Z,buy,9.7e-07,168.0,0.00016296
SNGLS/BTC,1582692765345,2020-02-26T04:52:45.345Z,buy,9.7e-07,168.0,0.00016296
SNGLS/BTC,1582692927642,2020-02-26T04:55:27.642Z,sell,9.6e-07,163.0,0.00015648
SNGLS/BTC,1582693099031,2020-02-26T04:58:19.031Z,buy,9.7e-07,170.0,0.0001649
SNGLS/BTC,1582693247461,2020-02-26T05:00:47.461Z,buy,9.7e-07,1158.0,0.00112326
SNGLS/BTC,1582693271434,2020-02-26T05:01:11.434Z,sell,9.6e-07,161.0,0.0001545599999999
SNGLS/BTC,1582693448232,2020-02-26T05:04:08.232Z,sell,9.6e-07,163.0,0.00015648
SNGLS/BTC,1582693576691,2020-02-26T05:06:16.691Z,buy,9.7e-07,1158.0,0.00112326
SNGLS/BTC,1582693615950,2020-02-26T05:06:55.950Z,sell,9.6e-07,162.0,0.0001555199999999
SNGLS/BTC,1582693770458,2020-02-26T05:09:30.458Z,buy,9.7e-07,165.0,0.00016005
SNGLS/BTC,1582693927118,2020-02-26T05:12:07.118Z,buy,9.7e-07,163.0,0.00015811
SNGLS/BTC,1582693981855,2020-02-26T05:13:01.855Z,sell,9.6e-07,136.0,0.00013056
SNGLS/BTC,1582694045888,2020-02-26T05:14:05.888Z,buy,9.7e-07,100.0,9.7e-05
SNGLS/BTC,1582694054855,2020-02-26T05:14:14.855Z,buy,9.7e-07,100.0,9.7e-05
SNGLS/BTC,1582694103092,2020-02-26T05:15:03.092Z,sell,9.5e-07,155.0,0.00014725
SNGLS/BTC,1582694202966,2020-02-26T05:16:42.966Z,buy,9.7e-07,100.0,9.7e-05
SNGLS/BTC,1582694241670,2020-02-26T05:17:21.670Z,buy,9.7e-07,1158.0,0.00112326
SNGLS/BTC,1582694264102,2020-02-26T05:17:44.102Z,sell,9.6e-07,166.0,0.00015936
SNGLS/BTC,1582694355386,2020-02-26T05:19:15.386Z,buy,9.7e-07,100.0,9.7e-05
SNGLS/BTC,1582694433581,2020-02-26T05:20:33.581Z,buy,9.7e-07,165.0,0.00016005
SNGLS/BTC,1582694493661,2020-02-26T05:21:33.661Z,buy,9.7e-07,18429.0,0.01787613
SNGLS/BTC,1582694591161,2020-02-26T05:23:11.161Z,buy,9.7e-07,1158.0,0.00112326
SNGLS/BTC,1582694599650,2020-02-26T05:23:19.650Z,sell,9.6e-07,171.0,0.0001641599999999
SNGLS/BTC,1582694757261,2020-02-26T05:25:57.261Z,sell,9.6e-07,170.0,0.0001631999999999
SNGLS/BTC,1582694912136,2020-02-26T05:28:32.136Z,buy,9.7e-07,1158.0,0.00112326
SNGLS/BTC,1582694918723,2020-02-26T05:28:38.723Z,sell,9.6e-07,163.0,0.00015648
SNGLS/BTC,1582695083626,2020-02-26T05:31:23.626Z,buy,9.7e-07,169.0,0.00016393
SNGLS/BTC,1582695207833,2020-02-26T05:33:27.833Z,sell,9.6e-07,1592.0,0.00152832
SNGLS/BTC,1582695239746,2020-02-26T05:33:59.746Z,sell,9.5e-07,168.0,0.0001596
SNGLS/BTC,1582695246340,2020-02-26T05:34:06.340Z,buy,9.6e-07,1158.0,0.0011116799999999
SNGLS/BTC,1582695317132,2020-02-26T05:35:17.132Z,buy,9.6e-07,204.0,0.00019584
SNGLS/BTC,1582695391000,2020-02-26T05:36:31.000Z,sell,9.5e-07,158.0,0.0001501
SNGLS/BTC,1582695553479,2020-02-26T05:39:13.479Z,buy,9.6e-07,100.0,9.6e-05
SNGLS/BTC,1582695553727,2020-02-26T05:39:13.727Z,sell,9.5e-07,171.0,0.00016245
SNGLS/BTC,1582695557890,2020-02-26T05:39:17.890Z,buy,9.6e-07,100.0,9.6e-05
SNGLS/BTC,1582695631964,2020-02-26T05:40:31.964Z,buy,9.6e-07,297.0,0.00028512
SNGLS/BTC,1582695647690,2020-02-26T05:40:47.690Z,buy,9.6e-07,135.0,0.0001295999999999
SNGLS/BTC,1582695724862,2020-02-26T05:42:04.862Z,buy,9.6e-07,163.0,0.00015648
SNGLS/BTC,1582695768641,2020-02-26T05:42:48.641Z,buy,9.6e-07,1158.0,0.0011116799999999
SNGLS/BTC,1582695886661,2020-02-26T05:44:46.661Z,buy,9.6e-07,156.0,0.0001497599999999
SNGLS/BTC,1582696044931,2020-02-26T05:47:24.931Z,sell,9.5e-07,171.0,0.00016245
SNGLS/BTC,1582696212461,2020-02-26T05:50:12.461Z,buy,9.6e-07,168.0,0.0001612799999999
SNGLS/BTC,1582696212461,2020-02-26T05:50:12.461Z,buy,9.6e-07,168.0,0.0001612799999999
SNGLS/BTC,1582696383312,2020-02-26T05:53:03.312Z,buy,9.6e-07,1158.0,0.0011116799999999
SNGLS/BTC,1582696385078,2020-02-26T05:53:05.078Z,buy,9.6e-07,165.0,0.0001583999999999
SNGLS/BTC,1582696562726,2020-02-26T05:56:02.726Z,buy,9.6e-07,158.0,0.0001516799999999
SNGLS/BTC,1582696640142,2020-02-26T05:57:20.142Z,buy,9.6e-07,4527.0,0.00434592
SNGLS/BTC,1582696647445,2020-02-26T05:57:27.445Z,sell,9.5e-07,7844.0,0.0074518
SNGLS/BTC,1582696716817,2020-02-26T05:58:36.817Z,sell,9.5e-07,155.0,0.00014725
SNGLS/BTC,1582696843644,2020-02-26T06:00:43.644Z,buy,9.6e-07,32478.0,0.0311788799999999
SNGLS/BTC,1582696874847,2020-02-26T06:01:14.847Z,buy,9.6e-07,1158.0,0.0011116799999999
SNGLS/BTC,1582696877952,2020-02-26T06:01:17.952Z,sell,9.5e-07,165.0,0.00015675
SNGLS/BTC,1582696907512,2020-02-26T06:01:47.512Z,buy,9.6e-07,21079.0,0.0202358399999999
SNGLS/BTC,1582697032642,2020-02-26T06:03:52.642Z,buy,9.6e-07,157.0,0.00015072
SNGLS/BTC,1582697189590,2020-02-26T06:06:29.590Z,buy,9.6e-07,164.0,0.0001574399999999
SNGLS/BTC,1582697303443,2020-02-26T06:08:23.443Z,buy,9.6e-07,1158.0,0.0011116799999999
SNGLS/BTC,1582697348621,2020-02-26T06:09:08.621Z,buy,9.6e-07,100.0,9.6e-05
SNGLS/BTC,1582697367189,2020-02-26T06:09:27.189Z,buy,9.6e-07,161.0,0.0001545599999999
SNGLS/BTC,1582697532766,2020-02-26T06:12:12.766Z,buy,9.6e-07,162.0,0.0001555199999999
SNGLS/BTC,1582697624129,2020-02-26T06:13:44.129Z,buy,9.6e-07,100.0,9.6e-05
SNGLS/BTC,1582697637307,2020-02-26T06:13:57.307Z,buy,9.6e-07,1158.0,0.0011116799999999
SNGLS/BTC,1582697653773,2020-02-26T06:14:13.773Z,buy,9.6e-07,9465.0,0.0090864
SNGLS/BTC,1582697694359,2020-02-26T06:14:54.359Z,sell,9.5e-07,158.0,0.0001501
SNGLS/BTC,1582697885468,2020-02-26T06:18:05.468Z,buy,9.6e-07,761.0,0.0007305599999999
SNGLS/BTC,1582697885561,2020-02-26T06:18:05.561Z,buy,9.6e-07,160.0,0.0001536
SNGLS/BTC,1582698051555,2020-02-26T06:20:51.555Z,buy,9.6e-07,164.0,0.0001574399999999
SNGLS/BTC,1582698218075,2020-02-26T06:23:38.075Z,sell,9.5e-07,163.0,0.00015485
SNGLS/BTC,1582698279252,2020-02-26T06:24:39.252Z,buy,9.6e-07,100.0,9.6e-05
SNGLS/BTC,1582698339157,2020-02-26T06:25:39.157Z,buy,9.6e-07,1113.0,0.00106848
SNGLS/BTC,1582698382525,2020-02-26T06:26:22.525Z,buy,9.6e-07,162.0,0.0001555199999999
SNGLS/BTC,1582698545330,2020-02-26T06:29:05.330Z,buy,9.6e-07,158.0,0.0001516799999999
SNGLS/BTC,1582698717538,2020-02-26T06:31:57.538Z,buy,9.6e-07,163.0,0.00015648
SNGLS/BTC,1582698876736,2020-02-26T06:34:36.736Z,buy,9.6e-07,168.0,0.0001612799999999
SNGLS/BTC,1582698924354,2020-02-26T06:35:24.354Z,buy,9.6e-07,128.0,0.00012288
SNGLS/BTC,1582699047697,2020-02-26T06:37:27.697Z,sell,9.5e-07,168.0,0.0001596
SNGLS/BTC,1582699150213,2020-02-26T06:39:10.213Z,buy,9.6e-07,100.0,9.6e-05
SNGLS/BTC,1582699201002,2020-02-26T06:40:01.002Z,buy,9.6e-07,1006.0,0.0009657599999999
SNGLS/BTC,1582699203596,2020-02-26T06:40:03.596Z,buy,9.6e-07,163.0,0.00015648
SNGLS/BTC,1582699375464,2020-02-26T06:42:55.464Z,buy,9.6e-07,159.0,0.0001526399999999
SNGLS/BTC,1582699447191,2020-02-26T06:44:07.191Z,buy,9.6e-07,100.0,9.6e-05
SNGLS/BTC,1582699482313,2020-02-26T06:44:42.313Z,buy,9.6e-07,100.0,9.6e-05
SNGLS/BTC,1582699538778,2020-02-26T06:45:38.778Z,sell,9.5e-07,156.0,0.0001482
SNGLS/BTC,1582699711713,2020-02-26T06:48:31.713Z,buy,9.6e-07,158.0,0.0001516799999999
SNGLS/BTC,1582699724269,2020-02-26T06:48:44.269Z,buy,9.6e-07,1119.0,0.00107424
SNGLS/BTC,1582699724269,2020-02-26T06:48:44.269Z,buy,9.6e-07,1119.0,0.00107424
SNGLS/BTC,1582699885854,2020-02-26T06:51:25.854Z,buy,9.6e-07,166.0,0.00015936
SNGLS/BTC,1582700050683,2020-02-26T06:54:10.683Z,sell,9.5e-07,166.0,0.0001577
SNGLS/BTC,1582700169614,2020-02-26T06:56:09.614Z,buy,9.6e-07,947.0,0.0009091199999999
SNGLS/BTC,1582700211583,2020-02-26T06:56:51.583Z,sell,9.5e-07,168.0,0.0001596
SNGLS/BTC,1582700389406,2020-02-26T06:59:49.406Z,buy,9.6e-07,165.0,0.0001583999999999
SNGLS/BTC,1582700563175,2020-02-26T07:02:43.175Z,buy,9.6e-07,157.0,0.00015072
SNGLS/BTC,1582700597697,2020-02-26T07:03:17.697Z,sell,9.5e-07,652.0,0.0006194
SNGLS/BTC,1582700626302,2020-02-26T07:03:46.302Z,buy,9.6e-07,994.0,0.0009542399999999
SNGLS/BTC,1582700633248,2020-02-26T07:03:53.248Z,buy,9.6e-07,1537.0,0.00147552
SNGLS/BTC,1582700735082,2020-02-26T07:05:35.082Z,buy,9.6e-07,167.0,0.0001603199999999
SNGLS/BTC,1582700870750,2020-02-26T07:07:50.750Z,buy,9.6e-07,1020.0,0.0009792
SNGLS/BTC,1582700872982,2020-02-26T07:07:52.982Z,buy,9.6e-07,157.0,0.00015072
SNGLS/BTC,1582701026106,2020-02-26T07:10:26.106Z,buy,9.6e-07,156.0,0.0001497599999999
SNGLS/BTC,1582701171673,2020-02-26T07:12:51.673Z,buy,9.6e-07,596.0,0.0005721599999999
SNGLS/BTC,1582701204543,2020-02-26T07:13:24.543Z,sell,9.5e-07,164.0,0.0001558
SNGLS/BTC,1582701356772,2020-02-26T07:15:56.772Z,buy,9.6e-07,167.0,0.0001603199999999
SNGLS/BTC,1582701473525,2020-02-26T07:17:53.525Z,buy,9.6e-07,1022.0,0.0009811199999999
SNGLS/BTC,1582701483687,2020-02-26T07:18:03.687Z,buy,9.6e-07,4259.0,0.0040886399999999
SNGLS/BTC,1582701523263,2020-02-26T07:18:43.263Z,buy,9.6e-07,170.0,0.0001631999999999
SNGLS/BTC,1582701700380,2020-02-26T07:21:40.380Z,buy,9.6e-07,170.0,0.0001631999999999
SNGLS/BTC,1582701864119,2020-02-26T07:24:24.119Z,buy,9.6e-07,170.0,0.0001631999999999
SNGLS/BTC,1582702035819,2020-02-26T07:27:15.819Z,buy,9.6e-07,155.0,0.0001487999999999
SNGLS/BTC,1582702184464,2020-02-26T07:29:44.464Z,buy,9.6e-07,1157.0,0.00111072
SNGLS/BTC,1582702203191,2020-02-26T07:30:03.191Z,buy,9.6e-07,170.0,0.0001631999999999
SNGLS/BTC,1582702382245,2020-02-26T07:33:02.245Z,sell,9.5e-07,166.0,0.0001577
SNGLS/BTC,1582702388035,2020-02-26T07:33:08.035Z,buy,9.6e-07,100.0,9.6e-05
SNGLS/BTC,1582702539472,2020-02-26T07:35:39.472Z,buy,9.6e-07,157.0,0.00015072
SNGLS/BTC,1582702540879,2020-02-26T07:35:40.879Z,sell,9.5e-07,15602.0,0.0148219
SNGLS/BTC,1582702540879,2020-02-26T07:35:40.879Z,sell,9.4e-07,92861.0,0.0872893399999999
SNGLS/BTC,1582702540879,2020-02-26T07:35:40.879Z,sell,9.3e-07,141528.0,0.13162104
SNGLS/BTC,1582702540938,2020-02-26T07:35:40.938Z,buy,9.3e-07,45731.0,0.04252983
SNGLS/BTC,1582702541949,2020-02-26T07:35:41.949Z,sell,9.2e-07,21079.0,0.01939268
SNGLS/BTC,1582702549677,2020-02-26T07:35:49.677Z,buy,9.3e-07,319.0,0.00029667
SNGLS/BTC,1582702549746,2020-02-26T07:35:49.746Z,buy,9.4e-07,30652.0,0.02881288
SNGLS/BTC,1582702550239,2020-02-26T07:35:50.239Z,sell,9.3e-07,532.0,0.00049476
SNGLS/BTC,1582702564998,2020-02-26T07:36:04.998Z,buy,9.4e-07,100.0,9.4e-05
SNGLS/BTC,1582702566284,2020-02-26T07:36:06.284Z,buy,9.4e-07,100.0,9.4e-05
SNGLS/BTC,1582702579608,2020-02-26T07:36:19.608Z,buy,9.4e-07,50528.0,0.04749632
SNGLS/BTC,1582702579608,2020-02-26T07:36:19.608Z,buy,9.5e-07,19302.0,0.0183369
SNGLS/BTC,1582702579608,2020-02-26T07:36:19.608Z,buy,9.6e-07,170.0,0.0001631999999999
SNGLS/BTC,1582702618748,2020-02-26T07:36:58.748Z,sell,9.4e-07,4395.0,0.0041313
SNGLS/BTC,1582702624615,2020-02-26T07:37:04.615Z,sell,9.4e-07,971.0,0.00091274
SNGLS/BTC,1582702684993,2020-02-26T07:38:04.993Z,buy,9.5e-07,100.0,9.5e-05
SNGLS/BTC,1582702695206,2020-02-26T07:38:15.206Z,sell,9.4e-07,168.0,0.00015792
SNGLS/BTC,1582702725290,2020-02-26T07:38:45.290Z,sell,9.4e-07,1090.0,0.0010246
SNGLS/BTC,1582702725290,2020-02-26T07:38:45.290Z,sell,9.3e-07,85854.0,0.07984422
SNGLS/BTC,1582702725290,2020-02-26T07:38:45.290Z,sell,9.2e-07,264915.0,0.2437218
SNGLS/BTC,1582702725555,2020-02-26T07:38:45.555Z,buy,9.2e-07,18267.0,0.01680564
SNGLS/BTC,1582702725556,2020-02-26T07:38:45.556Z,buy,9.2e-07,20877.0,0.01920684
SNGLS/BTC,1582702726350,2020-02-26T07:38:46.350Z,buy,9.2e-07,10634.0,0.00978328
SNGLS/BTC,1582702732232,2020-02-26T07:38:52.232Z,sell,9.1e-07,203133.0,0.18485103
SNGLS/BTC,1582702732232,2020-02-26T07:38:52.232Z,sell,9e-07,182926.0,0.1646333999999999
SNGLS/BTC,1582702732232,2020-02-26T07:38:52.232Z,sell,9e-07,1010.0,0.000909
SNGLS/BTC,1582702732232,2020-02-26T07:38:52.232Z,sell,9e-07,104528.0,0.0940752
SNGLS/BTC,1582702732480,2020-02-26T07:38:52.480Z,buy,9.1e-07,8649.0,0.00787059
SNGLS/BTC,1582702734821,2020-02-26T07:38:54.821Z,sell,9.1e-07,113.0,0.00010283
SNGLS/BTC,1582702734899,2020-02-26T07:38:54.899Z,sell,9.1e-07,113.0,0.00010283
SNGLS/BTC,1582702735426,2020-02-26T07:38:55.426Z,buy,9.2e-07,100.0,9.2e-05
SNGLS/BTC,1582702737554,2020-02-26T07:38:57.554Z,buy,9.2e-07,100.0,9.2e-05
SNGLS/BTC,1582702741615,2020-02-26T07:39:01.615Z,buy,9.2e-07,12519.0,0.01151748
SNGLS/BTC,1582702745704,2020-02-26T07:39:05.704Z,sell,9.2e-07,125.0,0.000115
SNGLS/BTC,1582702747440,2020-02-26T07:39:07.440Z,buy,9.3e-07,100.0,9.3e-05
SNGLS/BTC,1582702752801,2020-02-26T07:39:12.801Z,buy,9.3e-07,49710.0,0.0462303
SNGLS/BTC,1582702752801,2020-02-26T07:39:12.801Z,buy,9.4e-07,290.0,0.0002726
SNGLS/BTC,1582702761395,2020-02-26T07:39:21.395Z,buy,9.4e-07,50335.0,0.0473149
SNGLS/BTC,1582702761395,2020-02-26T07:39:21.395Z,buy,9.5e-07,665.0,0.00063175
SNGLS/BTC,1582702763865,2020-02-26T07:39:23.865Z,sell,9.4e-07,1342.0,0.00126148
SNGLS/BTC,1582702776150,2020-02-26T07:39:36.150Z,sell,9.4e-07,1332.0,0.00125208
SNGLS/BTC,1582702778428,2020-02-26T07:39:38.428Z,sell,9.4e-07,1206.0,0.00113364
SNGLS/BTC,1582702779898,2020-02-26T07:39:39.898Z,sell,9.4e-07,1411.0,0.00132634
SNGLS/BTC,1582702783637,2020-02-26T07:39:43.637Z,sell,9.4e-07,112.0,0.00010528
SNGLS/BTC,1582702852283,2020-02-26T07:40:52.283Z,buy,9.4e-07,170.0,0.0001598
SNGLS/BTC,1582702862382,2020-02-26T07:41:02.382Z,buy,9.4e-07,3577.0,0.00336238
SNGLS/BTC,1582702862382,2020-02-26T07:41:02.382Z,buy,9.5e-07,23.0,2.185e-05
SNGLS/BTC,1582703006315,2020-02-26T07:43:26.315Z,buy,9.5e-07,957.0,0.00090915
SNGLS/BTC,1582703020623,2020-02-26T07:43:40.623Z,buy,9.4e-07,163.0,0.00015322
SNGLS/BTC,1582703054610,2020-02-26T07:44:14.610Z,sell,9.3e-07,61494.0,0.05718942
SNGLS/BTC,1582703064902,2020-02-26T07:44:24.902Z,buy,9.4e-07,100.0,9.4e-05
SNGLS/BTC,1582703118143,2020-02-26T07:45:18.143Z,buy,9.4e-07,100.0,9.4e-05
SNGLS/BTC,1582703194513,2020-02-26T07:46:34.513Z,buy,9.4e-07,165.0,0.0001551
SNGLS/BTC,1582703194513,2020-02-26T07:46:34.513Z,buy,9.4e-07,165.0,0.0001551
SNGLS/BTC,1582703373836,2020-02-26T07:49:33.836Z,sell,9.2e-07,160.0,0.0001472
SNGLS/BTC,1582703392912,2020-02-26T07:49:52.912Z,buy,9.4e-07,100.0,9.4e-05
SNGLS/BTC,1582703414838,2020-02-26T07:50:14.838Z,buy,9.4e-07,100.0,9.4e-05
SNGLS/BTC,1582703496609,2020-02-26T07:51:36.609Z,buy,9.4e-07,100.0,9.4e-05
SNGLS/BTC,1582703549748,2020-02-26T07:52:29.748Z,sell,9.3e-07,168.0,0.00015624
SNGLS/BTC,1582703552479,2020-02-26T07:52:32.479Z,buy,9.4e-07,100.0,9.4e-05
SNGLS/BTC,1582703698326,2020-02-26T07:54:58.326Z,buy,9.4e-07,736.0,0.00069184
SNGLS/BTC,1582703718362,2020-02-26T07:55:18.362Z,buy,9.4e-07,162.0,0.00015228
SNGLS/BTC,1582703824185,2020-02-26T07:57:04.185Z,buy,9.4e-07,100.0,9.4e-05
SNGLS/BTC,1582703897476,2020-02-26T07:58:17.476Z,buy,9.4e-07,164.0,0.00015416
SNGLS/BTC,1582704069596,2020-02-26T08:01:09.596Z,buy,9.4e-07,162.0,0.00015228
SNGLS/BTC,1582704071191,2020-02-26T08:01:11.191Z,sell,9.3e-07,4697.0,0.00436821
SNGLS/BTC,1582704081866,2020-02-26T08:01:21.866Z,buy,9.4e-07,100.0,9.4e-05
SNGLS/BTC,1582704187233,2020-02-26T08:03:07.233Z,buy,9.4e-07,684.0,0.00064296
SNGLS/BTC,1582704229744,2020-02-26T08:03:49.744Z,buy,9.4e-07,163.0,0.00015322
SNGLS/BTC,1582704401926,2020-02-26T08:06:41.926Z,sell,9.3e-07,161.0,0.00014973
SNGLS/BTC,1582704435577,2020-02-26T08:07:15.577Z,buy,9.4e-07,100.0,9.4e-05
SNGLS/BTC,1582704575552,2020-02-26T08:09:35.552Z,buy,9.4e-07,158.0,0.00014852
SNGLS/BTC,1582704576702,2020-02-26T08:09:36.702Z,buy,9.4e-07,12998.0,0.01221812
SNGLS/BTC,1582704623369,2020-02-26T08:10:23.369Z,sell,9.3e-07,638.0,0.00059334
SNGLS/BTC,1582704702792,2020-02-26T08:11:42.792Z,buy,9.4e-07,100.0,9.4e-05
SNGLS/BTC,1582704726492,2020-02-26T08:12:06.492Z,sell,9.3e-07,165.0,0.00015345
SNGLS/BTC,1582704737819,2020-02-26T08:12:17.819Z,buy,9.4e-07,1125.0,0.0010575
SNGLS/BTC,1582704789420,2020-02-26T08:13:09.420Z,buy,9.4e-07,10161.0,0.00955134
SNGLS/BTC,1582704888483,2020-02-26T08:14:48.483Z,sell,9.3e-07,155.0,0.00014415
SNGLS/BTC,1582704935014,2020-02-26T08:15:35.014Z,buy,9.4e-07,100.0,9.4e-05
SNGLS/BTC,1582705040143,2020-02-26T08:17:20.143Z,sell,9.3e-07,159.0,0.00014787
SNGLS/BTC,1582705062344,2020-02-26T08:17:42.344Z,buy,9.4e-07,100.0,9.4e-05
SNGLS/BTC,1582705192517,2020-02-26T08:19:52.517Z,sell,9.3e-07,168.0,0.00015624
SNGLS/BTC,1582705213561,2020-02-26T08:20:13.561Z,buy,9.4e-07,100.0,9.4e-05
SNGLS/BTC,1582705253050,2020-02-26T08:20:53.050Z,sell,9.3e-07,1961.0,0.00182373
SNGLS/BTC,1582705292964,2020-02-26T08:21:32.964Z,buy,9.4e-07,100.0,9.4e-05
SNGLS/BTC,1582705302432,2020-02-26T08:21:42.432Z,buy,9.4e-07,895.0,0.0008413
SNGLS/BTC,1582705349538,2020-02-26T08:22:29.538Z,buy,9.4e-07,164.0,0.00015416
SNGLS/BTC,1582705512507,2020-02-26T08:25:12.507Z,sell,9.3e-07,171.0,0.00015903
SNGLS/BTC,1582705576381,2020-02-26T08:26:16.381Z,buy,9.4e-07,100.0,9.4e-05
SNGLS/BTC,1582705585608,2020-02-26T08:26:25.608Z,buy,9.4e-07,100.0,9.4e-05
SNGLS/BTC,1582705679114,2020-02-26T08:27:59.114Z,buy,9.4e-07,157.0,0.00014758
SNGLS/BTC,1582705837050,2020-02-26T08:30:37.050Z,buy,9.4e-07,161.0,0.00015134
SNGLS/BTC,1582705855796,2020-02-26T08:30:55.796Z,buy,9.4e-07,1010.0,0.0009494
SNGLS/BTC,1582705995937,2020-02-26T08:33:15.937Z,buy,9.4e-07,158.0,0.00014852
SNGLS/BTC,1582706100508,2020-02-26T08:35:00.508Z,buy,9.4e-07,229.0,0.00021526
SNGLS/BTC,1582706108843,2020-02-26T08:35:08.843Z,buy,9.4e-07,118.0,0.00011092
SNGLS/BTC,1582706150232,2020-02-26T08:35:50.232Z,buy,9.4e-07,163.0,0.00015322
SNGLS/BTC,1582706301502,2020-02-26T08:38:21.502Z,sell,9.3e-07,167.0,0.00015531
SNGLS/BTC,1582706367954,2020-02-26T08:39:27.954Z,buy,9.4e-07,100.0,9.4e-05
SNGLS/BTC,1582706452527,2020-02-26T08:40:52.527Z,buy,9.4e-07,1076.0,0.00101144
SNGLS/BTC,1582706480346,2020-02-26T08:41:20.346Z,buy,9.4e-07,156.0,0.00014664
SNGLS/BTC,1582706644721,2020-02-26T08:44:04.721Z,buy,9.4e-07,157.0,0.00014758
SNGLS/BTC,1582706644721,2020-02-26T08:44:04.721Z,buy,9.4e-07,157.0,0.00014758
SNGLS/BTC,1582706808650,2020-02-26T08:46:48.650Z,buy,9.4e-07,156.0,0.00014664
SNGLS/BTC,1582706981970,2020-02-26T08:49:41.970Z,sell,9.3e-07,171.0,0.00015903
SNGLS/BTC,1582707069257,2020-02-26T08:51:09.257Z,buy,9.4e-07,100.0,9.4e-05
SNGLS/BTC,1582707103825,2020-02-26T08:51:43.825Z,buy,9.4e-07,11593.0,0.01089742
SNGLS/BTC,1582707158075,2020-02-26T08:52:38.075Z,sell,9.3e-07,156.0,0.00014508
SNGLS/BTC,1582707181639,2020-02-26T08:53:01.639Z,sell,9.3e-07,59336.0,0.05518248
SNGLS/BTC,1582707283712,2020-02-26T08:54:43.712Z,buy,9.3e-07,100.0,9.3e-05
SNGLS/BTC,1582707288488,2020-02-26T08:54:48.488Z,buy,9.3e-07,100.0,9.3e-05
SNGLS/BTC,1582707308526,2020-02-26T08:55:08.526Z,sell,9.2e-07,162.0,0.00014904
SNGLS/BTC,1582707308526,2020-02-26T08:55:08.526Z,sell,9.2e-07,3030.0,0.0027876
SNGLS/BTC,1582707311189,2020-02-26T08:55:11.189Z,buy,9.3e-07,156.0,0.00014508
SNGLS/BTC,1582707317226,2020-02-26T08:55:17.226Z,buy,9.3e-07,108.0,0.00010044
SNGLS/BTC,1582707346470,2020-02-26T08:55:46.470Z,buy,9.3e-07,750.0,0.0006975
SNGLS/BTC,1582707466601,2020-02-26T08:57:46.601Z,buy,9.3e-07,157.0,0.00014601
SNGLS/BTC,1582707611619,2020-02-26T09:00:11.619Z,buy,9.3e-07,645.0,0.00059985
SNGLS/BTC,1582707618359,2020-02-26T09:00:18.359Z,sell,9.2e-07,164.0,0.00015088
SNGLS/BTC,1582707796280,2020-02-26T09:03:16.280Z,sell,9.2e-07,156.0,0.00014352
SNGLS/BTC,1582707824646,2020-02-26T09:03:44.646Z,buy,9.3e-07,709.0,0.0006593699999999
SNGLS/BTC,1582707951422,2020-02-26T09:05:51.422Z,buy,9.3e-07,156.0,0.00014508
SNGLS/BTC,1582708076567,2020-02-26T09:07:56.567Z,sell,9.2e-07,79791.0,0.07340772
SNGLS/BTC,1582708076567,2020-02-26T09:07:56.567Z,sell,9.1e-07,185640.0,0.1689323999999999
SNGLS/BTC,1582708076567,2020-02-26T09:07:56.567Z,sell,9e-07,348809.0,0.3139281
SNGLS/BTC,1582708082252,2020-02-26T09:08:02.252Z,sell,9e-07,12998.0,0.0116981999999999
SNGLS/BTC,1582708089620,2020-02-26T09:08:09.620Z,buy,9.1e-07,1411.0,0.00128401
SNGLS/BTC,1582708112428,2020-02-26T09:08:32.428Z,buy,9.2e-07,100.0,9.2e-05
SNGLS/BTC,1582708113043,2020-02-26T09:08:33.043Z,sell,9.1e-07,167.0,0.00015197
SNGLS/BTC,1582708119395,2020-02-26T09:08:39.395Z,buy,9.2e-07,100.0,9.2e-05
SNGLS/BTC,1582708278789,2020-02-26T09:11:18.789Z,buy,9.2e-07,797.0,0.00073324
SNGLS/BTC,1582708323389,2020-02-26T09:12:03.389Z,buy,9.2e-07,11570.0,0.0106444
SNGLS/BTC,1582708339870,2020-02-26T09:12:19.870Z,sell,9.2e-07,1578.0,0.00145176
SNGLS/BTC,1582708385005,2020-02-26T09:13:05.005Z,sell,9.2e-07,398.0,0.00036616
SNGLS/BTC,1582708511922,2020-02-26T09:15:11.922Z,buy,9.3e-07,2173.0,0.00202089
SNGLS/BTC,1582708585255,2020-02-26T09:16:25.255Z,buy,9.3e-07,1076.0,0.0010006799999999
SNGLS/BTC,1582708672428,2020-02-26T09:17:52.428Z,sell,9.2e-07,382.0,0.00035144
SNGLS/BTC,1582708752925,2020-02-26T09:19:12.925Z,buy,9.3e-07,100.0,9.3e-05
SNGLS/BTC,1582708758606,2020-02-26T09:19:18.606Z,sell,9.2e-07,146.0,0.00013432
SNGLS/BTC,1582708845674,2020-02-26T09:20:45.674Z,buy,9.3e-07,100.0,9.3e-05
SNGLS/BTC,1582708931878,2020-02-26T09:22:11.878Z,buy,9.3e-07,772.0,0.00071796
SNGLS/BTC,1582708982157,2020-02-26T09:23:02.157Z,sell,9.2e-07,204.0,0.00018768
SNGLS/BTC,1582709005964,2020-02-26T09:23:25.964Z,buy,9.3e-07,100.0,9.3e-05
SNGLS/BTC,1582709085531,2020-02-26T09:24:45.531Z,buy,9.3e-07,8851.0,0.00823143
SNGLS/BTC,1582709177812,2020-02-26T09:26:17.812Z,buy,9.4e-07,9574.0,0.00899956
SNGLS/BTC,1582709191439,2020-02-26T09:26:31.439Z,buy,9.4e-07,100.0,9.4e-05
SNGLS/BTC,1582709304543,2020-02-26T09:28:24.543Z,sell,9.3e-07,654.0,0.00060822
SNGLS/BTC,1582709305288,2020-02-26T09:28:25.288Z,sell,9.3e-07,37907.0,0.03525351
SNGLS/BTC,1582709575758,2020-02-26T09:32:55.758Z,buy,9.4e-07,716.0,0.00067304
SNGLS/BTC,1582709648852,2020-02-26T09:34:08.852Z,buy,9.4e-07,100.0,9.4e-05
SNGLS/BTC,1582709992689,2020-02-26T09:39:52.689Z,sell,9.3e-07,3345.0,0.00311085
SNGLS/BTC,1582710080018,2020-02-26T09:41:20.018Z,buy,9.4e-07,736.0,0.00069184
SNGLS/BTC,1582710208815,2020-02-26T09:43:28.815Z,sell,9.3e-07,13999.0,0.01301907
SNGLS/BTC,1582710208815,2020-02-26T09:43:28.815Z,sell,9.2e-07,80423.0,0.07398916
SNGLS/BTC,1582710208815,2020-02-26T09:43:28.815Z,sell,9.1e-07,28958.0,0.0263517799999999
SNGLS/BTC,1582710208815,2020-02-26T09:43:28.815Z,sell,9e-07,59655.0,0.0536894999999999
SNGLS/BTC,1582710208815,2020-02-26T09:43:28.815Z,sell,8.9e-07,110993.0,0.0987837699999999
SNGLS/BTC,1582710208815,2020-02-26T09:43:28.815Z,sell,8.8e-07,185972.0,0.16365536
SNGLS/BTC,1582710208815,2020-02-26T09:43:28.815Z,sell,8.8e-07,11703.0,0.01029864
SNGLS/BTC,1582710208815,2020-02-26T09:43:28.815Z,sell,8.8e-07,38912.0,0.03424256
SNGLS/BTC,1582710208815,2020-02-26T09:43:28.815Z,sell,8.8e-07,7978.0,0.00702064
SNGLS/BTC,1582710208815,2020-02-26T09:43:28.815Z,sell,8.8e-07,1871.0,0.00164648
SNGLS/BTC,1582710208815,2020-02-26T09:43:28.815Z,sell,8.8e-07,1893.0,0.00166584
SNGLS/BTC,1582710208896,2020-02-26T09:43:28.896Z,buy,8.9e-07,8873.0,0.00789697
SNGLS/BTC,1582710208900,2020-02-26T09:43:28.900Z,buy,8.9e-07,57758.0,0.05140462
SNGLS/BTC,1582710208900,2020-02-26T09:43:28.900Z,buy,9e-07,24770.0,0.022293
SNGLS/BTC,1582710208900,2020-02-26T09:43:28.900Z,buy,9.1e-07,8193.0,0.0074556299999999
SNGLS/BTC,1582710210469,2020-02-26T09:43:30.469Z,sell,9e-07,149.0,0.0001341
SNGLS/BTC,1582710210469,2020-02-26T09:43:30.469Z,sell,8.9e-07,44794.0,0.03986666
SNGLS/BTC,1582710215823,2020-02-26T09:43:35.823Z,sell,8.9e-07,10311.0,0.0091767899999999
SNGLS/BTC,1582710217846,2020-02-26T09:43:37.846Z,sell,8.9e-07,4531.0,0.00403259
SNGLS/BTC,1582710232110,2020-02-26T09:43:52.110Z,sell,8.9e-07,32445.0,0.0288760499999999
SNGLS/BTC,1582710232110,2020-02-26T09:43:52.110Z,sell,8.9e-07,32445.0,0.0288760499999999
SNGLS/BTC,1582710246655,2020-02-26T09:44:06.655Z,sell,8.9e-07,3142.0,0.00279638
SNGLS/BTC,1582710270169,2020-02-26T09:44:30.169Z,buy,9e-07,197.0,0.0001773
SNGLS/BTC,1582710296688,2020-02-26T09:44:56.688Z,buy,9e-07,100.0,8.999999999999999e-05
SNGLS/BTC,1582710300898,2020-02-26T09:45:00.898Z,sell,8.9e-07,3225.0,0.00287025
SNGLS/BTC,1582710304199,2020-02-26T09:45:04.199Z,buy,9e-07,31042.0,0.0279378
SNGLS/BTC,1582710314624,2020-02-26T09:45:14.624Z,buy,9e-07,3309.0,0.0029781
SNGLS/BTC,1582710314624,2020-02-26T09:45:14.624Z,buy,9.1e-07,191.0,0.00017381
SNGLS/BTC,1582710318803,2020-02-26T09:45:18.803Z,buy,9.1e-07,13186.0,0.01199926
SNGLS/BTC,1582710318962,2020-02-26T09:45:18.962Z,buy,9.1e-07,15384.0,0.01399944
SNGLS/BTC,1582710319383,2020-02-26T09:45:19.383Z,buy,9.1e-07,164.0,0.00014924
SNGLS/BTC,1582710319395,2020-02-26T09:45:19.395Z,buy,9.1e-07,3332.0,0.0030321199999999
SNGLS/BTC,1582710319872,2020-02-26T09:45:19.872Z,buy,9.1e-07,2281.0,0.00207571
SNGLS/BTC,1582710425551,2020-02-26T09:47:05.551Z,buy,9.1e-07,1073.0,0.0009764299999999
SNGLS/BTC,1582710517853,2020-02-26T09:48:37.853Z,sell,9e-07,2023.0,0.0018207
SNGLS/BTC,1582710589485,2020-02-26T09:49:49.485Z,sell,9e-07,7985.0,0.0071864999999999
SNGLS/BTC,1582710649332,2020-02-26T09:50:49.332Z,sell,9e-07,10219.0,0.0091971
SNGLS/BTC,1582710658916,2020-02-26T09:50:58.916Z,buy,9.1e-07,100.0,9.1e-05
SNGLS/BTC,1582710714576,2020-02-26T09:51:54.576Z,buy,9.1e-07,12979.0,0.01181089
SNGLS/BTC,1582710836400,2020-02-26T09:53:56.400Z,buy,9.1e-07,706.0,0.00064246
SNGLS/BTC,1582710874948,2020-02-26T09:54:34.948Z,sell,9e-07,3733.0,0.0033596999999999
SNGLS/BTC,1582710914872,2020-02-26T09:55:14.872Z,buy,9.1e-07,219.0,0.00019929
SNGLS/BTC,1582711050676,2020-02-26T09:57:30.676Z,sell,9e-07,65419.0,0.0588770999999999
SNGLS/BTC,1582711220220,2020-02-26T10:00:20.220Z,sell,8.9e-07,645.0,0.00057405
SNGLS/BTC,1582711226781,2020-02-26T10:00:26.781Z,buy,9e-07,100.0,8.999999999999999e-05
SNGLS/BTC,1582711382578,2020-02-26T10:03:02.578Z,buy,9e-07,1498.0,0.0013482
SNGLS/BTC,1582711391904,2020-02-26T10:03:11.904Z,buy,9e-07,122192.0,0.1099728
SNGLS/BTC,1582711588297,2020-02-26T10:06:28.297Z,buy,9e-07,691.0,0.0006219
SNGLS/BTC,1582711624347,2020-02-26T10:07:04.347Z,sell,8.9e-07,1259.0,0.00112051
SNGLS/BTC,1582711661457,2020-02-26T10:07:41.457Z,sell,8.9e-07,43546.0,0.0387559399999999
SNGLS/BTC,1582711734866,2020-02-26T10:08:54.866Z,buy,9e-07,100.0,8.999999999999999e-05
SNGLS/BTC,1582711879836,2020-02-26T10:11:19.836Z,sell,8.9e-07,10193.0,0.00907177
SNGLS/BTC,1582711897256,2020-02-26T10:11:37.256Z,buy,9e-07,823.0,0.0007407
SNGLS/BTC,1582712175670,2020-02-26T10:16:15.670Z,buy,9e-07,100.0,8.999999999999999e-05
SNGLS/BTC,1582712342900,2020-02-26T10:19:02.900Z,sell,8.9e-07,30807.0,0.02741823
SNGLS/BTC,1582712373739,2020-02-26T10:19:33.739Z,buy,9e-07,100.0,8.999999999999999e-05
SNGLS/BTC,1582712491429,2020-02-26T10:21:31.429Z,buy,9e-07,793.0,0.0007137
SNGLS/BTC,1582712604721,2020-02-26T10:23:24.721Z,buy,9e-07,10677.0,0.0096093
SNGLS/BTC,1582712832301,2020-02-26T10:27:12.301Z,buy,9e-07,980.0,0.000882
SNGLS/BTC,1582713018762,2020-02-26T10:30:18.762Z,buy,9e-07,666.0,0.0005993999999999
SNGLS/BTC,1582713320009,2020-02-26T10:35:20.009Z,buy,9e-07,433.0,0.0003897
SNGLS/BTC,1582713444987,2020-02-26T10:37:24.987Z,buy,9e-07,820.0,0.0007379999999999
SNGLS/BTC,1582713473944,2020-02-26T10:37:53.944Z,buy,9e-07,100.0,8.999999999999999e-05
SNGLS/BTC,1582713691623,2020-02-26T10:41:31.623Z,buy,9e-07,100.0,8.999999999999999e-05
SNGLS/BTC,1582713691623,2020-02-26T10:41:31.623Z,buy,9e-07,100.0,8.999999999999999e-05
SNGLS/BTC,1582713878227,2020-02-26T10:44:38.227Z,buy,9e-07,929.0,0.0008361
SNGLS/BTC,1582714091134,2020-02-26T10:48:11.134Z,buy,9e-07,100.0,8.999999999999999e-05
SNGLS/BTC,1582714217056,2020-02-26T10:50:17.056Z,buy,9e-07,6125.0,0.0055125
SNGLS/BTC,1582714217207,2020-02-26T10:50:17.207Z,buy,9e-07,5555.0,0.0049995
SNGLS/BTC,1582714550085,2020-02-26T10:55:50.085Z,buy,9e-07,36248.0,0.0326232
SNGLS/BTC,1582714602013,2020-02-26T10:56:42.013Z,buy,9e-07,723.0,0.0006506999999999
SNGLS/BTC,1582714808069,2020-02-26T11:00:08.069Z,buy,9e-07,151.0,0.0001359
SNGLS/BTC,1582714906916,2020-02-26T11:01:46.916Z,buy,9e-07,165.0,0.0001485
SNGLS/BTC,1582714908057,2020-02-26T11:01:48.057Z,buy,9e-07,356.0,0.0003204
SNGLS/BTC,1582714916052,2020-02-26T11:01:56.052Z,buy,9e-07,100.0,8.999999999999999e-05
SNGLS/BTC,1582714943521,2020-02-26T11:02:23.521Z,buy,9e-07,86079.0,0.0774711
SNGLS/BTC,1582714943521,2020-02-26T11:02:23.521Z,buy,9.1e-07,21.0,1.911e-05
SNGLS/BTC,1582715065022,2020-02-26T11:04:25.022Z,buy,9.1e-07,169.0,0.00015379
SNGLS/BTC,1582715123611,2020-02-26T11:05:23.611Z,buy,9.1e-07,22158.0,0.02016378
SNGLS/BTC,1582715199661,2020-02-26T11:06:39.661Z,buy,9.1e-07,709.0,0.00064519
SNGLS/BTC,1582715239925,2020-02-26T11:07:19.925Z,buy,9.1e-07,170.0,0.0001547
SNGLS/BTC,1582715345768,2020-02-26T11:09:05.768Z,sell,9e-07,197.0,0.0001773
SNGLS/BTC,1582715415451,2020-02-26T11:10:15.451Z,buy,9.1e-07,100.0,9.1e-05
SNGLS/BTC,1582715419097,2020-02-26T11:10:19.097Z,buy,9.1e-07,168.0,0.0001528799999999
SNGLS/BTC,1582715428096,2020-02-26T11:10:28.096Z,buy,9.1e-07,113.0,0.00010283
SNGLS/BTC,1582715439797,2020-02-26T11:10:39.797Z,sell,9e-07,18386.0,0.0165474
SNGLS/BTC,1582715470835,2020-02-26T11:11:10.835Z,buy,9e-07,6040.0,0.005436
SNGLS/BTC,1582715551121,2020-02-26T11:12:31.121Z,buy,9.1e-07,100.0,9.1e-05
SNGLS/BTC,1582715585490,2020-02-26T11:13:05.490Z,sell,9e-07,155.0,0.0001395
SNGLS/BTC,1582715619801,2020-02-26T11:13:39.801Z,buy,9.1e-07,100.0,9.1e-05
SNGLS/BTC,1582715748156,2020-02-26T11:15:48.156Z,buy,9.1e-07,730.0,0.0006642999999999
SNGLS/BTC,1582715758495,2020-02-26T11:15:58.495Z,sell,9e-07,158.0,0.0001422
SNGLS/BTC,1582715785541,2020-02-26T11:16:25.541Z,buy,9.1e-07,100.0,9.1e-05
SNGLS/BTC,1582715909935,2020-02-26T11:18:29.935Z,buy,9.1e-07,100.0,9.1e-05
SNGLS/BTC,1582715937198,2020-02-26T11:18:57.198Z,buy,9.1e-07,160.0,0.0001456
SNGLS/BTC,1582716026335,2020-02-26T11:20:26.335Z,sell,9e-07,110000.0,0.0989999999999999
SNGLS/BTC,1582716097281,2020-02-26T11:21:37.281Z,buy,9.1e-07,169.0,0.00015379
SNGLS/BTC,1582716104777,2020-02-26T11:21:44.777Z,sell,9e-07,653.0,0.0005876999999999
SNGLS/BTC,1582716105779,2020-02-26T11:21:45.779Z,buy,9e-07,710.0,0.0006389999999999
SNGLS/BTC,1582716270758,2020-02-26T11:24:30.758Z,sell,8.9e-07,162.0,0.00014418
SNGLS/BTC,1582716336210,2020-02-26T11:25:36.210Z,buy,9e-07,100.0,8.999999999999999e-05
SNGLS/BTC,1582716339290,2020-02-26T11:25:39.290Z,buy,9e-07,100.0,8.999999999999999e-05
SNGLS/BTC,1582716407433,2020-02-26T11:26:47.433Z,buy,9e-07,873.0,0.0007857
SNGLS/BTC,1582716444417,2020-02-26T11:27:24.417Z,buy,9e-07,161.0,0.0001449
SNGLS/BTC,1582716471776,2020-02-26T11:27:51.776Z,buy,9e-07,100.0,8.999999999999999e-05
SNGLS/BTC,1582716622361,2020-02-26T11:30:22.361Z,sell,8.9e-07,162.0,0.00014418
SNGLS/BTC,1582716751337,2020-02-26T11:32:31.337Z,buy,9e-07,100.0,8.999999999999999e-05
SNGLS/BTC,1582716756553,2020-02-26T11:32:36.553Z,buy,9e-07,100.0,8.999999999999999e-05
SNGLS/BTC,1582716798313,2020-02-26T11:33:18.313Z,buy,9e-07,161.0,0.0001449
SNGLS/BTC,1582716890582,2020-02-26T11:34:50.582Z,buy,9e-07,15371.0,0.0138339
SNGLS/BTC,1582716910795,2020-02-26T11:35:10.795Z,buy,9e-07,134.0,0.0001205999999999
SNGLS/BTC,1582716973217,2020-02-26T11:36:13.217Z,sell,8.9e-07,156.0,0.00013884
SNGLS/BTC,1582717036250,2020-02-26T11:37:16.250Z,buy,9e-07,11433.0,0.0102896999999999
SNGLS/BTC,1582717134990,2020-02-26T11:38:54.990Z,sell,9e-07,166.0,0.0001494
SNGLS/BTC,1582717142145,2020-02-26T11:39:02.145Z,buy,9.1e-07,811.0,0.00073801
SNGLS/BTC,1582717192317,2020-02-26T11:39:52.317Z,buy,9.1e-07,26212.0,0.02385292
SNGLS/BTC,1582717220701,2020-02-26T11:40:20.701Z,sell,9.1e-07,15371.0,0.01398761
SNGLS/BTC,1582717232421,2020-02-26T11:40:32.421Z,sell,9.1e-07,553.0,0.00050323
SNGLS/BTC,1582717282370,2020-02-26T11:41:22.370Z,sell,9.1e-07,4567.0,0.00415597
SNGLS/BTC,1582717283864,2020-02-26T11:41:23.864Z,sell,9.1e-07,1416.0,0.00128856
SNGLS/BTC,1582717289837,2020-02-26T11:41:29.837Z,buy,9.1e-07,157.0,0.00014287
SNGLS/BTC,1582717289837,2020-02-26T11:41:29.837Z,buy,9.1e-07,157.0,0.00014287
SNGLS/BTC,1582717454758,2020-02-26T11:44:14.758Z,sell,9e-07,164.0,0.0001475999999999
SNGLS/BTC,1582717457814,2020-02-26T11:44:17.814Z,buy,9.1e-07,100.0,9.1e-05
SNGLS/BTC,1582717631014,2020-02-26T11:47:11.014Z,buy,9.1e-07,12.0,1.092e-05
SNGLS/BTC,1582717631073,2020-02-26T11:47:11.073Z,sell,9.1e-07,149.0,0.00013559
SNGLS/BTC,1582717789934,2020-02-26T11:49:49.934Z,sell,9e-07,2074.0,0.0018666
SNGLS/BTC,1582717792416,2020-02-26T11:49:52.416Z,buy,9.1e-07,155.0,0.0001410499999999
SNGLS/BTC,1582717820555,2020-02-26T11:50:20.555Z,sell,9e-07,666.0,0.0005993999999999
SNGLS/BTC,1582717955615,2020-02-26T11:52:35.615Z,buy,9.1e-07,166.0,0.00015106
SNGLS/BTC,1582717988084,2020-02-26T11:53:08.084Z,buy,9.1e-07,830.0,0.0007553
SNGLS/BTC,1582718060120,2020-02-26T11:54:20.120Z,sell,9e-07,4568.0,0.0041112
SNGLS/BTC,1582718120834,2020-02-26T11:55:20.834Z,sell,9e-07,166.0,0.0001494
SNGLS/BTC,1582718159496,2020-02-26T11:55:59.496Z,sell,9e-07,69977.0,0.0629793
SNGLS/BTC,1582718285990,2020-02-26T11:58:05.990Z,sell,9e-07,156.0,0.0001404
SNGLS/BTC,1582718318174,2020-02-26T11:58:38.174Z,buy,9.1e-07,100.0,9.1e-05
SNGLS/BTC,1582718398322,2020-02-26T11:59:58.322Z,buy,9.1e-07,1009.0,0.0009181899999999
SNGLS/BTC,1582718416611,2020-02-26T12:00:16.611Z,buy,9.1e-07,659.0,0.0005996899999999
SNGLS/BTC,1582718450634,2020-02-26T12:00:50.634Z,buy,9.1e-07,169.0,0.00015379
SNGLS/BTC,1582718619929,2020-02-26T12:03:39.929Z,sell,9e-07,160.0,0.000144
SNGLS/BTC,1582718709329,2020-02-26T12:05:09.329Z,buy,9.1e-07,687.0,0.00062517
SNGLS/BTC,1582718774531,2020-02-26T12:06:14.531Z,sell,9e-07,163.0,0.0001467
SNGLS/BTC,1582718801332,2020-02-26T12:06:41.332Z,buy,9.1e-07,100.0,9.1e-05
SNGLS/BTC,1582718931748,2020-02-26T12:08:51.748Z,sell,9e-07,167.0,0.0001503
SNGLS/BTC,1582718985059,2020-02-26T12:09:45.059Z,buy,9.1e-07,100.0,9.1e-05
SNGLS/BTC,1582719022275,2020-02-26T12:10:22.275Z,sell,9e-07,659.0,0.0005930999999999
SNGLS/BTC,1582719111167,2020-02-26T12:11:51.167Z,buy,9.1e-07,157.0,0.00014287
SNGLS/BTC,1582719270604,2020-02-26T12:14:30.604Z,buy,9.1e-07,1039.0,0.00094549
SNGLS/BTC,1582719281930,2020-02-26T12:14:41.930Z,buy,9.1e-07,157.0,0.00014287
SNGLS/BTC,1582719433421,2020-02-26T12:17:13.421Z,sell,9e-07,168.0,0.0001512
SNGLS/BTC,1582719598950,2020-02-26T12:19:58.950Z,sell,9e-07,162.0,0.0001458
SNGLS/BTC,1582719778844,2020-02-26T12:22:58.844Z,buy,9.1e-07,166.0,0.00015106
SNGLS/BTC,1582719790354,2020-02-26T12:23:10.354Z,buy,9.1e-07,1648.0,0.00149968
SNGLS/BTC,1582719826735,2020-02-26T12:23:46.735Z,sell,9e-07,500.0,0.00045
SNGLS/BTC,1582719934349,2020-02-26T12:25:34.349Z,sell,9e-07,171.0,0.0001539
SNGLS/BTC,1582720050204,2020-02-26T12:27:30.204Z,buy,9.1e-07,1082.0,0.00098462
SNGLS/BTC,1582720079025,2020-02-26T12:27:59.025Z,buy,9.1e-07,159666.0,0.14529606
SNGLS/BTC,1582720104416,2020-02-26T12:28:24.416Z,sell,9.1e-07,166.0,0.00015106
SNGLS/BTC,1582720271465,2020-02-26T12:31:11.465Z,sell,9e-07,158.0,0.0001422
SNGLS/BTC,1582720282571,2020-02-26T12:31:22.571Z,buy,9.1e-07,4295.0,0.00390845
SNGLS/BTC,1582720450670,2020-02-26T12:34:10.670Z,sell,9.1e-07,156.0,0.00014196
SNGLS/BTC,1582720604681,2020-02-26T12:36:44.681Z,buy,9.2e-07,161.0,0.0001481199999999
SNGLS/BTC,1582720620817,2020-02-26T12:37:00.817Z,buy,9.2e-07,100.0,9.2e-05
SNGLS/BTC,1582720666213,2020-02-26T12:37:46.213Z,buy,9.2e-07,100.0,9.2e-05
SNGLS/BTC,1582720772594,2020-02-26T12:39:32.594Z,sell,9.1e-07,163.0,0.0001483299999999
SNGLS/BTC,1582720839522,2020-02-26T12:40:39.522Z,buy,9.2e-07,970.0,0.0008924
SNGLS/BTC,1582720839522,2020-02-26T12:40:39.522Z,buy,9.2e-07,970.0,0.0008924
SNGLS/BTC,1582720948186,2020-02-26T12:42:28.186Z,buy,9.2e-07,164.0,0.00015088
SNGLS/BTC,1582721110337,2020-02-26T12:45:10.337Z,buy,9.2e-07,158.0,0.00014536
SNGLS/BTC,1582721265025,2020-02-26T12:47:45.025Z,buy,9.2e-07,157.0,0.00014444
SNGLS/BTC,1582721389230,2020-02-26T12:49:49.230Z,buy,9.2e-07,664.0,0.00061088
SNGLS/BTC,1582721416015,2020-02-26T12:50:16.015Z,buy,9.2e-07,167.0,0.00015364
SNGLS/BTC,1582721580518,2020-02-26T12:53:00.518Z,sell,9.1e-07,164.0,0.00014924
SNGLS/BTC,1582721747288,2020-02-26T12:55:47.288Z,buy,9.2e-07,165.0,0.0001518
SNGLS/BTC,1582721770823,2020-02-26T12:56:10.823Z,buy,9.2e-07,1073.0,0.00098716
SNGLS/BTC,1582721905597,2020-02-26T12:58:25.597Z,sell,9.1e-07,164.0,0.00014924
SNGLS/BTC,1582722024707,2020-02-26T13:00:24.707Z,sell,9.1e-07,22760.0,0.0207116
SNGLS/BTC,1582722059273,2020-02-26T13:00:59.273Z,sell,9e-07,170.0,0.000153
SNGLS/BTC,1582722217109,2020-02-26T13:03:37.109Z,sell,9e-07,158.0,0.0001422
SNGLS/BTC,1582722368699,2020-02-26T13:06:08.699Z,buy,9.1e-07,1136.0,0.0010337599999999
SNGLS/BTC,1582722382004,2020-02-26T13:06:22.004Z,sell,9e-07,162.0,0.0001458
SNGLS/BTC,1582722461586,2020-02-26T13:07:41.586Z,sell,9e-07,323.0,0.0002906999999999
SNGLS/BTC,1582722561686,2020-02-26T13:09:21.686Z,buy,9.1e-07,162.0,0.00014742
SNGLS/BTC,1582722728858,2020-02-26T13:12:08.858Z,buy,9.1e-07,167.0,0.00015197
SNGLS/BTC,1582722846035,2020-02-26T13:14:06.035Z,buy,9.1e-07,757.0,0.00068887
SNGLS/BTC,1582722897613,2020-02-26T13:14:57.613Z,buy,9.1e-07,161.0,0.00014651
SNGLS/BTC,1582722959778,2020-02-26T13:15:59.778Z,buy,9.1e-07,339.0,0.0003084899999999
SNGLS/BTC,1582723061547,2020-02-26T13:17:41.547Z,sell,9e-07,158.0,0.0001422
SNGLS/BTC,1582723217968,2020-02-26T13:20:17.968Z,sell,9e-07,161.0,0.0001449
SNGLS/BTC,1582723386918,2020-02-26T13:23:06.918Z,buy,9.1e-07,163.0,0.0001483299999999
SNGLS/BTC,1582723538519,2020-02-26T13:25:38.519Z,buy,9.1e-07,1066.0,0.00097006
SNGLS/BTC,1582723567176,2020-02-26T13:26:07.176Z,sell,9e-07,158.0,0.0001422
SNGLS/BTC,1582723743924,2020-02-26T13:29:03.924Z,buy,9.1e-07,157.0,0.00014287
SNGLS/BTC,1582723912889,2020-02-26T13:31:52.889Z,buy,9.1e-07,166.0,0.00015106
SNGLS/BTC,1582724004310,2020-02-26T13:33:24.310Z,buy,9.1e-07,1061.0,0.0009655099999999
SNGLS/BTC,1582724087950,2020-02-26T13:34:47.950Z,sell,9e-07,165.0,0.0001485
SNGLS/BTC,1582724118620,2020-02-26T13:35:18.620Z,sell,9e-07,1499.0,0.0013491
SNGLS/BTC,1582724240688,2020-02-26T13:37:20.688Z,buy,9.1e-07,157.0,0.00014287
SNGLS/BTC,1582724392593,2020-02-26T13:39:52.593Z,sell,9e-07,160.0,0.000144
SNGLS/BTC,1582724392593,2020-02-26T13:39:52.593Z,sell,9e-07,160.0,0.000144
SNGLS/BTC,1582724492392,2020-02-26T13:41:32.392Z,buy,9.1e-07,1030.0,0.0009373
SNGLS/BTC,1582724572563,2020-02-26T13:42:52.563Z,buy,9.1e-07,166.0,0.00015106
SNGLS/BTC,1582724735931,2020-02-26T13:45:35.931Z,buy,9.1e-07,156.0,0.00014196
SNGLS/BTC,1582724775322,2020-02-26T13:46:15.322Z,sell,9e-07,164281.0,0.1478528999999999
SNGLS/BTC,1582724887814,2020-02-26T13:48:07.814Z,buy,9.1e-07,161.0,0.00014651
SNGLS/BTC,1582724954953,2020-02-26T13:49:14.953Z,buy,9.1e-07,250.0,0.0002275
SNGLS/BTC,1582725047803,2020-02-26T13:50:47.803Z,buy,9.1e-07,167.0,0.00015197
SNGLS/BTC,1582725209537,2020-02-26T13:53:29.537Z,sell,9e-07,158.0,0.0001422
SNGLS/BTC,1582725345984,2020-02-26T13:55:45.984Z,buy,9.1e-07,902.0,0.00082082
SNGLS/BTC,1582725365455,2020-02-26T13:56:05.455Z,sell,9e-07,164.0,0.0001475999999999
SNGLS/BTC,1582725391977,2020-02-26T13:56:31.977Z,sell,9e-07,2281.0,0.0020529
SNGLS/BTC,1582725518650,2020-02-26T13:58:38.650Z,buy,9.1e-07,161.0,0.00014651
SNGLS/BTC,1582725676399,2020-02-26T14:01:16.399Z,buy,9.1e-07,163.0,0.0001483299999999
SNGLS/BTC,1582725820664,2020-02-26T14:03:40.664Z,sell,9e-07,1894.0,0.0017046
SNGLS/BTC,1582725850698,2020-02-26T14:04:10.698Z,sell,9e-07,171.0,0.0001539
SNGLS/BTC,1582725896026,2020-02-26T14:04:56.026Z,buy,9.1e-07,848.0,0.00077168
SNGLS/BTC,1582726029726,2020-02-26T14:07:09.726Z,sell,9e-07,169.0,0.0001520999999999
SNGLS/BTC,1582726204517,2020-02-26T14:10:04.517Z,sell,9e-07,158.0,0.0001422
SNGLS/BTC,1582726244356,2020-02-26T14:10:44.356Z,buy,9.1e-07,721.0,0.00065611
SNGLS/BTC,1582726372092,2020-02-26T14:12:52.092Z,sell,9e-07,164.0,0.0001475999999999
SNGLS/BTC,1582726525691,2020-02-26T14:15:25.691Z,buy,9.1e-07,169.0,0.00015379
SNGLS/BTC,1582726692680,2020-02-26T14:18:12.680Z,sell,9e-07,165.0,0.0001485
SNGLS/BTC,1582726734320,2020-02-26T14:18:54.320Z,buy,9.1e-07,1030.0,0.0009373
SNGLS/BTC,1582726862205,2020-02-26T14:21:02.205Z,sell,9e-07,171.0,0.0001539
SNGLS/BTC,1582727033176,2020-02-26T14:23:53.176Z,buy,9.1e-07,170.0,0.0001547
SNGLS/BTC,1582727195820,2020-02-26T14:26:35.820Z,sell,9e-07,164.0,0.0001475999999999
SNGLS/BTC,1582727224233,2020-02-26T14:27:04.233Z,buy,9.1e-07,748.0,0.00068068
SNGLS/BTC,1582727367290,2020-02-26T14:29:27.290Z,sell,9e-07,165.0,0.0001485
SNGLS/BTC,1582727531368,2020-02-26T14:32:11.368Z,sell,9e-07,164.0,0.0001475999999999
SNGLS/BTC,1582727689354,2020-02-26T14:34:49.354Z,buy,9.1e-07,161.0,0.00014651
SNGLS/BTC,1582727705190,2020-02-26T14:35:05.190Z,sell,9e-07,417.0,0.0003752999999999
SNGLS/BTC,1582727721715,2020-02-26T14:35:21.715Z,buy,9.1e-07,671.0,0.0006106099999999
SNGLS/BTC,1582727847186,2020-02-26T14:37:27.186Z,buy,9.1e-07,159.0,0.00014469
SNGLS/BTC,1582727856613,2020-02-26T14:37:36.613Z,buy,9.1e-07,43846.0,0.0398998599999999
SNGLS/BTC,1582727856613,2020-02-26T14:37:36.613Z,buy,9.1e-07,43846.0,0.0398998599999999
SNGLS/BTC,1582728017137,2020-02-26T14:40:17.137Z,buy,9.1e-07,155.0,0.0001410499999999
SNGLS/BTC,1582728095719,2020-02-26T14:41:35.719Z,buy,9.1e-07,1051.0,0.00095641
SNGLS/BTC,1582728172356,2020-02-26T14:42:52.356Z,buy,9.1e-07,163.0,0.0001483299999999
SNGLS/BTC,1582728348183,2020-02-26T14:45:48.183Z,sell,9e-07,156.0,0.0001404
SNGLS/BTC,1582728514187,2020-02-26T14:48:34.187Z,sell,9e-07,169.0,0.0001520999999999
SNGLS/BTC,1582728609289,2020-02-26T14:50:09.289Z,buy,9.1e-07,964.0,0.0008772399999999
SNGLS/BTC,1582728616804,2020-02-26T14:50:16.804Z,buy,9.1e-07,659.0,0.0005996899999999
SNGLS/BTC,1582728674691,2020-02-26T14:51:14.691Z,sell,9e-07,165.0,0.0001485
SNGLS/BTC,1582728753338,2020-02-26T14:52:33.338Z,buy,9.1e-07,633.0,0.0005760299999999
SNGLS/BTC,1582728842952,2020-02-26T14:54:02.952Z,buy,9.1e-07,157.0,0.00014287
SNGLS/BTC,1582728877493,2020-02-26T14:54:37.493Z,sell,9e-07,7905.0,0.0071144999999999
SNGLS/BTC,1582728999353,2020-02-26T14:56:39.353Z,buy,9.1e-07,171.0,0.0001556099999999
SNGLS/BTC,1582729150188,2020-02-26T14:59:10.188Z,sell,9e-07,151.0,0.0001359
SNGLS/BTC,1582729172082,2020-02-26T14:59:32.082Z,sell,9e-07,164.0,0.0001475999999999
SNGLS/BTC,1582729247865,2020-02-26T15:00:47.865Z,buy,9.1e-07,745.0,0.00067795
SNGLS/BTC,1582729345475,2020-02-26T15:02:25.475Z,sell,9e-07,162.0,0.0001458
SNGLS/BTC,1582729516744,2020-02-26T15:05:16.744Z,buy,9.1e-07,165.0,0.00015015
SNGLS/BTC,1582729593261,2020-02-26T15:06:33.261Z,buy,9.1e-07,978.0,0.00088998
SNGLS/BTC,1582729695783,2020-02-26T15:08:15.783Z,buy,9.1e-07,158.0,0.0001437799999999
SNGLS/BTC,1582729801946,2020-02-26T15:10:01.946Z,sell,9e-07,146.0,0.0001314
SNGLS/BTC,1582729862827,2020-02-26T15:11:02.827Z,buy,9.1e-07,165.0,0.00015015
SNGLS/BTC,1582729866333,2020-02-26T15:11:06.333Z,buy,9.1e-07,247.0,0.00022477
SNGLS/BTC,1582730031504,2020-02-26T15:13:51.504Z,sell,9e-07,160.0,0.000144
SNGLS/BTC,1582730088696,2020-02-26T15:14:48.696Z,buy,9.1e-07,2421.0,0.00220311
SNGLS/BTC,1582730199619,2020-02-26T15:16:39.619Z,sell,9e-07,165.0,0.0001485
SNGLS/BTC,1582730256472,2020-02-26T15:17:36.472Z,buy,9.1e-07,711.0,0.00064701
SNGLS/BTC,1582730354488,2020-02-26T15:19:14.488Z,sell,9e-07,161.0,0.0001449
SNGLS/BTC,1582730423424,2020-02-26T15:20:23.424Z,sell,9e-07,659.0,0.0005930999999999
SNGLS/BTC,1582730437381,2020-02-26T15:20:37.381Z,sell,9e-07,36211.0,0.0325899
SNGLS/BTC,1582730447878,2020-02-26T15:20:47.878Z,buy,9.1e-07,292.0,0.00026572
SNGLS/BTC,1582730506208,2020-02-26T15:21:46.208Z,sell,9e-07,161.0,0.0001449
SNGLS/BTC,1582730665319,2020-02-26T15:24:25.319Z,buy,9.1e-07,168.0,0.0001528799999999
SNGLS/BTC,1582730780604,2020-02-26T15:26:20.604Z,buy,9.1e-07,737.0,0.00067067
SNGLS/BTC,1582730840800,2020-02-26T15:27:20.800Z,sell,9e-07,161.0,0.0001449
SNGLS/BTC,1582730952339,2020-02-26T15:29:12.339Z,sell,9e-07,6688.0,0.0060192
SNGLS/BTC,1582731006485,2020-02-26T15:30:06.485Z,buy,9.1e-07,159.0,0.00014469
SNGLS/BTC,1582731159988,2020-02-26T15:32:39.988Z,sell,9e-07,166.0,0.0001494
SNGLS/BTC,1582731324029,2020-02-26T15:35:24.029Z,buy,9.1e-07,170.0,0.0001547
SNGLS/BTC,1582731385267,2020-02-26T15:36:25.267Z,buy,9.1e-07,995.0,0.0009054499999999
SNGLS/BTC,1582731385267,2020-02-26T15:36:25.267Z,buy,9.1e-07,995.0,0.0009054499999999
SNGLS/BTC,1582731502671,2020-02-26T15:38:22.671Z,sell,9e-07,162.0,0.0001458
SNGLS/BTC,1582731615069,2020-02-26T15:40:15.069Z,sell,9e-07,110000.0,0.0989999999999999
SNGLS/BTC,1582731661398,2020-02-26T15:41:01.398Z,buy,9.1e-07,167.0,0.00015197
SNGLS/BTC,1582731812349,2020-02-26T15:43:32.349Z,sell,9e-07,164.0,0.0001475999999999
SNGLS/BTC,1582731948458,2020-02-26T15:45:48.458Z,buy,9.1e-07,1041.0,0.0009473099999999
SNGLS/BTC,1582731967961,2020-02-26T15:46:07.961Z,sell,9e-07,166.0,0.0001494
SNGLS/BTC,1582732081308,2020-02-26T15:48:01.308Z,sell,9e-07,10169.0,0.0091521
SNGLS/BTC,1582732142694,2020-02-26T15:49:02.694Z,buy,9.1e-07,164.0,0.00014924
SNGLS/BTC,1582732218534,2020-02-26T15:50:18.534Z,buy,9.1e-07,659.0,0.0005996899999999
SNGLS/BTC,1582732296064,2020-02-26T15:51:36.064Z,sell,9e-07,166.0,0.0001494
SNGLS/BTC,1582732453411,2020-02-26T15:54:13.411Z,sell,9e-07,156.0,0.0001404
SNGLS/BTC,1582732507796,2020-02-26T15:55:07.796Z,buy,9.1e-07,949.0,0.00086359
SNGLS/BTC,1582732616101,2020-02-26T15:56:56.101Z,buy,9.1e-07,158.0,0.0001437799999999
SNGLS/BTC,1582732784852,2020-02-26T15:59:44.852Z,sell,9e-07,161.0,0.0001449
SNGLS/BTC,1582732958418,2020-02-26T16:02:38.418Z,buy,9.1e-07,616.0,0.00056056
SNGLS/BTC,1582732962925,2020-02-26T16:02:42.925Z,buy,9.1e-07,160.0,0.0001456
SNGLS/BTC,1582733121610,2020-02-26T16:05:21.610Z,buy,9.1e-07,159.0,0.00014469
SNGLS/BTC,1582733299934,2020-02-26T16:08:19.934Z,sell,9e-07,162.0,0.0001458
SNGLS/BTC,1582733354247,2020-02-26T16:09:14.247Z,sell,9e-07,28758.0,0.0258821999999999
SNGLS/BTC,1582733421656,2020-02-26T16:10:21.656Z,sell,9e-07,659.0,0.0005930999999999
SNGLS/BTC,1582733469585,2020-02-26T16:11:09.585Z,buy,9.1e-07,157.0,0.00014287
SNGLS/BTC,1582733496439,2020-02-26T16:11:36.439Z,sell,9e-07,43846.0,0.0394614
SNGLS/BTC,1582733508133,2020-02-26T16:11:48.133Z,sell,9e-07,122192.0,0.1099728
SNGLS/BTC,1582733615049,2020-02-26T16:13:35.049Z,buy,9.1e-07,30366.0,0.0276330599999999
SNGLS/BTC,1582733621849,2020-02-26T16:13:41.849Z,buy,9.1e-07,2419.0,0.00220129
SNGLS/BTC,1582733625543,2020-02-26T16:13:45.543Z,buy,9.1e-07,5444.0,0.00495404
SNGLS/BTC,1582733631994,2020-02-26T16:13:51.994Z,buy,9.1e-07,1814.0,0.00165074
SNGLS/BTC,1582733633396,2020-02-26T16:13:53.396Z,sell,9e-07,159.0,0.0001430999999999
SNGLS/BTC,1582733644920,2020-02-26T16:14:04.920Z,sell,9e-07,4629.0,0.0041661
SNGLS/BTC,1582733751520,2020-02-26T16:15:51.520Z,buy,9e-07,906.0,0.0008154
SNGLS/BTC,1582733799606,2020-02-26T16:16:39.606Z,buy,9e-07,156.0,0.0001404
SNGLS/BTC,1582733973868,2020-02-26T16:19:33.868Z,sell,8.9e-07,166.0,0.00014774
SNGLS/BTC,1582734146078,2020-02-26T16:22:26.078Z,sell,8.9e-07,160.0,0.0001424
SNGLS/BTC,1582734162770,2020-02-26T16:22:42.770Z,sell,8.9e-07,33384.0,0.0297117599999999
SNGLS/BTC,1582734235043,2020-02-26T16:23:55.043Z,sell,8.9e-07,2073.0,0.0018449699999999
SNGLS/BTC,1582734282870,2020-02-26T16:24:42.870Z,sell,8.9e-07,9455.0,0.00841495
SNGLS/BTC,1582734301143,2020-02-26T16:25:01.143Z,sell,8.9e-07,132.0,0.00011748
SNGLS/BTC,1582734325504,2020-02-26T16:25:25.504Z,sell,8.9e-07,169.0,0.00015041
SNGLS/BTC,1582734381467,2020-02-26T16:26:21.467Z,sell,8.9e-07,4297.0,0.00382433
SNGLS/BTC,1582734486158,2020-02-26T16:28:06.158Z,buy,8.9e-07,508.0,0.00045212
SNGLS/BTC,1582734497026,2020-02-26T16:28:17.026Z,sell,8.8e-07,160.0,0.0001408
SNGLS/BTC,1582734506245,2020-02-26T16:28:26.245Z,sell,8.8e-07,12966.0,0.01141008
SNGLS/BTC,1582734566890,2020-02-26T16:29:26.890Z,buy,8.9e-07,2895.0,0.00257655
SNGLS/BTC,1582734664694,2020-02-26T16:31:04.694Z,sell,8.8e-07,167.0,0.00014696
SNGLS/BTC,1582734818136,2020-02-26T16:33:38.136Z,buy,8.9e-07,168.0,0.00014952
SNGLS/BTC,1582734975460,2020-02-26T16:36:15.460Z,buy,8.9e-07,157.0,0.00013973
SNGLS/BTC,1582734975460,2020-02-26T16:36:15.460Z,buy,8.9e-07,157.0,0.00013973
SNGLS/BTC,1582735014044,2020-02-26T16:36:54.044Z,sell,8.8e-07,8119.0,0.00714472
SNGLS/BTC,1582735141946,2020-02-26T16:39:01.946Z,sell,8.8e-07,373494.0,0.32867472
SNGLS/BTC,1582735154888,2020-02-26T16:39:14.888Z,sell,8.7e-07,170.0,0.0001479
SNGLS/BTC,1582735154888,2020-02-26T16:39:14.888Z,sell,8.7e-07,1309.0,0.00113883
SNGLS/BTC,1582735154888,2020-02-26T16:39:14.888Z,sell,8.7e-07,11588.0,0.01008156
SNGLS/BTC,1582735156310,2020-02-26T16:39:16.310Z,sell,8.7e-07,14916.0,0.01297692
SNGLS/BTC,1582735195980,2020-02-26T16:39:55.980Z,sell,8.7e-07,1234.0,0.00107358
SNGLS/BTC,1582735212182,2020-02-26T16:40:12.182Z,buy,8.8e-07,1058.0,0.00093104
SNGLS/BTC,1582735308731,2020-02-26T16:41:48.731Z,sell,8.7e-07,156.0,0.00013572
SNGLS/BTC,1582735357346,2020-02-26T16:42:37.346Z,sell,8.7e-07,46353.0,0.04032711
SNGLS/BTC,1582735485211,2020-02-26T16:44:45.211Z,sell,8.7e-07,158.0,0.00013746
SNGLS/BTC,1582735606573,2020-02-26T16:46:46.573Z,sell,8.7e-07,4166.0,0.00362442
SNGLS/BTC,1582735651344,2020-02-26T16:47:31.344Z,sell,8.7e-07,8889.0,0.00773343
SNGLS/BTC,1582735653433,2020-02-26T16:47:33.433Z,buy,8.8e-07,169.0,0.00014872
SNGLS/BTC,1582735738941,2020-02-26T16:48:58.941Z,buy,8.8e-07,1136.0,0.00099968
SNGLS/BTC,1582735773505,2020-02-26T16:49:33.505Z,sell,8.7e-07,2596.0,0.00225852
SNGLS/BTC,1582735817541,2020-02-26T16:50:17.541Z,buy,8.8e-07,167.0,0.00014696
SNGLS/BTC,1582735898702,2020-02-26T16:51:38.702Z,sell,8.7e-07,10000.0,0.0087
SNGLS/BTC,1582735953593,2020-02-26T16:52:33.593Z,sell,8.7e-07,4668.0,0.00406116
SNGLS/BTC,1582735961545,2020-02-26T16:52:41.545Z,buy,8.8e-07,894.0,0.00078672
SNGLS/BTC,1582735963597,2020-02-26T16:52:43.597Z,sell,8.7e-07,45229.0,0.03934923
SNGLS/BTC,1582735981122,2020-02-26T16:53:01.122Z,buy,8.8e-07,159.0,0.00013992
SNGLS/BTC,1582736002313,2020-02-26T16:53:22.313Z,buy,8.8e-07,15591.0,0.01372008
SNGLS/BTC,1582736137755,2020-02-26T16:55:37.755Z,buy,8.8e-07,164.0,0.00014432
SNGLS/BTC,1582736299195,2020-02-26T16:58:19.195Z,buy,8.8e-07,166.0,0.00014608
SNGLS/BTC,1582736349732,2020-02-26T16:59:09.732Z,buy,8.8e-07,100.0,8.8e-05
SNGLS/BTC,1582736349964,2020-02-26T16:59:09.964Z,buy,8.8e-07,100.0,8.8e-05
SNGLS/BTC,1582736368142,2020-02-26T16:59:28.142Z,buy,8.8e-07,100.0,8.8e-05
SNGLS/BTC,1582736452973,2020-02-26T17:00:52.973Z,sell,8.7e-07,29468.0,0.02563716
SNGLS/BTC,1582736454553,2020-02-26T17:00:54.553Z,sell,8.7e-07,25.0,2.175e-05
SNGLS/BTC,1582736454615,2020-02-26T17:00:54.615Z,buy,8.7e-07,146.0,0.00012702
SNGLS/BTC,1582736456921,2020-02-26T17:00:56.921Z,buy,8.7e-07,6283.0,0.00546621
SNGLS/BTC,1582736583312,2020-02-26T17:03:03.312Z,sell,8.7e-07,1363.0,0.00118581
SNGLS/BTC,1582736585252,2020-02-26T17:03:05.252Z,sell,8.7e-07,115.0,0.00010005
SNGLS/BTC,1582736608071,2020-02-26T17:03:28.071Z,buy,8.8e-07,165.0,0.0001452
SNGLS/BTC,1582736701707,2020-02-26T17:05:01.707Z,sell,8.6e-07,125690.0,0.1080934
SNGLS/BTC,1582736701707,2020-02-26T17:05:01.707Z,sell,8.5e-07,310201.0,0.26367085
SNGLS/BTC,1582736701707,2020-02-26T17:05:01.707Z,sell,8.5e-07,5153.0,0.00438005
SNGLS/BTC,1582736705694,2020-02-26T17:05:05.694Z,sell,8.6e-07,125.0,0.0001075
SNGLS/BTC,1582736710731,2020-02-26T17:05:10.731Z,sell,8.6e-07,4531.0,0.00389666
SNGLS/BTC,1582736713972,2020-02-26T17:05:13.972Z,sell,8.6e-07,26688.0,0.02295168
SNGLS/BTC,1582736717479,2020-02-26T17:05:17.479Z,sell,8.6e-07,42136.0,0.03623696
SNGLS/BTC,1582736722868,2020-02-26T17:05:22.868Z,buy,8.7e-07,1066.0,0.00092742
SNGLS/BTC,1582736749263,2020-02-26T17:05:49.263Z,buy,8.7e-07,40152.0,0.03493224
SNGLS/BTC,1582736751346,2020-02-26T17:05:51.346Z,sell,8.6e-07,3164.0,0.00272104
SNGLS/BTC,1582736755504,2020-02-26T17:05:55.504Z,buy,8.7e-07,1849.0,0.00160863
SNGLS/BTC,1582736763008,2020-02-26T17:06:03.008Z,sell,8.7e-07,467.0,0.00040629
SNGLS/BTC,1582736763008,2020-02-26T17:06:03.008Z,sell,8.6e-07,19809.0,0.01703574
SNGLS/BTC,1582736769826,2020-02-26T17:06:09.826Z,sell,8.6e-07,169.0,0.00014534
SNGLS/BTC,1582736792161,2020-02-26T17:06:32.161Z,buy,8.7e-07,150.0,0.0001305
SNGLS/BTC,1582736925427,2020-02-26T17:08:45.427Z,sell,8.6e-07,164.0,0.00014104
SNGLS/BTC,1582736943648,2020-02-26T17:09:03.648Z,buy,8.8e-07,100.0,8.8e-05
SNGLS/BTC,1582737026630,2020-02-26T17:10:26.630Z,sell,8.7e-07,6040.0,0.0052548
SNGLS/BTC,1582737033022,2020-02-26T17:10:33.022Z,buy,8.8e-07,494.0,0.00043472
SNGLS/BTC,1582737042379,2020-02-26T17:10:42.379Z,buy,8.8e-07,271.0,0.00023848
SNGLS/BTC,1582737087608,2020-02-26T17:11:27.608Z,buy,8.8e-07,18998.0,0.01671824
SNGLS/BTC,1582737090139,2020-02-26T17:11:30.139Z,sell,8.7e-07,158.0,0.00013746
SNGLS/BTC,1582737149322,2020-02-26T17:12:29.322Z,sell,8.7e-07,3721.0,0.00323727
SNGLS/BTC,1582737268588,2020-02-26T17:14:28.588Z,buy,8.8e-07,164.0,0.00014432
SNGLS/BTC,1582737302625,2020-02-26T17:15:02.625Z,sell,8.7e-07,713.0,0.00062031
SNGLS/BTC,1582737374683,2020-02-26T17:16:14.683Z,buy,8.8e-07,167.0,0.00014696
SNGLS/BTC,1582737443681,2020-02-26T17:17:23.681Z,buy,8.8e-07,161.0,0.00014168
SNGLS/BTC,1582737618199,2020-02-26T17:20:18.199Z,buy,8.7e-07,167.0,0.00014529
SNGLS/BTC,1582737792204,2020-02-26T17:23:12.204Z,sell,8.7e-07,167.0,0.00014529
SNGLS/BTC,1582737970437,2020-02-26T17:26:10.437Z,buy,8.8e-07,158.0,0.00013904
SNGLS/BTC,1582738125855,2020-02-26T17:28:45.855Z,sell,8.6e-07,10150.0,0.008729
SNGLS/BTC,1582738202502,2020-02-26T17:30:02.502Z,sell,8.6e-07,1693.0,0.00145598
SNGLS/BTC,1582738292282,2020-02-26T17:31:32.282Z,sell,8.7e-07,12613.0,0.01097331
SNGLS/BTC,1582738411718,2020-02-26T17:33:31.718Z,sell,8.6e-07,125.0,0.0001075
SNGLS/BTC,1582738460042,2020-02-26T17:34:20.042Z,sell,8.7e-07,11834.0,0.01029558
SNGLS/BTC,1582738501548,2020-02-26T17:35:01.548Z,sell,8.7e-07,314.0,0.00027318
SNGLS/BTC,1582738520313,2020-02-26T17:35:20.313Z,buy,8.8e-07,394.0,0.00034672
SNGLS/BTC,1582738520313,2020-02-26T17:35:20.313Z,buy,8.8e-07,394.0,0.00034672
SNGLS/BTC,1582738893508,2020-02-26T17:41:33.508Z,sell,8.7e-07,54017.0,0.04699479
SNGLS/BTC,1582739075215,2020-02-26T17:44:35.215Z,buy,8.8e-07,624733.0,0.54976504
SNGLS/BTC,1582739077798,2020-02-26T17:44:37.798Z,sell,8.8e-07,6104.0,0.00537152
SNGLS/BTC,1582739079152,2020-02-26T17:44:39.152Z,sell,8.8e-07,6104.0,0.00537152
SNGLS/BTC,1582739082019,2020-02-26T17:44:42.019Z,sell,8.8e-07,6104.0,0.00537152
SNGLS/BTC,1582739082491,2020-02-26T17:44:42.491Z,sell,8.8e-07,6104.0,0.00537152
SNGLS/BTC,1582739182717,2020-02-26T17:46:22.717Z,sell,8.8e-07,537.0,0.00047256
SNGLS/BTC,1582740054440,2020-02-26T18:00:54.440Z,buy,8.8e-07,11950.0,0.010516
SNGLS/BTC,1582740074429,2020-02-26T18:01:14.429Z,buy,8.9e-07,45977.0,0.0409195299999999
SNGLS/BTC,1582740272927,2020-02-26T18:04:32.927Z,buy,8.9e-07,3370.0,0.0029993
SNGLS/BTC,1582741227705,2020-02-26T18:20:27.705Z,buy,8.9e-07,10032.0,0.0089284799999999
SNGLS/BTC,1582741400750,2020-02-26T18:23:20.750Z,buy,8.9e-07,2946.0,0.0026219399999999
SNGLS/BTC,1582741594374,2020-02-26T18:26:34.374Z,buy,8.9e-07,1578.0,0.00140442
SNGLS/BTC,1582741594624,2020-02-26T18:26:34.624Z,buy,8.9e-07,32000.0,0.02848
SNGLS/BTC,1582741595090,2020-02-26T18:26:35.090Z,buy,8.9e-07,58788.0,0.05232132
SNGLS/BTC,1582741618946,2020-02-26T18:26:58.946Z,sell,8.9e-07,7212.0,0.0064186799999999
SNGLS/BTC,1582742114015,2020-02-26T18:35:14.015Z,buy,8.9e-07,119.0,0.00010591
SNGLS/BTC,1582742114015,2020-02-26T18:35:14.015Z,buy,8.9e-07,119.0,0.00010591
SNGLS/BTC,1582742710598,2020-02-26T18:45:10.598Z,buy,8.9e-07,500.0,0.000445
SNGLS/BTC,1582742819718,2020-02-26T18:46:59.718Z,buy,8.9e-07,863.0,0.0007680699999999
SNGLS/BTC,1582742831849,2020-02-26T18:47:11.849Z,sell,8.9e-07,2479.0,0.00220631
SNGLS/BTC,1582743148613,2020-02-26T18:52:28.613Z,buy,8.9e-07,100.0,8.9e-05
SNGLS/BTC,1582743148871,2020-02-26T18:52:28.871Z,buy,8.9e-07,5815.0,0.00517535
SNGLS/BTC,1582743698035,2020-02-26T19:01:38.035Z,buy,9e-07,100.0,8.999999999999999e-05
SNGLS/BTC,1582743870756,2020-02-26T19:04:30.756Z,buy,9e-07,100.0,8.999999999999999e-05
SNGLS/BTC,1582743981603,2020-02-26T19:06:21.603Z,buy,9e-07,3158.0,0.0028422
SNGLS/BTC,1582744001031,2020-02-26T19:06:41.031Z,sell,8.9e-07,1568.0,0.00139552
SNGLS/BTC,1582744016316,2020-02-26T19:06:56.316Z,buy,9e-07,100.0,8.999999999999999e-05
SNGLS/BTC,1582744309224,2020-02-26T19:11:49.224Z,buy,9e-07,1419.0,0.0012771
SNGLS/BTC,1582744316754,2020-02-26T19:11:56.754Z,sell,8.9e-07,34640.0,0.0308296
SNGLS/BTC,1582744406670,2020-02-26T19:13:26.670Z,sell,8.9e-07,7359.0,0.00654951
SNGLS/BTC,1582744767506,2020-02-26T19:19:27.506Z,buy,9e-07,100.0,8.999999999999999e-05
SNGLS/BTC,1582744830329,2020-02-26T19:20:30.329Z,sell,8.9e-07,3104.0,0.00276256
SNGLS/BTC,1582744830329,2020-02-26T19:20:30.329Z,sell,8.8e-07,6106.0,0.00537328
SNGLS/BTC,1582744893196,2020-02-26T19:21:33.196Z,sell,8.8e-07,14601.0,0.01284888
SNGLS/BTC,1582744925797,2020-02-26T19:22:05.797Z,buy,8.9e-07,100.0,8.9e-05
SNGLS/BTC,1582744991305,2020-02-26T19:23:11.305Z,buy,8.9e-07,100.0,8.9e-05
SNGLS/BTC,1582745075012,2020-02-26T19:24:35.012Z,buy,8.9e-07,100.0,8.9e-05
SNGLS/BTC,1582745188831,2020-02-26T19:26:28.831Z,buy,8.9e-07,100.0,8.9e-05
SNGLS/BTC,1582745313293,2020-02-26T19:28:33.293Z,buy,8.9e-07,100.0,8.9e-05
SNGLS/BTC,1582745374378,2020-02-26T19:29:34.378Z,buy,8.9e-07,124.0,0.00011036
SNGLS/BTC,1582745457222,2020-02-26T19:30:57.222Z,buy,8.9e-07,200.0,0.000178
SNGLS/BTC,1582745649166,2020-02-26T19:34:09.166Z,buy,8.9e-07,224.0,0.00019936
SNGLS/BTC,1582745649166,2020-02-26T19:34:09.166Z,buy,8.9e-07,224.0,0.00019936
SNGLS/BTC,1582745736577,2020-02-26T19:35:36.577Z,buy,8.9e-07,116.0,0.00010324
SNGLS/BTC,1582746111495,2020-02-26T19:41:51.495Z,buy,8.9e-07,106.0,9.434e-05
SNGLS/BTC,1582746515101,2020-02-26T19:48:35.101Z,buy,8.9e-07,1391.0,0.00123799
SNGLS/BTC,1582746642630,2020-02-26T19:50:42.630Z,buy,8.9e-07,146.0,0.00012994
SNGLS/BTC,1582747120846,2020-02-26T19:58:40.846Z,buy,8.9e-07,215.0,0.00019135
SNGLS/BTC,1582747484638,2020-02-26T20:04:44.638Z,buy,8.9e-07,3010.0,0.0026788999999999
SNGLS/BTC,1582747845427,2020-02-26T20:10:45.427Z,buy,8.9e-07,74.0,6.586e-05
SNGLS/BTC,1582747845427,2020-02-26T20:10:45.427Z,buy,9e-07,26.0,2.34e-05
SNGLS/BTC,1582747856147,2020-02-26T20:10:56.147Z,buy,9e-07,100.0,8.999999999999999e-05
SNGLS/BTC,1582748172666,2020-02-26T20:16:12.666Z,buy,9e-07,532.0,0.0004788
SNGLS/BTC,1582748196364,2020-02-26T20:16:36.364Z,buy,9e-07,15488.0,0.0139391999999999
SNGLS/BTC,1582748354040,2020-02-26T20:19:14.040Z,buy,9e-07,54334.0,0.0489005999999999
SNGLS/BTC,1582748376645,2020-02-26T20:19:36.645Z,buy,8.9e-07,6176.0,0.00549664
SNGLS/BTC,1582748677663,2020-02-26T20:24:37.663Z,buy,9e-07,2385.0,0.0021465
SNGLS/BTC,1582748924543,2020-02-26T20:28:44.543Z,sell,8.9e-07,258.0,0.00022962
SNGLS/BTC,1582748924543,2020-02-26T20:28:44.543Z,sell,8.8e-07,64.0,5.632e-05
SNGLS/BTC,1582748933049,2020-02-26T20:28:53.049Z,buy,9e-07,100.0,8.999999999999999e-05
SNGLS/BTC,1582749103246,2020-02-26T20:31:43.246Z,sell,8.9e-07,1235.0,0.00109915
SNGLS/BTC,1582749103246,2020-02-26T20:31:43.246Z,sell,8.9e-07,1235.0,0.00109915
SNGLS/BTC,1582749275027,2020-02-26T20:34:35.027Z,buy,9e-07,100.0,8.999999999999999e-05
SNGLS/BTC,1582749304856,2020-02-26T20:35:04.856Z,buy,9e-07,445.0,0.0004005
SNGLS/BTC,1582750630504,2020-02-26T20:57:10.504Z,buy,9e-07,538.0,0.0004841999999999
SNGLS/BTC,1582750630717,2020-02-26T20:57:10.717Z,buy,9e-07,521.0,0.0004688999999999
SNGLS/BTC,1582750665901,2020-02-26T20:57:45.901Z,sell,8.9e-07,1460.0,0.0012994
SNGLS/BTC,1582750667777,2020-02-26T20:57:47.777Z,buy,9e-07,445.0,0.0004005
SNGLS/BTC,1582750821211,2020-02-26T21:00:21.211Z,buy,9e-07,8241.0,0.0074169
SNGLS/BTC,1582751286617,2020-02-26T21:08:06.617Z,sell,8.9e-07,2011.0,0.0017897899999999
SNGLS/BTC,1582751365224,2020-02-26T21:09:25.224Z,sell,8.9e-07,1998.0,0.0017782199999999
SNGLS/BTC,1582751422875,2020-02-26T21:10:22.875Z,sell,8.9e-07,689.0,0.00061321
SNGLS/BTC,1582751716537,2020-02-26T21:15:16.537Z,buy,9e-07,100.0,8.999999999999999e-05
SNGLS/BTC,1582751931928,2020-02-26T21:18:51.928Z,buy,9e-07,9618.0,0.0086562
SNGLS/BTC,1582752585428,2020-02-26T21:29:45.428Z,buy,9.1e-07,23.0,2.093e-05
SNGLS/BTC,1582752585428,2020-02-26T21:29:45.428Z,buy,9.1e-07,23.0,2.093e-05
SNGLS/BTC,1582752903772,2020-02-26T21:35:03.772Z,sell,9e-07,347.0,0.0003123
SNGLS/BTC,1582753022525,2020-02-26T21:37:02.525Z,sell,9e-07,3886.0,0.0034974
SNGLS/BTC,1582753022538,2020-02-26T21:37:02.538Z,sell,9e-07,16456.0,0.0148104
SNGLS/BTC,1582753028012,2020-02-26T21:37:08.012Z,buy,9e-07,100.0,8.999999999999999e-05
SNGLS/BTC,1582753035727,2020-02-26T21:37:15.727Z,buy,9e-07,427.0,0.0003842999999999
SNGLS/BTC,1582753035727,2020-02-26T21:37:15.727Z,buy,9.1e-07,73.0,6.643e-05
SNGLS/BTC,1582753061827,2020-02-26T21:37:41.827Z,sell,8.9e-07,3977.0,0.00353953
SNGLS/BTC,1582753141748,2020-02-26T21:39:01.748Z,buy,9e-07,100.0,8.999999999999999e-05
SNGLS/BTC,1582753222977,2020-02-26T21:40:22.977Z,sell,8.9e-07,666.0,0.00059274
SNGLS/BTC,1582753333248,2020-02-26T21:42:13.248Z,buy,9e-07,160.0,0.000144
SNGLS/BTC,1582753735086,2020-02-26T21:48:55.086Z,buy,9e-07,158.0,0.0001422
SNGLS/BTC,1582755675481,2020-02-26T22:21:15.481Z,sell,8.9e-07,24438.0,0.02174982
SNGLS/BTC,1582755971035,2020-02-26T22:26:11.035Z,sell,8.9e-07,4761.0,0.0042372899999999
SNGLS/BTC,1582755972432,2020-02-26T22:26:12.432Z,buy,9.1e-07,511.0,0.0004650099999999
SNGLS/BTC,1582755972432,2020-02-26T22:26:12.432Z,buy,9.1e-07,511.0,0.0004650099999999
SNGLS/BTC,1582756196105,2020-02-26T22:29:56.105Z,buy,9e-07,511.0,0.0004598999999999
SNGLS/BTC,1582756215950,2020-02-26T22:30:15.950Z,sell,8.9e-07,1460.0,0.0012994
SNGLS/BTC,1582756217846,2020-02-26T22:30:17.846Z,sell,9e-07,666.0,0.0005993999999999
SNGLS/BTC,1582759104813,2020-02-26T23:18:24.813Z,sell,8.9e-07,2330.0,0.0020737
SNGLS/BTC,1582759104813,2020-02-26T23:18:24.813Z,sell,8.9e-07,2330.0,0.0020737
SNGLS/BTC,1582759696438,2020-02-26T23:28:16.438Z,buy,9e-07,100.0,8.999999999999999e-05
SNGLS/BTC,1582760121366,2020-02-26T23:35:21.366Z,buy,9e-07,142.0,0.0001278
SNGLS/BTC,1582760413934,2020-02-26T23:40:13.934Z,sell,8.9e-07,237.0,0.00021093
SNGLS/BTC,1582760534485,2020-02-26T23:42:14.485Z,sell,8.9e-07,3098.0,0.00275722
SNGLS/BTC,1582760661008,2020-02-26T23:44:21.008Z,sell,8.9e-07,1601.0,0.0014248899999999
SNGLS/BTC,1582760979014,2020-02-26T23:49:39.014Z,buy,9e-07,100.0,8.999999999999999e-05
SNGLS/BTC,1582761659492,2020-02-27T00:00:59.492Z,sell,8.9e-07,68289.0,0.06077721
SNGLS/BTC,1582761925058,2020-02-27T00:05:25.058Z,sell,8.9e-07,7960.0,0.0070843999999999
SNGLS/BTC,1582762222927,2020-02-27T00:10:22.927Z,sell,8.8e-07,666.0,0.00058608
SNGLS/BTC,1582762501686,2020-02-27T00:15:01.686Z,buy,8.9e-07,134.0,0.0001192599999999
SNGLS/BTC,1582762506919,2020-02-27T00:15:06.919Z,buy,8.9e-07,100.0,8.9e-05
SNGLS/BTC,1582762506919,2020-02-27T00:15:06.919Z,buy,8.9e-07,100.0,8.9e-05
SNGLS/BTC,1582763707619,2020-02-27T00:35:07.619Z,sell,8.8e-07,128.0,0.00011264
SNGLS/BTC,1582764078097,2020-02-27T00:41:18.097Z,buy,8.9e-07,100.0,8.9e-05
SNGLS/BTC,1582765223297,2020-02-27T01:00:23.297Z,buy,8.9e-07,674.0,0.00059986
SNGLS/BTC,1582765822554,2020-02-27T01:10:22.554Z,sell,8.8e-07,674.0,0.00059312
SNGLS/BTC,1582765822554,2020-02-27T01:10:22.554Z,sell,8.8e-07,674.0,0.00059312
SNGLS/BTC,1582766131200,2020-02-27T01:15:31.200Z,sell,8.8e-07,625.0,0.00055
SNGLS/BTC,1582766154790,2020-02-27T01:15:54.790Z,buy,8.9e-07,100.0,8.9e-05
SNGLS/BTC,1582766705896,2020-02-27T01:25:05.896Z,sell,8.8e-07,174.0,0.00015312
SNGLS/BTC,1582768788581,2020-02-27T01:59:48.581Z,buy,8.9e-07,284137.0,0.25288193
SNGLS/BTC,1582768902675,2020-02-27T02:01:42.675Z,buy,9e-07,100.0,8.999999999999999e-05
SNGLS/BTC,1582768902675,2020-02-27T02:01:42.675Z,buy,9e-07,100.0,8.999999999999999e-05
SNGLS/BTC,1582769717303,2020-02-27T02:15:17.303Z,buy,9e-07,100.0,8.999999999999999e-05
SNGLS/BTC,1582769930164,2020-02-27T02:18:50.164Z,buy,9e-07,159.0,0.0001430999999999
SNGLS/BTC,1582771653787,2020-02-27T02:47:33.787Z,buy,9e-07,154.0,0.0001385999999999
SNGLS/BTC,1582771663924,2020-02-27T02:47:43.924Z,buy,9e-07,116.0,0.0001043999999999
SNGLS/BTC,1582771955030,2020-02-27T02:52:35.030Z,buy,9e-07,140.0,0.000126
SNGLS/BTC,1582771975738,2020-02-27T02:52:55.738Z,sell,8.9e-07,155.0,0.00013795
SNGLS/BTC,1582772168310,2020-02-27T02:56:08.310Z,buy,9e-07,132.0,0.0001188
SNGLS/BTC,1582772346318,2020-02-27T02:59:06.318Z,buy,9e-07,125.0,0.0001125
SNGLS/BTC,1582772446879,2020-02-27T03:00:46.879Z,buy,9e-07,32828.0,0.0295451999999999
SNGLS/BTC,1582772446879,2020-02-27T03:00:46.879Z,buy,9e-07,32828.0,0.0295451999999999
