symbol,timestamp,datetime,side,price,amount,btc_volume
SNGLS/BTC,1532271614024,2018-07-22T15:00:14.024Z,buy,4.99e-06,1459.0,0.0072804099999999
SNGLS/BTC,1532271649380,2018-07-22T15:00:49.380Z,sell,4.99e-06,3251.0,0.01622249
SNGLS/BTC,1532271688124,2018-07-22T15:01:28.124Z,sell,4.97e-06,204.0,0.00101388
SNGLS/BTC,1532271961966,2018-07-22T15:06:01.966Z,sell,4.97e-06,1064.0,0.00528808
SNGLS/BTC,1532271961966,2018-07-22T15:06:01.966Z,sell,4.96e-06,205.0,0.0010168
SNGLS/BTC,1532271981748,2018-07-22T15:06:21.748Z,sell,4.96e-06,2342.0,0.01161632
SNGLS/BTC,1532271985684,2018-07-22T15:06:25.684Z,buy,4.99e-06,1462.0,0.00729538
SNGLS/BTC,1532271985684,2018-07-22T15:06:25.684Z,buy,5e-06,3438.0,0.01719
SNGLS/BTC,1532271997651,2018-07-22T15:06:37.651Z,buy,5e-06,83.0,0.000415
SNGLS/BTC,1532272079530,2018-07-22T15:07:59.530Z,sell,4.98e-06,204.0,0.00101592
SNGLS/BTC,1532272321398,2018-07-22T15:12:01.398Z,buy,4.97e-06,1.0,4.97e-06
SNGLS/BTC,1532272747983,2018-07-22T15:19:07.983Z,sell,4.96e-06,826.0,0.00409696
SNGLS/BTC,1532272747983,2018-07-22T15:19:07.983Z,sell,4.95e-06,1174.0,0.0058113
SNGLS/BTC,1532272855028,2018-07-22T15:20:55.028Z,sell,4.95e-06,205.0,0.00101475
SNGLS/BTC,1532273029889,2018-07-22T15:23:49.889Z,sell,4.95e-06,20.0,9.9e-05
SNGLS/BTC,1532273387718,2018-07-22T15:29:47.718Z,buy,4.97e-06,9.0,4.473e-05
SNGLS/BTC,1532273753657,2018-07-22T15:35:53.657Z,buy,4.97e-06,2898.0,0.0144030599999999
SNGLS/BTC,1532273905234,2018-07-22T15:38:25.234Z,sell,4.96e-06,1460.0,0.0072416
SNGLS/BTC,1532273963475,2018-07-22T15:39:23.475Z,buy,4.97e-06,2368.0,0.01176896
SNGLS/BTC,1532274251296,2018-07-22T15:44:11.296Z,buy,4.97e-06,2012.0,0.0099996399999999
SNGLS/BTC,1532274574105,2018-07-22T15:49:34.105Z,sell,4.96e-06,2272.0,0.01126912
SNGLS/BTC,1532274737654,2018-07-22T15:52:17.654Z,sell,4.96e-06,908.0,0.00450368
SNGLS/BTC,1532274782244,2018-07-22T15:53:02.244Z,buy,4.98e-06,3.0,1.494e-05
SNGLS/BTC,1532275034030,2018-07-22T15:57:14.030Z,buy,4.97e-06,1.0,4.97e-06
SNGLS/BTC,1532275036148,2018-07-22T15:57:16.148Z,buy,4.97e-06,1.0,4.97e-06
SNGLS/BTC,1532275079045,2018-07-22T15:57:59.045Z,sell,4.96e-06,465.0,0.0023064
SNGLS/BTC,1532275079045,2018-07-22T15:57:59.045Z,sell,4.95e-06,687.0,0.00340065
SNGLS/BTC,1532275084782,2018-07-22T15:58:04.782Z,sell,4.95e-06,1150.0,0.0056925
SNGLS/BTC,1532275132924,2018-07-22T15:58:52.924Z,sell,4.95e-06,300.0,0.001485
SNGLS/BTC,1532275132924,2018-07-22T15:58:52.924Z,sell,4.95e-06,300.0,0.001485
SNGLS/BTC,1532275200696,2018-07-22T16:00:00.696Z,buy,4.97e-06,13.0,6.460999999999999e-05
SNGLS/BTC,1532275286442,2018-07-22T16:01:26.442Z,sell,4.95e-06,2303.0,0.01139985
SNGLS/BTC,1532275804317,2018-07-22T16:10:04.317Z,buy,4.96e-06,2.0,9.92e-06
SNGLS/BTC,1532275950579,2018-07-22T16:12:30.579Z,sell,4.95e-06,270.0,0.0013365
SNGLS/BTC,1532276453960,2018-07-22T16:20:53.960Z,sell,4.95e-06,1972.0,0.0097614
SNGLS/BTC,1532276523366,2018-07-22T16:22:03.366Z,sell,4.95e-06,1193.0,0.00590535
SNGLS/BTC,1532276533135,2018-07-22T16:22:13.135Z,buy,4.94e-06,1906.0,0.00941564
SNGLS/BTC,1532276633029,2018-07-22T16:23:53.029Z,sell,4.93e-06,1935.0,0.00953955
SNGLS/BTC,1532276653403,2018-07-22T16:24:13.403Z,sell,4.93e-06,270.0,0.0013311
SNGLS/BTC,1532276680512,2018-07-22T16:24:40.512Z,buy,4.94e-06,1.0,4.94e-06
SNGLS/BTC,1532276688455,2018-07-22T16:24:48.455Z,buy,4.94e-06,926.0,0.00457444
SNGLS/BTC,1532276688455,2018-07-22T16:24:48.455Z,buy,4.95e-06,1098.0,0.0054351
SNGLS/BTC,1532276718455,2018-07-22T16:25:18.455Z,sell,4.93e-06,205.0,0.00101065
SNGLS/BTC,1532276725110,2018-07-22T16:25:25.110Z,buy,4.95e-06,1.0,4.95e-06
SNGLS/BTC,1532276815605,2018-07-22T16:26:55.605Z,buy,4.95e-06,174.0,0.0008613
SNGLS/BTC,1532276902005,2018-07-22T16:28:22.005Z,buy,4.96e-06,5.0,2.48e-05
SNGLS/BTC,1532276944274,2018-07-22T16:29:04.274Z,buy,4.96e-06,200.0,0.000992
SNGLS/BTC,1532278202273,2018-07-22T16:50:02.273Z,sell,4.96e-06,277.0,0.00137392
SNGLS/BTC,1532278425695,2018-07-22T16:53:45.695Z,buy,4.96e-06,4862.0,0.02411552
SNGLS/BTC,1532278435232,2018-07-22T16:53:55.232Z,buy,4.96e-06,3.0,1.488e-05
SNGLS/BTC,1532278613353,2018-07-22T16:56:53.353Z,buy,4.96e-06,100.0,0.000496
SNGLS/BTC,1532278643756,2018-07-22T16:57:23.756Z,sell,4.94e-06,1205.0,0.0059527
SNGLS/BTC,1532278646809,2018-07-22T16:57:26.809Z,sell,4.94e-06,375.0,0.0018525
SNGLS/BTC,1532278660720,2018-07-22T16:57:40.720Z,buy,4.94e-06,686.0,0.00338884
SNGLS/BTC,1532278676328,2018-07-22T16:57:56.328Z,sell,4.93e-06,2197.0,0.01083121
SNGLS/BTC,1532278676328,2018-07-22T16:57:56.328Z,sell,4.93e-06,2197.0,0.01083121
SNGLS/BTC,1532278782957,2018-07-22T16:59:42.957Z,buy,4.93e-06,5.0,2.4650000000000003e-05
SNGLS/BTC,1532278793996,2018-07-22T16:59:53.996Z,sell,4.92e-06,1442.0,0.00709464
SNGLS/BTC,1532278793996,2018-07-22T16:59:53.996Z,sell,4.91e-06,12160.0,0.0597056
SNGLS/BTC,1532278798194,2018-07-22T16:59:58.194Z,sell,4.9e-06,1074.0,0.0052625999999999
SNGLS/BTC,1532278799052,2018-07-22T16:59:59.052Z,buy,4.91e-06,407.0,0.0019983699999999
SNGLS/BTC,1532278801333,2018-07-22T17:00:01.333Z,buy,4.91e-06,1612.0,0.0079149199999999
SNGLS/BTC,1532278822444,2018-07-22T17:00:22.444Z,sell,4.91e-06,777.0,0.00381507
SNGLS/BTC,1532278822444,2018-07-22T17:00:22.444Z,sell,4.9e-06,20748.0,0.1016652
SNGLS/BTC,1532278895276,2018-07-22T17:01:35.276Z,sell,4.91e-06,207.0,0.00101637
SNGLS/BTC,1532279102611,2018-07-22T17:05:02.611Z,sell,4.91e-06,16011.0,0.07861401
SNGLS/BTC,1532279102633,2018-07-22T17:05:02.633Z,buy,4.91e-06,16000.0,0.0785599999999999
SNGLS/BTC,1532279125290,2018-07-22T17:05:25.290Z,buy,4.91e-06,511.0,0.00250901
SNGLS/BTC,1532279158140,2018-07-22T17:05:58.140Z,buy,4.91e-06,1258.0,0.00617678
SNGLS/BTC,1532279174675,2018-07-22T17:06:14.675Z,buy,4.92e-06,1193.0,0.00586956
SNGLS/BTC,1532279202521,2018-07-22T17:06:42.521Z,sell,4.92e-06,685.0,0.0033702
SNGLS/BTC,1532279203591,2018-07-22T17:06:43.591Z,buy,4.93e-06,206.0,0.00101558
SNGLS/BTC,1532279203591,2018-07-22T17:06:43.591Z,buy,4.94e-06,1822.0,0.00900068
SNGLS/BTC,1532279393192,2018-07-22T17:09:53.192Z,buy,4.94e-06,2.0,9.88e-06
SNGLS/BTC,1532279548356,2018-07-22T17:12:28.356Z,buy,4.94e-06,276.0,0.00136344
SNGLS/BTC,1532279736016,2018-07-22T17:15:36.016Z,buy,4.94e-06,1154.0,0.00570076
SNGLS/BTC,1532279736045,2018-07-22T17:15:36.045Z,sell,4.94e-06,311.0,0.00153634
SNGLS/BTC,1532279959774,2018-07-22T17:19:19.774Z,buy,4.95e-06,3591.0,0.01777545
SNGLS/BTC,1532279970816,2018-07-22T17:19:30.816Z,buy,4.95e-06,3633.0,0.01798335
SNGLS/BTC,1532279970816,2018-07-22T17:19:30.816Z,buy,4.96e-06,15396.0,0.07636416
SNGLS/BTC,1532279970864,2018-07-22T17:19:30.864Z,sell,4.96e-06,2064.0,0.01023744
SNGLS/BTC,1532279983405,2018-07-22T17:19:43.405Z,sell,4.96e-06,56.0,0.00027776
SNGLS/BTC,1532279998443,2018-07-22T17:19:58.443Z,sell,4.95e-06,351.0,0.00173745
SNGLS/BTC,1532280011872,2018-07-22T17:20:11.872Z,sell,4.95e-06,671.0,0.00332145
SNGLS/BTC,1532280046132,2018-07-22T17:20:46.132Z,sell,4.95e-06,251.0,0.00124245
SNGLS/BTC,1532280053291,2018-07-22T17:20:53.291Z,buy,4.95e-06,313.0,0.00154935
SNGLS/BTC,1532280142834,2018-07-22T17:22:22.834Z,buy,4.95e-06,1220.0,0.006039
SNGLS/BTC,1532280419163,2018-07-22T17:26:59.163Z,sell,4.95e-06,5.0,2.475e-05
SNGLS/BTC,1532280601032,2018-07-22T17:30:01.032Z,sell,4.95e-06,1859.0,0.00920205
SNGLS/BTC,1532280601403,2018-07-22T17:30:01.403Z,sell,4.95e-06,561.0,0.00277695
SNGLS/BTC,1532280916563,2018-07-22T17:35:16.563Z,buy,4.97e-06,157.0,0.00078029
SNGLS/BTC,1532281212321,2018-07-22T17:40:12.321Z,sell,4.96e-06,2520.0,0.0124992
SNGLS/BTC,1532281272906,2018-07-22T17:41:12.906Z,buy,4.96e-06,2016.0,0.00999936
SNGLS/BTC,1532281272906,2018-07-22T17:41:12.906Z,buy,4.96e-06,2016.0,0.00999936
SNGLS/BTC,1532282379632,2018-07-22T17:59:39.632Z,sell,4.94e-06,4.0,1.976e-05
SNGLS/BTC,1532282390841,2018-07-22T17:59:50.841Z,sell,4.94e-06,300.0,0.001482
SNGLS/BTC,1532282390841,2018-07-22T17:59:50.841Z,sell,4.93e-06,1484.0,0.00731612
SNGLS/BTC,1532282390841,2018-07-22T17:59:50.841Z,sell,4.92e-06,1604.0,0.00789168
SNGLS/BTC,1532282390841,2018-07-22T17:59:50.841Z,sell,4.91e-06,207.0,0.00101637
SNGLS/BTC,1532282390841,2018-07-22T17:59:50.841Z,sell,4.9e-06,20480.0,0.100352
SNGLS/BTC,1532282390859,2018-07-22T17:59:50.859Z,buy,4.9e-06,1799.0,0.0088151
SNGLS/BTC,1532282390871,2018-07-22T17:59:50.871Z,buy,4.9e-06,1799.0,0.0088151
SNGLS/BTC,1532282390873,2018-07-22T17:59:50.873Z,buy,4.9e-06,1803.0,0.0088347
SNGLS/BTC,1532282390895,2018-07-22T17:59:50.895Z,sell,4.89e-06,1489.0,0.00728121
SNGLS/BTC,1532282395533,2018-07-22T17:59:55.533Z,buy,4.9e-06,408.0,0.0019992
SNGLS/BTC,1532282396128,2018-07-22T17:59:56.128Z,buy,4.9e-06,5826.0,0.0285473999999999
SNGLS/BTC,1532282411116,2018-07-22T18:00:11.116Z,buy,4.9e-06,771.0,0.0037779
SNGLS/BTC,1532282446299,2018-07-22T18:00:46.299Z,buy,4.9e-06,278.0,0.0013621999999999
SNGLS/BTC,1532282469992,2018-07-22T18:01:09.992Z,buy,4.9e-06,11.0,5.39e-05
SNGLS/BTC,1532282511571,2018-07-22T18:01:51.571Z,sell,4.89e-06,32.0,0.00015648
SNGLS/BTC,1532282511571,2018-07-22T18:01:51.571Z,sell,4.88e-06,2931.0,0.01430328
SNGLS/BTC,1532282511571,2018-07-22T18:01:51.571Z,sell,4.87e-06,2325.0,0.01132275
SNGLS/BTC,1532282511571,2018-07-22T18:01:51.571Z,sell,4.86e-06,10239.0,0.04976154
SNGLS/BTC,1532282511585,2018-07-22T18:01:51.585Z,buy,4.86e-06,2723.0,0.01323378
SNGLS/BTC,1532282511594,2018-07-22T18:01:51.594Z,buy,4.86e-06,2723.0,0.01323378
SNGLS/BTC,1532282511597,2018-07-22T18:01:51.597Z,buy,4.86e-06,2723.0,0.01323378
SNGLS/BTC,1532282511607,2018-07-22T18:01:51.607Z,buy,4.86e-06,2723.0,0.01323378
SNGLS/BTC,1532282511607,2018-07-22T18:01:51.607Z,buy,4.86e-06,21040.0,0.1022544
SNGLS/BTC,1532282511610,2018-07-22T18:01:51.610Z,buy,4.87e-06,2723.0,0.01326101
SNGLS/BTC,1532282511618,2018-07-22T18:01:51.618Z,sell,4.85e-06,5446.0,0.0264131
SNGLS/BTC,1532282512245,2018-07-22T18:01:52.245Z,buy,4.9e-06,808.0,0.0039591999999999
SNGLS/BTC,1532282512834,2018-07-22T18:01:52.834Z,sell,4.9e-06,411.0,0.0020139
SNGLS/BTC,1532282513396,2018-07-22T18:01:53.396Z,sell,4.9e-06,208.0,0.0010191999999999
SNGLS/BTC,1532282539106,2018-07-22T18:02:19.106Z,buy,4.92e-06,559.0,0.00275028
SNGLS/BTC,1532282539106,2018-07-22T18:02:19.106Z,buy,4.93e-06,206.0,0.00101558
SNGLS/BTC,1532282539106,2018-07-22T18:02:19.106Z,buy,4.94e-06,1606.0,0.00793364
SNGLS/BTC,1532282539106,2018-07-22T18:02:19.106Z,buy,4.95e-06,6980.0,0.034551
SNGLS/BTC,1532282539106,2018-07-22T18:02:19.106Z,buy,4.96e-06,4649.0,0.02305904
SNGLS/BTC,1532282539106,2018-07-22T18:02:19.106Z,buy,4.97e-06,323.0,0.00160531
SNGLS/BTC,1532282539106,2018-07-22T18:02:19.106Z,buy,4.98e-06,202.0,0.00100596
SNGLS/BTC,1532282539106,2018-07-22T18:02:19.106Z,buy,4.99e-06,205.0,0.00102295
SNGLS/BTC,1532282539106,2018-07-22T18:02:19.106Z,buy,5e-06,1630.0,0.00815
SNGLS/BTC,1532282539106,2018-07-22T18:02:19.106Z,buy,5.02e-06,203.0,0.00101906
SNGLS/BTC,1532282539106,2018-07-22T18:02:19.106Z,buy,5.03e-06,203.0,0.00102109
SNGLS/BTC,1532282539106,2018-07-22T18:02:19.106Z,buy,5.04e-06,5000.0,0.0252
SNGLS/BTC,1532282539106,2018-07-22T18:02:19.106Z,buy,5.05e-06,201.0,0.00101505
SNGLS/BTC,1532282539106,2018-07-22T18:02:19.106Z,buy,5.06e-06,444.0,0.00224664
SNGLS/BTC,1532282539106,2018-07-22T18:02:19.106Z,buy,5.07e-06,761.0,0.00385827
SNGLS/BTC,1532282539724,2018-07-22T18:02:19.724Z,sell,5.01e-06,395.0,0.00197895
SNGLS/BTC,1532282540392,2018-07-22T18:02:20.392Z,sell,4.99e-06,396.0,0.0019760399999999
SNGLS/BTC,1532282549766,2018-07-22T18:02:29.766Z,sell,4.94e-06,408.0,0.00201552
SNGLS/BTC,1532282556786,2018-07-22T18:02:36.786Z,sell,4.93e-06,206.0,0.00101558
SNGLS/BTC,1532282558292,2018-07-22T18:02:38.292Z,buy,4.93e-06,190.0,0.0009367
SNGLS/BTC,1532282558292,2018-07-22T18:02:38.292Z,buy,4.94e-06,15.0,7.41e-05
SNGLS/BTC,1532282559093,2018-07-22T18:02:39.093Z,buy,4.93e-06,408.0,0.00201144
SNGLS/BTC,1532282559217,2018-07-22T18:02:39.217Z,sell,4.93e-06,267.0,0.00131631
SNGLS/BTC,1532282559217,2018-07-22T18:02:39.217Z,sell,4.92e-06,113.0,0.00055596
SNGLS/BTC,1532282562349,2018-07-22T18:02:42.349Z,sell,4.96e-06,205.0,0.0010168
SNGLS/BTC,1532282566830,2018-07-22T18:02:46.830Z,buy,4.96e-06,204.0,0.00101184
SNGLS/BTC,1532282571778,2018-07-22T18:02:51.778Z,buy,4.96e-06,2.0,9.92e-06
SNGLS/BTC,1532282571778,2018-07-22T18:02:51.778Z,buy,4.98e-06,202.0,0.00100596
SNGLS/BTC,1532282574369,2018-07-22T18:02:54.369Z,buy,4.98e-06,1.0,4.98e-06
SNGLS/BTC,1532282574369,2018-07-22T18:02:54.369Z,buy,4.99e-06,202.0,0.00100798
SNGLS/BTC,1532282576610,2018-07-22T18:02:56.610Z,sell,4.96e-06,432.0,0.00214272
SNGLS/BTC,1532282577568,2018-07-22T18:02:57.568Z,buy,4.99e-06,202.0,0.00100798
SNGLS/BTC,1532282580401,2018-07-22T18:03:00.401Z,buy,4.98e-06,202.0,0.00100596
SNGLS/BTC,1532282581546,2018-07-22T18:03:01.546Z,buy,4.98e-06,230.0,0.0011454
SNGLS/BTC,1532282581590,2018-07-22T18:03:01.590Z,sell,4.98e-06,219.0,0.00109062
SNGLS/BTC,1532282585350,2018-07-22T18:03:05.350Z,sell,4.96e-06,887.0,0.00439952
SNGLS/BTC,1532282586033,2018-07-22T18:03:06.033Z,sell,4.97e-06,453.0,0.00225141
SNGLS/BTC,1532282587644,2018-07-22T18:03:07.644Z,sell,4.97e-06,205.0,0.00101885
SNGLS/BTC,1532282589716,2018-07-22T18:03:09.716Z,sell,4.97e-06,278.0,0.00138166
SNGLS/BTC,1532282591452,2018-07-22T18:03:11.452Z,sell,4.97e-06,204.0,0.00101388
SNGLS/BTC,1532282608432,2018-07-22T18:03:28.432Z,buy,4.97e-06,1.0,4.97e-06
SNGLS/BTC,1532282669660,2018-07-22T18:04:29.660Z,sell,4.95e-06,205.0,0.00101475
SNGLS/BTC,1532282710079,2018-07-22T18:05:10.079Z,sell,4.95e-06,691.0,0.00342045
SNGLS/BTC,1532282854339,2018-07-22T18:07:34.339Z,sell,4.94e-06,203.0,0.00100282
SNGLS/BTC,1532282854339,2018-07-22T18:07:34.339Z,sell,4.93e-06,206.0,0.00101558
SNGLS/BTC,1532282854339,2018-07-22T18:07:34.339Z,sell,4.92e-06,13850.0,0.068142
SNGLS/BTC,1532282965105,2018-07-22T18:09:25.105Z,sell,4.91e-06,207.0,0.00101637
SNGLS/BTC,1532282965105,2018-07-22T18:09:25.105Z,sell,4.9e-06,9070.0,0.0444429999999999
SNGLS/BTC,1532282967373,2018-07-22T18:09:27.373Z,sell,4.89e-06,449.0,0.0021956099999999
SNGLS/BTC,1532282971655,2018-07-22T18:09:31.655Z,sell,4.89e-06,207.0,0.00101223
SNGLS/BTC,1532282974116,2018-07-22T18:09:34.116Z,buy,4.9e-06,408.0,0.0019992
SNGLS/BTC,1532282979418,2018-07-22T18:09:39.418Z,buy,4.9e-06,3.0,1.4699999999999998e-05
SNGLS/BTC,1532282981376,2018-07-22T18:09:41.376Z,sell,4.89e-06,1830.0,0.0089487
SNGLS/BTC,1532283003287,2018-07-22T18:10:03.287Z,buy,4.9e-06,428.0,0.0020972
SNGLS/BTC,1532283014280,2018-07-22T18:10:14.280Z,buy,4.9e-06,578.0,0.0028322
SNGLS/BTC,1532283060486,2018-07-22T18:11:00.486Z,sell,4.9e-06,144.0,0.0007055999999999
SNGLS/BTC,1532283061161,2018-07-22T18:11:01.161Z,buy,4.89e-06,63.0,0.0003080699999999
SNGLS/BTC,1532283179023,2018-07-22T18:12:59.023Z,sell,4.9e-06,2434.0,0.0119265999999999
SNGLS/BTC,1532283179023,2018-07-22T18:12:59.023Z,sell,4.89e-06,677.0,0.00331053
SNGLS/BTC,1532283183698,2018-07-22T18:13:03.698Z,buy,4.89e-06,990.0,0.0048411
SNGLS/BTC,1532283188391,2018-07-22T18:13:08.391Z,buy,4.89e-06,627.0,0.00306603
SNGLS/BTC,1532283203215,2018-07-22T18:13:23.215Z,sell,4.88e-06,1645.0,0.0080276
SNGLS/BTC,1532283204869,2018-07-22T18:13:24.869Z,buy,4.88e-06,2003.0,0.00977464
SNGLS/BTC,1532283204957,2018-07-22T18:13:24.957Z,buy,4.88e-06,4372.0,0.02133536
SNGLS/BTC,1532283206169,2018-07-22T18:13:26.169Z,buy,4.88e-06,479.0,0.00233752
SNGLS/BTC,1532283206169,2018-07-22T18:13:26.169Z,buy,4.9e-06,616.0,0.0030183999999999
SNGLS/BTC,1532283206823,2018-07-22T18:13:26.823Z,sell,4.9e-06,208.0,0.0010191999999999
SNGLS/BTC,1532283211369,2018-07-22T18:13:31.369Z,buy,4.91e-06,1.0,4.91e-06
SNGLS/BTC,1532283229353,2018-07-22T18:13:49.353Z,buy,4.91e-06,224.0,0.00109984
SNGLS/BTC,1532283244912,2018-07-22T18:14:04.912Z,sell,4.9e-06,675.0,0.0033074999999999
SNGLS/BTC,1532283334544,2018-07-22T18:15:34.544Z,buy,4.91e-06,1.0,4.91e-06
SNGLS/BTC,1532283409431,2018-07-22T18:16:49.431Z,sell,4.9e-06,242.0,0.0011857999999999
SNGLS/BTC,1532283473336,2018-07-22T18:17:53.336Z,sell,4.89e-06,341.0,0.00166749
SNGLS/BTC,1532283473336,2018-07-22T18:17:53.336Z,sell,4.88e-06,11691.0,0.05705208
SNGLS/BTC,1532283483146,2018-07-22T18:18:03.146Z,buy,4.9e-06,1493.0,0.0073157
SNGLS/BTC,1532283764161,2018-07-22T18:22:44.161Z,buy,4.91e-06,1305.0,0.00640755
SNGLS/BTC,1532283797091,2018-07-22T18:23:17.091Z,buy,4.91e-06,790.0,0.0038789
SNGLS/BTC,1532284172988,2018-07-22T18:29:32.988Z,buy,4.91e-06,9.0,4.419e-05
SNGLS/BTC,1532284365536,2018-07-22T18:32:45.536Z,buy,4.91e-06,367.0,0.0018019699999999
SNGLS/BTC,1532284770928,2018-07-22T18:39:30.928Z,sell,4.9e-06,228.0,0.0011171999999999
SNGLS/BTC,1532284848103,2018-07-22T18:40:48.103Z,buy,4.91e-06,1.0,4.91e-06
SNGLS/BTC,1532284848103,2018-07-22T18:40:48.103Z,buy,4.91e-06,1.0,4.91e-06
SNGLS/BTC,1532284948969,2018-07-22T18:42:28.969Z,buy,4.91e-06,2131.0,0.0104632099999999
SNGLS/BTC,1532285111168,2018-07-22T18:45:11.168Z,sell,4.91e-06,802.0,0.00393782
SNGLS/BTC,1532285438378,2018-07-22T18:50:38.378Z,sell,4.91e-06,4925.0,0.02418175
SNGLS/BTC,1532285438378,2018-07-22T18:50:38.378Z,sell,4.9e-06,6492.0,0.0318108
SNGLS/BTC,1532285438378,2018-07-22T18:50:38.378Z,sell,4.88e-06,998.0,0.00487024
SNGLS/BTC,1532285438378,2018-07-22T18:50:38.378Z,sell,4.87e-06,4290.0,0.0208923
SNGLS/BTC,1532285438378,2018-07-22T18:50:38.378Z,sell,4.86e-06,5495.0,0.0267057
SNGLS/BTC,1532285438378,2018-07-22T18:50:38.378Z,sell,4.86e-06,302.0,0.00146772
SNGLS/BTC,1532285438378,2018-07-22T18:50:38.378Z,sell,4.85e-06,2218.0,0.0107573
SNGLS/BTC,1532285440024,2018-07-22T18:50:40.024Z,sell,4.89e-06,352.0,0.00172128
SNGLS/BTC,1532285440702,2018-07-22T18:50:40.702Z,sell,4.89e-06,355.0,0.00173595
SNGLS/BTC,1532285580438,2018-07-22T18:53:00.438Z,buy,4.9e-06,1.0,4.9e-06
SNGLS/BTC,1532285794924,2018-07-22T18:56:34.924Z,buy,4.9e-06,2199.0,0.0107751
SNGLS/BTC,1532285794924,2018-07-22T18:56:34.924Z,buy,4.92e-06,717.0,0.00352764
SNGLS/BTC,1532285794924,2018-07-22T18:56:34.924Z,buy,4.93e-06,657.0,0.00323901
SNGLS/BTC,1532285988345,2018-07-22T18:59:48.345Z,sell,4.9e-06,12.0,5.879999999999999e-05
SNGLS/BTC,1532286016563,2018-07-22T19:00:16.563Z,buy,4.93e-06,6729.0,0.03317397
SNGLS/BTC,1532286016563,2018-07-22T19:00:16.563Z,buy,4.94e-06,206.0,0.00101764
SNGLS/BTC,1532286016563,2018-07-22T19:00:16.563Z,buy,4.95e-06,17340.0,0.085833
SNGLS/BTC,1532286019497,2018-07-22T19:00:19.497Z,sell,4.95e-06,225.0,0.00111375
SNGLS/BTC,1532286023282,2018-07-22T19:00:23.282Z,sell,4.95e-06,230.0,0.0011385
SNGLS/BTC,1532286023918,2018-07-22T19:00:23.918Z,sell,4.95e-06,408.0,0.0020196
SNGLS/BTC,1532286030513,2018-07-22T19:00:30.513Z,buy,4.96e-06,1.0,4.96e-06
SNGLS/BTC,1532286048975,2018-07-22T19:00:48.975Z,sell,4.95e-06,428.0,0.0021186
SNGLS/BTC,1532286049057,2018-07-22T19:00:49.057Z,sell,4.95e-06,2836.0,0.0140382
SNGLS/BTC,1532286049960,2018-07-22T19:00:49.960Z,buy,4.96e-06,829.0,0.00411184
SNGLS/BTC,1532286049960,2018-07-22T19:00:49.960Z,buy,4.97e-06,205.0,0.00101885
SNGLS/BTC,1532286049960,2018-07-22T19:00:49.960Z,buy,4.98e-06,5993.0,0.02984514
SNGLS/BTC,1532286165845,2018-07-22T19:02:45.845Z,sell,4.95e-06,2008.0,0.0099396
SNGLS/BTC,1532286179234,2018-07-22T19:02:59.234Z,buy,4.95e-06,1.0,4.95e-06
SNGLS/BTC,1532286180945,2018-07-22T19:03:00.945Z,sell,4.93e-06,206.0,0.00101558
SNGLS/BTC,1532286180945,2018-07-22T19:03:00.945Z,sell,4.92e-06,1286.0,0.00632712
SNGLS/BTC,1532286180945,2018-07-22T19:03:00.945Z,sell,4.91e-06,11588.0,0.0568970799999999
SNGLS/BTC,1532286181936,2018-07-22T19:03:01.936Z,buy,4.95e-06,3849.0,0.01905255
SNGLS/BTC,1532286183729,2018-07-22T19:03:03.729Z,buy,4.93e-06,1.0,4.93e-06
SNGLS/BTC,1532286184417,2018-07-22T19:03:04.417Z,buy,4.93e-06,254.0,0.00125222
SNGLS/BTC,1532286198129,2018-07-22T19:03:18.129Z,sell,4.92e-06,1803.0,0.00887076
SNGLS/BTC,1532286207242,2018-07-22T19:03:27.242Z,buy,4.93e-06,1.0,4.93e-06
SNGLS/BTC,1532286217183,2018-07-22T19:03:37.183Z,buy,4.93e-06,2772.0,0.01366596
SNGLS/BTC,1532286217183,2018-07-22T19:03:37.183Z,buy,4.94e-06,2971.0,0.01467674
SNGLS/BTC,1532286217183,2018-07-22T19:03:37.183Z,buy,4.95e-06,12805.0,0.06338475
SNGLS/BTC,1532286245974,2018-07-22T19:04:05.974Z,buy,4.96e-06,205.0,0.0010168
SNGLS/BTC,1532286257625,2018-07-22T19:04:17.625Z,sell,4.95e-06,1803.0,0.00892485
SNGLS/BTC,1532286262317,2018-07-22T19:04:22.317Z,buy,4.97e-06,1.0,4.97e-06
SNGLS/BTC,1532286263317,2018-07-22T19:04:23.317Z,sell,4.95e-06,376.0,0.0018612
SNGLS/BTC,1532286263334,2018-07-22T19:04:23.334Z,sell,4.95e-06,376.0,0.0018612
SNGLS/BTC,1532286266471,2018-07-22T19:04:26.471Z,buy,4.97e-06,1.0,4.97e-06
SNGLS/BTC,1532286322742,2018-07-22T19:05:22.742Z,buy,4.97e-06,202.0,0.00100394
SNGLS/BTC,1532286323640,2018-07-22T19:05:23.640Z,sell,4.97e-06,1207.0,0.0059987899999999
SNGLS/BTC,1532286332730,2018-07-22T19:05:32.730Z,buy,4.98e-06,1.0,4.98e-06
SNGLS/BTC,1532286358475,2018-07-22T19:05:58.475Z,buy,4.97e-06,362.0,0.0017991399999999
SNGLS/BTC,1532286358475,2018-07-22T19:05:58.475Z,buy,4.98e-06,1192.0,0.0059361599999999
SNGLS/BTC,1532286358475,2018-07-22T19:05:58.475Z,buy,4.99e-06,952.0,0.00475048
SNGLS/BTC,1532286436112,2018-07-22T19:07:16.112Z,sell,4.96e-06,3.0,1.488e-05
SNGLS/BTC,1532286446922,2018-07-22T19:07:26.922Z,buy,4.99e-06,1.0,4.99e-06
SNGLS/BTC,1532286597051,2018-07-22T19:09:57.051Z,sell,4.96e-06,606.0,0.00300576
SNGLS/BTC,1532286601286,2018-07-22T19:10:01.286Z,buy,4.98e-06,1.0,4.98e-06
SNGLS/BTC,1532286753861,2018-07-22T19:12:33.861Z,buy,4.98e-06,1.0,4.98e-06
SNGLS/BTC,1532286784205,2018-07-22T19:13:04.205Z,sell,4.97e-06,751.0,0.00373247
SNGLS/BTC,1532286784205,2018-07-22T19:13:04.205Z,sell,4.96e-06,1612.0,0.00799552
SNGLS/BTC,1532286795363,2018-07-22T19:13:15.363Z,buy,4.96e-06,1.0,4.96e-06
SNGLS/BTC,1532286802235,2018-07-22T19:13:22.235Z,buy,4.96e-06,1.0,4.96e-06
SNGLS/BTC,1532286864658,2018-07-22T19:14:24.658Z,sell,4.95e-06,1478.0,0.0073161
SNGLS/BTC,1532286880082,2018-07-22T19:14:40.082Z,sell,4.94e-06,1396.0,0.00689624
SNGLS/BTC,1532286896768,2018-07-22T19:14:56.768Z,sell,4.93e-06,206.0,0.00101558
SNGLS/BTC,1532286901335,2018-07-22T19:15:01.335Z,buy,4.93e-06,254.0,0.00125222
SNGLS/BTC,1532287035849,2018-07-22T19:17:15.849Z,buy,4.93e-06,223.0,0.00109939
SNGLS/BTC,1532287054553,2018-07-22T19:17:34.553Z,sell,4.92e-06,258.0,0.00126936
SNGLS/BTC,1532287125752,2018-07-22T19:18:45.752Z,buy,4.93e-06,840.0,0.0041412
SNGLS/BTC,1532287126204,2018-07-22T19:18:46.204Z,buy,4.93e-06,986.0,0.00486098
SNGLS/BTC,1532287126703,2018-07-22T19:18:46.703Z,buy,4.94e-06,207.0,0.00102258
SNGLS/BTC,1532287283997,2018-07-22T19:21:23.997Z,sell,4.94e-06,1574.0,0.00777556
SNGLS/BTC,1532287283997,2018-07-22T19:21:23.997Z,sell,4.92e-06,6304.0,0.03101568
SNGLS/BTC,1532287283997,2018-07-22T19:21:23.997Z,sell,4.91e-06,2180.0,0.0107038
SNGLS/BTC,1532287283997,2018-07-22T19:21:23.997Z,sell,4.9e-06,58931.0,0.2887618999999999
SNGLS/BTC,1532287284020,2018-07-22T19:21:24.020Z,buy,4.9e-06,1551.0,0.0075999
SNGLS/BTC,1532287284037,2018-07-22T19:21:24.037Z,sell,4.89e-06,1551.0,0.00758439
SNGLS/BTC,1532287284709,2018-07-22T19:21:24.709Z,buy,4.9e-06,1553.0,0.0076097
SNGLS/BTC,1532287284923,2018-07-22T19:21:24.923Z,buy,4.9e-06,915.0,0.0044835
SNGLS/BTC,1532287309808,2018-07-22T19:21:49.808Z,sell,4.88e-06,465.0,0.0022692
SNGLS/BTC,1532287309808,2018-07-22T19:21:49.808Z,sell,4.87e-06,410.0,0.0019967
SNGLS/BTC,1532287309834,2018-07-22T19:21:49.834Z,buy,4.87e-06,21319.0,0.10382353
SNGLS/BTC,1532287309841,2018-07-22T19:21:49.841Z,buy,4.87e-06,422.0,0.00205514
SNGLS/BTC,1532287337887,2018-07-22T19:22:17.887Z,buy,4.9e-06,244.0,0.0011956
SNGLS/BTC,1532287379593,2018-07-22T19:22:59.593Z,sell,4.87e-06,208.0,0.00101296
SNGLS/BTC,1532287399811,2018-07-22T19:23:19.811Z,buy,4.9e-06,2166.0,0.0106133999999999
SNGLS/BTC,1532287409409,2018-07-22T19:23:29.409Z,sell,4.9e-06,34.0,0.0001665999999999
SNGLS/BTC,1532287443188,2018-07-22T19:24:03.188Z,sell,4.88e-06,207.0,0.00101016
SNGLS/BTC,1532287497462,2018-07-22T19:24:57.462Z,sell,4.89e-06,208.0,0.00101712
SNGLS/BTC,1532287557696,2018-07-22T19:25:57.696Z,sell,4.89e-06,606.0,0.00296334
SNGLS/BTC,1532287655121,2018-07-22T19:27:35.121Z,buy,4.9e-06,1.0,4.9e-06
SNGLS/BTC,1532287683777,2018-07-22T19:28:03.777Z,buy,4.9e-06,869.0,0.0042581
SNGLS/BTC,1532287683777,2018-07-22T19:28:03.777Z,buy,4.91e-06,1593.0,0.00782163
SNGLS/BTC,1532287683777,2018-07-22T19:28:03.777Z,buy,4.92e-06,1620.0,0.0079704
SNGLS/BTC,1532287684308,2018-07-22T19:28:04.308Z,sell,4.92e-06,233.0,0.00114636
SNGLS/BTC,1532287695756,2018-07-22T19:28:15.756Z,buy,4.93e-06,3.0,1.479e-05
SNGLS/BTC,1532287840964,2018-07-22T19:30:40.964Z,buy,4.93e-06,460.0,0.0022678
SNGLS/BTC,1532287840964,2018-07-22T19:30:40.964Z,buy,4.94e-06,2056.0,0.01015664
SNGLS/BTC,1532287840964,2018-07-22T19:30:40.964Z,buy,4.95e-06,5996.0,0.0296802
SNGLS/BTC,1532287848136,2018-07-22T19:30:48.136Z,buy,4.95e-06,1171.0,0.00579645
SNGLS/BTC,1532288280336,2018-07-22T19:38:00.336Z,buy,4.95e-06,1517.0,0.00750915
SNGLS/BTC,1532288280915,2018-07-22T19:38:00.915Z,sell,4.95e-06,329.0,0.00162855
SNGLS/BTC,1532288283584,2018-07-22T19:38:03.584Z,sell,4.95e-06,222.0,0.0010989
SNGLS/BTC,1532288328296,2018-07-22T19:38:48.296Z,sell,4.93e-06,618.0,0.00304674
SNGLS/BTC,1532288331733,2018-07-22T19:38:51.733Z,sell,4.93e-06,660.0,0.0032538
SNGLS/BTC,1532288331733,2018-07-22T19:38:51.733Z,sell,4.93e-06,660.0,0.0032538
SNGLS/BTC,1532288488196,2018-07-22T19:41:28.196Z,buy,4.95e-06,1.0,4.95e-06
SNGLS/BTC,1532288676356,2018-07-22T19:44:36.356Z,buy,4.95e-06,298.0,0.0014751
SNGLS/BTC,1532288719533,2018-07-22T19:45:19.533Z,sell,4.93e-06,305.0,0.00150365
SNGLS/BTC,1532288719533,2018-07-22T19:45:19.533Z,sell,4.92e-06,145.0,0.0007134
SNGLS/BTC,1532289162395,2018-07-22T19:52:42.395Z,sell,4.92e-06,2.0,9.84e-06
SNGLS/BTC,1532289276953,2018-07-22T19:54:36.953Z,sell,4.92e-06,14.0,6.888e-05
SNGLS/BTC,1532289581606,2018-07-22T19:59:41.606Z,sell,4.92e-06,2.0,9.84e-06
SNGLS/BTC,1532289753912,2018-07-22T20:02:33.912Z,sell,4.92e-06,511.0,0.00251412
SNGLS/BTC,1532289962583,2018-07-22T20:06:02.583Z,sell,4.92e-06,25.0,0.000123
SNGLS/BTC,1532289967110,2018-07-22T20:06:07.110Z,buy,4.94e-06,1.0,4.94e-06
SNGLS/BTC,1532290194731,2018-07-22T20:09:54.731Z,buy,4.94e-06,1.0,4.94e-06
SNGLS/BTC,1532290862582,2018-07-22T20:21:02.582Z,buy,4.94e-06,1480.0,0.0073112
SNGLS/BTC,1532290862582,2018-07-22T20:21:02.582Z,buy,4.95e-06,305.0,0.00150975
SNGLS/BTC,1532290862582,2018-07-22T20:21:02.582Z,buy,4.96e-06,205.0,0.0010168
SNGLS/BTC,1532290862582,2018-07-22T20:21:02.582Z,buy,4.97e-06,34.0,0.00016898
SNGLS/BTC,1532291386015,2018-07-22T20:29:46.015Z,sell,4.96e-06,402.0,0.00199392
SNGLS/BTC,1532291411428,2018-07-22T20:30:11.428Z,sell,4.94e-06,11.0,5.434e-05
SNGLS/BTC,1532291417589,2018-07-22T20:30:17.589Z,sell,4.94e-06,584.0,0.00288496
SNGLS/BTC,1532291756127,2018-07-22T20:35:56.127Z,buy,4.96e-06,1.0,4.96e-06
SNGLS/BTC,1532291756127,2018-07-22T20:35:56.127Z,buy,4.96e-06,1.0,4.96e-06
SNGLS/BTC,1532291949594,2018-07-22T20:39:09.594Z,sell,4.94e-06,985.0,0.0048659
SNGLS/BTC,1532292032251,2018-07-22T20:40:32.251Z,sell,4.93e-06,206.0,0.00101558
SNGLS/BTC,1532292111505,2018-07-22T20:41:51.505Z,buy,4.93e-06,675.0,0.00332775
SNGLS/BTC,1532292309545,2018-07-22T20:45:09.545Z,buy,4.93e-06,2423.0,0.01194539
SNGLS/BTC,1532292348700,2018-07-22T20:45:48.700Z,buy,4.94e-06,730.0,0.0036062
SNGLS/BTC,1532292409123,2018-07-22T20:46:49.123Z,buy,4.96e-06,800.0,0.003968
SNGLS/BTC,1532292731276,2018-07-22T20:52:11.276Z,sell,4.94e-06,342.0,0.00168948
SNGLS/BTC,1532292766043,2018-07-22T20:52:46.043Z,sell,4.94e-06,6.0,2.964e-05
SNGLS/BTC,1532293097514,2018-07-22T20:58:17.514Z,sell,4.94e-06,306.0,0.00151164
SNGLS/BTC,1532293097514,2018-07-22T20:58:17.514Z,sell,4.93e-06,4689.0,0.02311677
SNGLS/BTC,1532293124218,2018-07-22T20:58:44.218Z,buy,4.96e-06,1.0,4.96e-06
SNGLS/BTC,1532293181448,2018-07-22T20:59:41.448Z,sell,4.93e-06,3.0,1.479e-05
SNGLS/BTC,1532293699289,2018-07-22T21:08:19.289Z,sell,4.93e-06,3340.0,0.0164662
SNGLS/BTC,1532293796484,2018-07-22T21:09:56.484Z,sell,4.94e-06,972.0,0.00480168
SNGLS/BTC,1532293796484,2018-07-22T21:09:56.484Z,sell,4.93e-06,528.0,0.00260304
SNGLS/BTC,1532293874620,2018-07-22T21:11:14.620Z,buy,4.94e-06,1.0,4.94e-06
SNGLS/BTC,1532293885549,2018-07-22T21:11:25.549Z,buy,4.94e-06,1745.0,0.0086203
SNGLS/BTC,1532293885549,2018-07-22T21:11:25.549Z,buy,4.95e-06,1273.0,0.00630135
SNGLS/BTC,1532293885549,2018-07-22T21:11:25.549Z,buy,4.96e-06,541.0,0.00268336
SNGLS/BTC,1532293885549,2018-07-22T21:11:25.549Z,buy,4.97e-06,170.0,0.0008449
SNGLS/BTC,1532293885549,2018-07-22T21:11:25.549Z,buy,4.99e-06,405.0,0.0020209499999999
SNGLS/BTC,1532293885549,2018-07-22T21:11:25.549Z,buy,5e-06,15826.0,0.07913
SNGLS/BTC,1532293894962,2018-07-22T21:11:34.962Z,sell,4.98e-06,204.0,0.00101592
SNGLS/BTC,1532293909079,2018-07-22T21:11:49.079Z,buy,4.98e-06,254.0,0.0012649199999999
SNGLS/BTC,1532293909099,2018-07-22T21:11:49.099Z,sell,4.98e-06,576.0,0.0028684799999999
SNGLS/BTC,1532293909123,2018-07-22T21:11:49.123Z,sell,4.98e-06,576.0,0.0028684799999999
SNGLS/BTC,1532293914924,2018-07-22T21:11:54.924Z,sell,4.98e-06,1852.0,0.0092229599999999
SNGLS/BTC,1532293920365,2018-07-22T21:12:00.365Z,sell,4.98e-06,1063.0,0.00529374
SNGLS/BTC,1532294827383,2018-07-22T21:27:07.383Z,sell,4.96e-06,7.0,3.472e-05
SNGLS/BTC,1532294952093,2018-07-22T21:29:12.093Z,sell,4.96e-06,198.0,0.00098208
SNGLS/BTC,1532294952093,2018-07-22T21:29:12.093Z,sell,4.95e-06,1221.0,0.00604395
SNGLS/BTC,1532294985821,2018-07-22T21:29:45.821Z,buy,4.97e-06,2161.0,0.01074017
SNGLS/BTC,1532294988129,2018-07-22T21:29:48.129Z,buy,4.97e-06,1964.0,0.00976108
SNGLS/BTC,1532294993097,2018-07-22T21:29:53.097Z,sell,4.95e-06,400.0,0.00198
SNGLS/BTC,1532295237339,2018-07-22T21:33:57.339Z,buy,4.97e-06,1.0,4.97e-06
SNGLS/BTC,1532295244426,2018-07-22T21:34:04.426Z,sell,4.95e-06,2422.0,0.0119889
SNGLS/BTC,1532295253868,2018-07-22T21:34:13.868Z,buy,4.95e-06,1.0,4.95e-06
SNGLS/BTC,1532295329422,2018-07-22T21:35:29.422Z,buy,4.95e-06,2.0,9.9e-06
SNGLS/BTC,1532295329422,2018-07-22T21:35:29.422Z,buy,4.95e-06,2.0,9.9e-06
SNGLS/BTC,1532296090142,2018-07-22T21:48:10.142Z,buy,4.95e-06,3549.0,0.01756755
SNGLS/BTC,1532296102733,2018-07-22T21:48:22.733Z,buy,4.95e-06,3548.0,0.0175626
SNGLS/BTC,1532296264751,2018-07-22T21:51:04.751Z,sell,4.93e-06,4741.0,0.02337313
SNGLS/BTC,1532296270455,2018-07-22T21:51:10.455Z,buy,4.93e-06,254.0,0.00125222
SNGLS/BTC,1532296562512,2018-07-22T21:56:02.512Z,sell,4.92e-06,207.0,0.00101844
SNGLS/BTC,1532296585213,2018-07-22T21:56:25.213Z,buy,4.92e-06,5491.0,0.02701572
SNGLS/BTC,1532296669797,2018-07-22T21:57:49.797Z,buy,4.94e-06,400.0,0.001976
SNGLS/BTC,1532296699361,2018-07-22T21:58:19.361Z,buy,4.94e-06,2011.0,0.00993434
SNGLS/BTC,1532296779117,2018-07-22T21:59:39.117Z,sell,4.92e-06,1.0,4.92e-06
SNGLS/BTC,1532296840535,2018-07-22T22:00:40.535Z,sell,4.92e-06,1.0,4.92e-06
SNGLS/BTC,1532296846155,2018-07-22T22:00:46.155Z,sell,4.92e-06,410.0,0.0020172
SNGLS/BTC,1532297023957,2018-07-22T22:03:43.957Z,buy,4.92e-06,1485.0,0.0073062
SNGLS/BTC,1532297126719,2018-07-22T22:05:26.719Z,sell,4.91e-06,207.0,0.00101637
SNGLS/BTC,1532297126719,2018-07-22T22:05:26.719Z,sell,4.9e-06,230.0,0.001127
SNGLS/BTC,1532297126719,2018-07-22T22:05:26.719Z,sell,4.89e-06,632.0,0.00309048
SNGLS/BTC,1532297126719,2018-07-22T22:05:26.719Z,sell,4.88e-06,4257.0,0.02077416
SNGLS/BTC,1532297126719,2018-07-22T22:05:26.719Z,sell,4.87e-06,134.0,0.00065258
SNGLS/BTC,1532297207270,2018-07-22T22:06:47.270Z,sell,4.89e-06,404.0,0.00197556
SNGLS/BTC,1532297228924,2018-07-22T22:07:08.924Z,sell,4.89e-06,207.0,0.00101223
SNGLS/BTC,1532297229751,2018-07-22T22:07:09.751Z,sell,4.89e-06,207.0,0.00101223
SNGLS/BTC,1532297240470,2018-07-22T22:07:20.470Z,buy,4.9e-06,621.0,0.0030429
SNGLS/BTC,1532297861643,2018-07-22T22:17:41.643Z,sell,4.88e-06,512.0,0.00249856
SNGLS/BTC,1532297861643,2018-07-22T22:17:41.643Z,sell,4.87e-06,3107.0,0.01513109
SNGLS/BTC,1532297861643,2018-07-22T22:17:41.643Z,sell,4.86e-06,1891.0,0.00919026
SNGLS/BTC,1532297861643,2018-07-22T22:17:41.643Z,sell,4.85e-06,13407.0,0.06502395
SNGLS/BTC,1532297861643,2018-07-22T22:17:41.643Z,sell,4.84e-06,53727.0,0.26003868
SNGLS/BTC,1532297862520,2018-07-22T22:17:42.520Z,sell,4.87e-06,7235.0,0.03523445
SNGLS/BTC,1532297862538,2018-07-22T22:17:42.538Z,buy,4.87e-06,4114.0,0.02003518
SNGLS/BTC,1532297862540,2018-07-22T22:17:42.540Z,buy,4.87e-06,411.0,0.00200157
SNGLS/BTC,1532297862963,2018-07-22T22:17:42.963Z,buy,4.87e-06,355.0,0.00172885
SNGLS/BTC,1532297863556,2018-07-22T22:17:43.556Z,sell,4.86e-06,411.0,0.00199746
SNGLS/BTC,1532297885684,2018-07-22T22:18:05.684Z,buy,4.89e-06,1085.0,0.0053056499999999
SNGLS/BTC,1532297928516,2018-07-22T22:18:48.516Z,buy,4.89e-06,843.0,0.00412227
SNGLS/BTC,1532297953628,2018-07-22T22:19:13.628Z,sell,4.85e-06,209.0,0.00101365
SNGLS/BTC,1532297953931,2018-07-22T22:19:13.931Z,sell,4.85e-06,209.0,0.00101365
SNGLS/BTC,1532298037665,2018-07-22T22:20:37.665Z,sell,4.85e-06,216.0,0.0010476
SNGLS/BTC,1532298094214,2018-07-22T22:21:34.214Z,sell,4.86e-06,209.0,0.00101574
SNGLS/BTC,1532298094214,2018-07-22T22:21:34.214Z,sell,4.85e-06,760.0,0.003686
SNGLS/BTC,1532298094214,2018-07-22T22:21:34.214Z,sell,4.84e-06,19649.0,0.09510116
SNGLS/BTC,1532298586386,2018-07-22T22:29:46.386Z,buy,4.87e-06,411.0,0.00200157
SNGLS/BTC,1532298611098,2018-07-22T22:30:11.098Z,sell,4.87e-06,760.0,0.0037012
SNGLS/BTC,1532298635421,2018-07-22T22:30:35.421Z,buy,4.88e-06,10.0,4.88e-05
SNGLS/BTC,1532298635421,2018-07-22T22:30:35.421Z,buy,4.88e-06,10.0,4.88e-05
SNGLS/BTC,1532299022301,2018-07-22T22:37:02.301Z,buy,4.88e-06,1486.0,0.00725168
SNGLS/BTC,1532299976327,2018-07-22T22:52:56.327Z,buy,4.89e-06,1.0,4.89e-06
SNGLS/BTC,1532300406603,2018-07-22T23:00:06.603Z,buy,4.89e-06,9.0,4.401e-05
SNGLS/BTC,1532301103570,2018-07-22T23:11:43.570Z,buy,4.89e-06,1.0,4.89e-06
SNGLS/BTC,1532301223174,2018-07-22T23:13:43.174Z,sell,4.87e-06,1294.0,0.00630178
SNGLS/BTC,1532301246689,2018-07-22T23:14:06.689Z,buy,4.87e-06,329.0,0.00160223
SNGLS/BTC,1532302183265,2018-07-22T23:29:43.265Z,buy,4.87e-06,3.0,1.461e-05
SNGLS/BTC,1532302183265,2018-07-22T23:29:43.265Z,buy,4.87e-06,3.0,1.461e-05
SNGLS/BTC,1532302235487,2018-07-22T23:30:35.487Z,buy,4.87e-06,20000.0,0.0974
SNGLS/BTC,1532302348763,2018-07-22T23:32:28.763Z,buy,4.87e-06,939.0,0.00457293
SNGLS/BTC,1532302348763,2018-07-22T23:32:28.763Z,buy,4.88e-06,1291.0,0.00630008
SNGLS/BTC,1532302570394,2018-07-22T23:36:10.394Z,buy,4.89e-06,25.0,0.00012225
SNGLS/BTC,1532302739474,2018-07-22T23:38:59.474Z,buy,4.89e-06,1462.0,0.00714918
SNGLS/BTC,1532302739474,2018-07-22T23:38:59.474Z,buy,4.9e-06,412.0,0.0020188
SNGLS/BTC,1532302739474,2018-07-22T23:38:59.474Z,buy,4.92e-06,170.0,0.0008364
SNGLS/BTC,1532302984495,2018-07-22T23:43:04.495Z,sell,4.89e-06,1171.0,0.00572619
SNGLS/BTC,1532303124824,2018-07-22T23:45:24.824Z,sell,4.89e-06,118.0,0.0005770199999999
SNGLS/BTC,1532303401979,2018-07-22T23:50:01.979Z,sell,4.88e-06,1368.0,0.00667584
SNGLS/BTC,1532303614472,2018-07-22T23:53:34.472Z,sell,4.88e-06,395.0,0.0019276
SNGLS/BTC,1532303629402,2018-07-22T23:53:49.402Z,sell,4.88e-06,275.0,0.0013419999999999
SNGLS/BTC,1532304003192,2018-07-23T00:00:03.192Z,buy,4.9e-06,1.0,4.9e-06
SNGLS/BTC,1532304070453,2018-07-23T00:01:10.453Z,buy,4.9e-06,43.0,0.0002107
SNGLS/BTC,1532304922113,2018-07-23T00:15:22.113Z,sell,4.88e-06,485.0,0.0023668
SNGLS/BTC,1532304922113,2018-07-23T00:15:22.113Z,sell,4.86e-06,19.0,9.234e-05
SNGLS/BTC,1532304926292,2018-07-23T00:15:26.292Z,sell,4.86e-06,190.0,0.0009234
SNGLS/BTC,1532304926292,2018-07-23T00:15:26.292Z,sell,4.84e-06,570.0,0.0027588
SNGLS/BTC,1532304929085,2018-07-23T00:15:29.085Z,sell,4.85e-06,2.0,9.7e-06
SNGLS/BTC,1532305031487,2018-07-23T00:17:11.487Z,sell,4.85e-06,539.0,0.00261415
SNGLS/BTC,1532305031487,2018-07-23T00:17:11.487Z,sell,4.85e-06,539.0,0.00261415
SNGLS/BTC,1532305838694,2018-07-23T00:30:38.694Z,buy,4.89e-06,1.0,4.89e-06
SNGLS/BTC,1532306033827,2018-07-23T00:33:53.827Z,buy,4.89e-06,1383.0,0.00676287
SNGLS/BTC,1532306090885,2018-07-23T00:34:50.885Z,buy,4.89e-06,224.0,0.0010953599999999
SNGLS/BTC,1532307169612,2018-07-23T00:52:49.612Z,buy,4.87e-06,2.0,9.74e-06
SNGLS/BTC,1532307313994,2018-07-23T00:55:13.994Z,buy,4.87e-06,4674.0,0.02276238
SNGLS/BTC,1532307617968,2018-07-23T01:00:17.968Z,buy,4.88e-06,5.0,2.44e-05
SNGLS/BTC,1532307618894,2018-07-23T01:00:18.894Z,sell,4.87e-06,1763.0,0.00858581
SNGLS/BTC,1532307672580,2018-07-23T01:01:12.580Z,sell,4.86e-06,462.0,0.00224532
SNGLS/BTC,1532307971915,2018-07-23T01:06:11.915Z,buy,4.88e-06,414.0,0.00202032
SNGLS/BTC,1532308317384,2018-07-23T01:11:57.384Z,buy,4.88e-06,1.0,4.88e-06
SNGLS/BTC,1532308317384,2018-07-23T01:11:57.384Z,buy,4.88e-06,1.0,4.88e-06
SNGLS/BTC,1532309074092,2018-07-23T01:24:34.092Z,buy,4.87e-06,207.0,0.00100809
SNGLS/BTC,1532309109409,2018-07-23T01:25:09.409Z,sell,4.86e-06,405.0,0.0019683
SNGLS/BTC,1532310555071,2018-07-23T01:49:15.071Z,sell,4.85e-06,216.0,0.0010476
SNGLS/BTC,1532310571983,2018-07-23T01:49:31.983Z,buy,4.86e-06,3320.0,0.0161352
SNGLS/BTC,1532310756421,2018-07-23T01:52:36.421Z,buy,4.86e-06,1.0,4.86e-06
SNGLS/BTC,1532311192157,2018-07-23T01:59:52.157Z,buy,4.87e-06,1.0,4.87e-06
SNGLS/BTC,1532311203594,2018-07-23T02:00:03.594Z,sell,4.85e-06,5361.0,0.02600085
SNGLS/BTC,1532311203594,2018-07-23T02:00:03.594Z,sell,4.84e-06,10671.0,0.05164764
SNGLS/BTC,1532311203594,2018-07-23T02:00:03.594Z,sell,4.83e-06,6916.0,0.03340428
SNGLS/BTC,1532311746968,2018-07-23T02:09:06.968Z,buy,4.87e-06,1.0,4.87e-06
SNGLS/BTC,1532311746968,2018-07-23T02:09:06.968Z,buy,4.87e-06,1.0,4.87e-06
SNGLS/BTC,1532311952896,2018-07-23T02:12:32.896Z,sell,4.84e-06,1302.0,0.00630168
SNGLS/BTC,1532311972393,2018-07-23T02:12:52.393Z,sell,4.83e-06,1761.0,0.00850563
SNGLS/BTC,1532311973304,2018-07-23T02:12:53.304Z,sell,4.83e-06,5577.0,0.02693691
SNGLS/BTC,1532312117857,2018-07-23T02:15:17.857Z,sell,4.83e-06,265.0,0.00127995
SNGLS/BTC,1532312622704,2018-07-23T02:23:42.704Z,buy,4.87e-06,205.0,0.00099835
SNGLS/BTC,1532312878994,2018-07-23T02:27:58.994Z,buy,4.87e-06,3.0,1.461e-05
SNGLS/BTC,1532313840265,2018-07-23T02:44:00.265Z,buy,4.85e-06,5000.0,0.02425
SNGLS/BTC,1532314789296,2018-07-23T02:59:49.296Z,buy,4.86e-06,3.0,1.458e-05
SNGLS/BTC,1532314869564,2018-07-23T03:01:09.564Z,buy,4.86e-06,2000.0,0.00972
SNGLS/BTC,1532314869564,2018-07-23T03:01:09.564Z,buy,4.86e-06,2000.0,0.00972
SNGLS/BTC,1532315406407,2018-07-23T03:10:06.407Z,sell,4.84e-06,3308.0,0.01601072
SNGLS/BTC,1532315440181,2018-07-23T03:10:40.181Z,sell,4.84e-06,1000.0,0.00484
SNGLS/BTC,1532315541972,2018-07-23T03:12:21.972Z,sell,4.84e-06,1000.0,0.00484
SNGLS/BTC,1532315561281,2018-07-23T03:12:41.281Z,sell,4.84e-06,1000.0,0.00484
SNGLS/BTC,1532315575280,2018-07-23T03:12:55.280Z,sell,4.84e-06,1000.0,0.00484
SNGLS/BTC,1532315589287,2018-07-23T03:13:09.287Z,sell,4.84e-06,1000.0,0.00484
SNGLS/BTC,1532315600425,2018-07-23T03:13:20.425Z,sell,4.84e-06,3206.0,0.01551704
SNGLS/BTC,1532315615568,2018-07-23T03:13:35.568Z,sell,4.83e-06,217.0,0.00104811
SNGLS/BTC,1532315628108,2018-07-23T03:13:48.108Z,sell,4.83e-06,500.0,0.002415
SNGLS/BTC,1532315643954,2018-07-23T03:14:03.954Z,sell,4.83e-06,12816.0,0.06190128
SNGLS/BTC,1532315650776,2018-07-23T03:14:10.776Z,sell,4.82e-06,2503.0,0.0120644599999999
SNGLS/BTC,1532315677265,2018-07-23T03:14:37.265Z,sell,4.82e-06,1747.0,0.0084205399999999
SNGLS/BTC,1532315679334,2018-07-23T03:14:39.334Z,sell,4.8e-06,219.0,0.0010512
SNGLS/BTC,1532315679624,2018-07-23T03:14:39.624Z,buy,4.81e-06,1.0,4.81e-06
SNGLS/BTC,1532315701434,2018-07-23T03:15:01.434Z,sell,4.82e-06,211.0,0.00101702
SNGLS/BTC,1532315750548,2018-07-23T03:15:50.548Z,sell,4.82e-06,743.0,0.0035812599999999
SNGLS/BTC,1532315750548,2018-07-23T03:15:50.548Z,sell,4.8e-06,6686.0,0.0320928
SNGLS/BTC,1532315750548,2018-07-23T03:15:50.548Z,sell,4.79e-06,418.0,0.00200222
SNGLS/BTC,1532315750548,2018-07-23T03:15:50.548Z,sell,4.78e-06,1701.0,0.00813078
SNGLS/BTC,1532315750548,2018-07-23T03:15:50.548Z,sell,4.77e-06,452.0,0.00215604
SNGLS/BTC,1532315750548,2018-07-23T03:15:50.548Z,sell,4.77e-06,92.0,0.00043884
SNGLS/BTC,1532315750548,2018-07-23T03:15:50.548Z,sell,4.76e-06,2206.0,0.01050056
SNGLS/BTC,1532315751608,2018-07-23T03:15:51.608Z,buy,4.8e-06,355.0,0.001704
SNGLS/BTC,1532315751608,2018-07-23T03:15:51.608Z,buy,4.82e-06,1728.0,0.00832896
SNGLS/BTC,1532315751926,2018-07-23T03:15:51.926Z,sell,4.76e-06,541.0,0.00257516
SNGLS/BTC,1532315754852,2018-07-23T03:15:54.852Z,sell,4.76e-06,221.0,0.00105196
SNGLS/BTC,1532315758602,2018-07-23T03:15:58.602Z,buy,4.79e-06,316.0,0.00151364
SNGLS/BTC,1532315760155,2018-07-23T03:16:00.155Z,buy,4.78e-06,1222.0,0.00584116
SNGLS/BTC,1532315762840,2018-07-23T03:16:02.840Z,buy,4.79e-06,212.0,0.00101548
SNGLS/BTC,1532315770701,2018-07-23T03:16:10.701Z,buy,4.79e-06,212.0,0.00101548
SNGLS/BTC,1532315771465,2018-07-23T03:16:11.465Z,sell,4.76e-06,2363.0,0.01124788
SNGLS/BTC,1532315771465,2018-07-23T03:16:11.465Z,sell,4.75e-06,5486.0,0.0260585
SNGLS/BTC,1532315771648,2018-07-23T03:16:11.648Z,sell,4.76e-06,2003.0,0.00953428
SNGLS/BTC,1532315772238,2018-07-23T03:16:12.238Z,sell,4.76e-06,3249.0,0.01546524
SNGLS/BTC,1532315773026,2018-07-23T03:16:13.026Z,buy,4.76e-06,833.0,0.00396508
SNGLS/BTC,1532315773977,2018-07-23T03:16:13.977Z,sell,4.75e-06,2500.0,0.011875
SNGLS/BTC,1532315774826,2018-07-23T03:16:14.826Z,buy,4.78e-06,1680.0,0.0080304
SNGLS/BTC,1532315778027,2018-07-23T03:16:18.027Z,buy,4.77e-06,1222.0,0.00582894
SNGLS/BTC,1532315779693,2018-07-23T03:16:19.693Z,sell,4.76e-06,221.0,0.00105196
SNGLS/BTC,1532315786282,2018-07-23T03:16:26.282Z,buy,4.78e-06,221.0,0.00105638
SNGLS/BTC,1532315796510,2018-07-23T03:16:36.510Z,sell,4.78e-06,213.0,0.00101814
SNGLS/BTC,1532315797449,2018-07-23T03:16:37.449Z,buy,4.79e-06,1054.0,0.00504866
SNGLS/BTC,1532315797449,2018-07-23T03:16:37.449Z,buy,4.8e-06,4977.0,0.0238896
SNGLS/BTC,1532315813719,2018-07-23T03:16:53.719Z,sell,4.78e-06,427.0,0.00204106
SNGLS/BTC,1532315813719,2018-07-23T03:16:53.719Z,sell,4.76e-06,1222.0,0.00581672
SNGLS/BTC,1532315813719,2018-07-23T03:16:53.719Z,sell,4.75e-06,3351.0,0.01591725
SNGLS/BTC,1532315815957,2018-07-23T03:16:55.957Z,buy,4.79e-06,649.0,0.0031087099999999
SNGLS/BTC,1532315817156,2018-07-23T03:16:57.156Z,sell,4.79e-06,153.0,0.0007328699999999
SNGLS/BTC,1532315826317,2018-07-23T03:17:06.317Z,buy,4.79e-06,617.0,0.0029554299999999
SNGLS/BTC,1532315827257,2018-07-23T03:17:07.257Z,buy,4.79e-06,452.0,0.0021650799999999
SNGLS/BTC,1532315829239,2018-07-23T03:17:09.239Z,sell,4.79e-06,1000.0,0.00479
SNGLS/BTC,1532315842584,2018-07-23T03:17:22.584Z,sell,4.79e-06,1149.0,0.00550371
SNGLS/BTC,1532315842584,2018-07-23T03:17:22.584Z,sell,4.76e-06,1222.0,0.00581672
SNGLS/BTC,1532315842584,2018-07-23T03:17:22.584Z,sell,4.75e-06,129.0,0.00061275
SNGLS/BTC,1532315864119,2018-07-23T03:17:44.119Z,sell,4.77e-06,959.0,0.00457443
SNGLS/BTC,1532315864119,2018-07-23T03:17:44.119Z,sell,4.75e-06,41.0,0.00019475
SNGLS/BTC,1532315895178,2018-07-23T03:18:15.178Z,sell,4.75e-06,1000.0,0.00475
SNGLS/BTC,1532315909876,2018-07-23T03:18:29.876Z,buy,4.79e-06,1222.0,0.00585338
SNGLS/BTC,1532315909876,2018-07-23T03:18:29.876Z,buy,4.8e-06,1278.0,0.0061344
SNGLS/BTC,1532315925363,2018-07-23T03:18:45.363Z,buy,4.8e-06,3500.0,0.0168
SNGLS/BTC,1532315932577,2018-07-23T03:18:52.577Z,buy,4.8e-06,377.0,0.0018096
SNGLS/BTC,1532315932577,2018-07-23T03:18:52.577Z,buy,4.81e-06,1195.0,0.00574795
SNGLS/BTC,1532315932577,2018-07-23T03:18:52.577Z,buy,4.82e-06,522.0,0.0025160399999999
SNGLS/BTC,1532315932577,2018-07-23T03:18:52.577Z,buy,4.83e-06,419.0,0.00202377
SNGLS/BTC,1532315932577,2018-07-23T03:18:52.577Z,buy,4.84e-06,987.0,0.00477708
SNGLS/BTC,1532316055308,2018-07-23T03:20:55.308Z,buy,4.84e-06,1000.0,0.00484
SNGLS/BTC,1532316068349,2018-07-23T03:21:08.349Z,buy,4.84e-06,521.0,0.00252164
SNGLS/BTC,1532316068349,2018-07-23T03:21:08.349Z,buy,4.86e-06,3155.0,0.0153333
SNGLS/BTC,1532316068349,2018-07-23T03:21:08.349Z,buy,4.87e-06,6064.0,0.02953168
SNGLS/BTC,1532316068349,2018-07-23T03:21:08.349Z,buy,4.88e-06,260.0,0.0012688
SNGLS/BTC,1532316084576,2018-07-23T03:21:24.576Z,buy,4.88e-06,1994.0,0.00973072
SNGLS/BTC,1532316084576,2018-07-23T03:21:24.576Z,buy,4.89e-06,208.0,0.00101712
SNGLS/BTC,1532316084576,2018-07-23T03:21:24.576Z,buy,4.9e-06,512.0,0.0025088
SNGLS/BTC,1532316084576,2018-07-23T03:21:24.576Z,buy,4.92e-06,37.0,0.00018204
SNGLS/BTC,1532316084576,2018-07-23T03:21:24.576Z,buy,4.93e-06,409.0,0.00201637
SNGLS/BTC,1532316084576,2018-07-23T03:21:24.576Z,buy,4.94e-06,206.0,0.00101764
SNGLS/BTC,1532316084576,2018-07-23T03:21:24.576Z,buy,4.95e-06,134.0,0.0006633
SNGLS/BTC,1532316085073,2018-07-23T03:21:25.073Z,sell,4.85e-06,262.0,0.0012707
SNGLS/BTC,1532316088942,2018-07-23T03:21:28.942Z,buy,4.88e-06,208.0,0.00101504
SNGLS/BTC,1532316092647,2018-07-23T03:21:32.647Z,buy,4.88e-06,51.0,0.00024888
SNGLS/BTC,1532316092703,2018-07-23T03:21:32.703Z,sell,4.91e-06,156.0,0.0007659599999999
SNGLS/BTC,1532316095452,2018-07-23T03:21:35.452Z,sell,4.92e-06,207.0,0.00101844
SNGLS/BTC,1532316097347,2018-07-23T03:21:37.347Z,sell,4.88e-06,209.0,0.00101992
SNGLS/BTC,1532316102608,2018-07-23T03:21:42.608Z,buy,4.91e-06,1.0,4.91e-06
SNGLS/BTC,1532316102627,2018-07-23T03:21:42.627Z,sell,4.91e-06,1290.0,0.0063338999999999
SNGLS/BTC,1532316102680,2018-07-23T03:21:42.680Z,sell,4.91e-06,1290.0,0.0063338999999999
SNGLS/BTC,1532316103049,2018-07-23T03:21:43.049Z,sell,4.91e-06,1501.0,0.0073699099999999
SNGLS/BTC,1532316103575,2018-07-23T03:21:43.575Z,sell,4.88e-06,802.0,0.00391376
SNGLS/BTC,1532316111063,2018-07-23T03:21:51.063Z,sell,4.9e-06,510.0,0.002499
SNGLS/BTC,1532316111063,2018-07-23T03:21:51.063Z,sell,4.88e-06,292.0,0.0014249599999999
SNGLS/BTC,1532316114049,2018-07-23T03:21:54.049Z,sell,4.89e-06,1776.0,0.00868464
SNGLS/BTC,1532316133744,2018-07-23T03:22:13.744Z,buy,4.9e-06,207.0,0.0010142999999999
SNGLS/BTC,1532316133744,2018-07-23T03:22:13.744Z,buy,4.91e-06,1776.0,0.00872016
SNGLS/BTC,1532316133744,2018-07-23T03:22:13.744Z,buy,4.92e-06,207.0,0.00101844
SNGLS/BTC,1532316133744,2018-07-23T03:22:13.744Z,buy,4.93e-06,310.0,0.0015283
SNGLS/BTC,1532316144399,2018-07-23T03:22:24.399Z,buy,4.93e-06,407.0,0.00200651
SNGLS/BTC,1532316144399,2018-07-23T03:22:24.399Z,buy,4.94e-06,6093.0,0.03009942
SNGLS/BTC,1532316147970,2018-07-23T03:22:27.970Z,sell,4.91e-06,207.0,0.00101637
SNGLS/BTC,1532316161632,2018-07-23T03:22:41.632Z,buy,4.91e-06,411.0,0.0020180099999999
SNGLS/BTC,1532316171909,2018-07-23T03:22:51.909Z,buy,4.91e-06,14.0,6.874e-05
SNGLS/BTC,1532316174144,2018-07-23T03:22:54.144Z,buy,4.91e-06,1969.0,0.0096677899999999
SNGLS/BTC,1532316174144,2018-07-23T03:22:54.144Z,buy,4.93e-06,463.0,0.00228259
SNGLS/BTC,1532316174144,2018-07-23T03:22:54.144Z,buy,4.94e-06,794.0,0.00392236
SNGLS/BTC,1532316174144,2018-07-23T03:22:54.144Z,buy,4.95e-06,274.0,0.0013563
SNGLS/BTC,1532316184230,2018-07-23T03:23:04.230Z,sell,4.92e-06,207.0,0.00101844
SNGLS/BTC,1532316186449,2018-07-23T03:23:06.449Z,sell,4.91e-06,617.0,0.00302947
SNGLS/BTC,1532316191655,2018-07-23T03:23:11.655Z,buy,4.92e-06,203.0,0.00099876
SNGLS/BTC,1532316210785,2018-07-23T03:23:30.785Z,buy,4.92e-06,973.0,0.00478716
SNGLS/BTC,1532316210785,2018-07-23T03:23:30.785Z,buy,4.93e-06,207.0,0.00102051
SNGLS/BTC,1532316210785,2018-07-23T03:23:30.785Z,buy,4.94e-06,321.0,0.00158574
SNGLS/BTC,1532316226727,2018-07-23T03:23:46.727Z,buy,4.94e-06,382.0,0.00188708
SNGLS/BTC,1532316233166,2018-07-23T03:23:53.166Z,buy,4.95e-06,1983.0,0.00981585
SNGLS/BTC,1532316260411,2018-07-23T03:24:20.411Z,buy,4.94e-06,203.0,0.00100282
SNGLS/BTC,1532316260411,2018-07-23T03:24:20.411Z,buy,4.95e-06,786.0,0.0038907
SNGLS/BTC,1532316308703,2018-07-23T03:25:08.703Z,buy,4.95e-06,1050.0,0.0051975
SNGLS/BTC,1532316328943,2018-07-23T03:25:28.943Z,buy,4.95e-06,800.0,0.00396
SNGLS/BTC,1532316349810,2018-07-23T03:25:49.810Z,buy,4.95e-06,609.0,0.00301455
SNGLS/BTC,1532316353599,2018-07-23T03:25:53.599Z,sell,4.92e-06,543.0,0.00267156
SNGLS/BTC,1532316376944,2018-07-23T03:26:16.944Z,buy,4.94e-06,206.0,0.00101764
SNGLS/BTC,1532316397072,2018-07-23T03:26:37.072Z,sell,4.92e-06,21.0,0.00010332
SNGLS/BTC,1532316412784,2018-07-23T03:26:52.784Z,buy,4.95e-06,1000.0,0.00495
SNGLS/BTC,1532316430307,2018-07-23T03:27:10.307Z,buy,4.95e-06,500.0,0.002475
SNGLS/BTC,1532316614683,2018-07-23T03:30:14.683Z,sell,4.92e-06,239.0,0.00117588
SNGLS/BTC,1532316647738,2018-07-23T03:30:47.738Z,buy,4.95e-06,3719.0,0.01840905
SNGLS/BTC,1532316757691,2018-07-23T03:32:37.691Z,buy,4.95e-06,1.0,4.95e-06
SNGLS/BTC,1532316761016,2018-07-23T03:32:41.016Z,buy,4.95e-06,1.0,4.95e-06
SNGLS/BTC,1532316776882,2018-07-23T03:32:56.882Z,sell,4.92e-06,2.0,9.84e-06
SNGLS/BTC,1532316861238,2018-07-23T03:34:21.238Z,sell,4.92e-06,1983.0,0.00975636
SNGLS/BTC,1532316979738,2018-07-23T03:36:19.738Z,sell,4.92e-06,1110.0,0.0054612
SNGLS/BTC,1532317052481,2018-07-23T03:37:32.481Z,sell,4.91e-06,1954.0,0.00959414
SNGLS/BTC,1532317052481,2018-07-23T03:37:32.481Z,sell,4.9e-06,6057.0,0.0296793
SNGLS/BTC,1532317052481,2018-07-23T03:37:32.481Z,sell,4.89e-06,3882.0,0.01898298
SNGLS/BTC,1532317052481,2018-07-23T03:37:32.481Z,sell,4.88e-06,6026.0,0.02940688
SNGLS/BTC,1532317052481,2018-07-23T03:37:32.481Z,sell,4.87e-06,6020.0,0.0293174
SNGLS/BTC,1532317052481,2018-07-23T03:37:32.481Z,sell,4.86e-06,16476.0,0.08007336
SNGLS/BTC,1532317052481,2018-07-23T03:37:32.481Z,sell,4.85e-06,29809.0,0.14457365
SNGLS/BTC,1532317052481,2018-07-23T03:37:32.481Z,sell,4.84e-06,4776.0,0.02311584
SNGLS/BTC,1532317052535,2018-07-23T03:37:32.535Z,sell,4.84e-06,228.0,0.00110352
SNGLS/BTC,1532317052535,2018-07-23T03:37:32.535Z,sell,4.83e-06,1756.0,0.00848148
SNGLS/BTC,1532317053325,2018-07-23T03:37:33.325Z,buy,4.86e-06,265.0,0.0012879
SNGLS/BTC,1532317057706,2018-07-23T03:37:37.706Z,buy,4.86e-06,257.0,0.00124902
SNGLS/BTC,1532317075753,2018-07-23T03:37:55.753Z,sell,4.85e-06,14622.0,0.0709167
SNGLS/BTC,1532317075753,2018-07-23T03:37:55.753Z,sell,4.83e-06,259.0,0.00125097
SNGLS/BTC,1532317075753,2018-07-23T03:37:55.753Z,sell,4.82e-06,626.0,0.0030173199999999
SNGLS/BTC,1532317075753,2018-07-23T03:37:55.753Z,sell,4.8e-06,1041.0,0.0049968
SNGLS/BTC,1532317075753,2018-07-23T03:37:55.753Z,sell,4.79e-06,1452.0,0.00695508
SNGLS/BTC,1532317077368,2018-07-23T03:37:57.368Z,sell,4.82e-06,211.0,0.00101702
SNGLS/BTC,1532317082130,2018-07-23T03:38:02.130Z,buy,4.83e-06,211.0,0.00101913
SNGLS/BTC,1532317085739,2018-07-23T03:38:05.739Z,sell,4.82e-06,1448.0,0.0069793599999999
SNGLS/BTC,1532317085739,2018-07-23T03:38:05.739Z,sell,4.8e-06,6108.0,0.0293183999999999
SNGLS/BTC,1532317085739,2018-07-23T03:38:05.739Z,sell,4.79e-06,1109.0,0.00531211
SNGLS/BTC,1532317086607,2018-07-23T03:38:06.607Z,buy,4.83e-06,3782.0,0.01826706
SNGLS/BTC,1532317087049,2018-07-23T03:38:07.049Z,buy,4.83e-06,238.0,0.00114954
SNGLS/BTC,1532317088123,2018-07-23T03:38:08.123Z,buy,4.82e-06,513.0,0.00247266
SNGLS/BTC,1532317089271,2018-07-23T03:38:09.271Z,buy,4.82e-06,2075.0,0.0100015
SNGLS/BTC,1532317090124,2018-07-23T03:38:10.124Z,buy,4.81e-06,225.0,0.0010822499999999
SNGLS/BTC,1532317092124,2018-07-23T03:38:12.124Z,buy,4.82e-06,406.0,0.00195692
SNGLS/BTC,1532317094314,2018-07-23T03:38:14.314Z,sell,4.8e-06,1510.0,0.007248
SNGLS/BTC,1532317094314,2018-07-23T03:38:14.314Z,sell,4.79e-06,656.0,0.00314224
SNGLS/BTC,1532317095125,2018-07-23T03:38:15.125Z,buy,4.82e-06,1510.0,0.0072781999999999
SNGLS/BTC,1532317098081,2018-07-23T03:38:18.081Z,sell,4.81e-06,1288.0,0.0061952799999999
SNGLS/BTC,1532317098081,2018-07-23T03:38:18.081Z,sell,4.79e-06,878.0,0.00420562
SNGLS/BTC,1532317098131,2018-07-23T03:38:18.131Z,buy,4.82e-06,989.0,0.00476698
SNGLS/BTC,1532317102749,2018-07-23T03:38:22.749Z,sell,4.8e-06,1083.0,0.0051984
SNGLS/BTC,1532317104135,2018-07-23T03:38:24.135Z,buy,4.82e-06,1629.0,0.00785178
SNGLS/BTC,1532317109129,2018-07-23T03:38:29.129Z,buy,4.82e-06,1083.0,0.0052200599999999
SNGLS/BTC,1532317113847,2018-07-23T03:38:33.847Z,sell,4.8e-06,978.0,0.0046944
SNGLS/BTC,1532317113847,2018-07-23T03:38:33.847Z,sell,4.79e-06,2272.0,0.01088288
SNGLS/BTC,1532317119123,2018-07-23T03:38:39.123Z,buy,4.81e-06,11205.0,0.0538960499999999
SNGLS/BTC,1532317135270,2018-07-23T03:38:55.270Z,buy,4.82e-06,1079.0,0.0052007799999999
SNGLS/BTC,1532317157684,2018-07-23T03:39:17.684Z,sell,4.82e-06,210.0,0.0010122
SNGLS/BTC,1532317209452,2018-07-23T03:40:09.452Z,sell,4.82e-06,319.0,0.0015375799999999
SNGLS/BTC,1532317246354,2018-07-23T03:40:46.354Z,sell,4.79e-06,4082.0,0.01955278
SNGLS/BTC,1532317261378,2018-07-23T03:41:01.378Z,buy,4.82e-06,1356.0,0.00653592
SNGLS/BTC,1532317348150,2018-07-23T03:42:28.150Z,buy,4.82e-06,4475.0,0.0215695
SNGLS/BTC,1532317436334,2018-07-23T03:43:56.334Z,sell,4.79e-06,355.0,0.00170045
SNGLS/BTC,1532317694794,2018-07-23T03:48:14.794Z,buy,4.81e-06,1189.0,0.00571909
SNGLS/BTC,1532317701253,2018-07-23T03:48:21.253Z,buy,4.82e-06,61.0,0.00029402
SNGLS/BTC,1532317803998,2018-07-23T03:50:03.998Z,sell,4.8e-06,8411.0,0.0403728
SNGLS/BTC,1532317855424,2018-07-23T03:50:55.424Z,sell,4.8e-06,1026.0,0.0049248
SNGLS/BTC,1532317954410,2018-07-23T03:52:34.410Z,buy,4.82e-06,2.0,9.64e-06
SNGLS/BTC,1532317958221,2018-07-23T03:52:38.221Z,buy,4.81e-06,1875.0,0.0090187499999999
SNGLS/BTC,1532317988145,2018-07-23T03:53:08.145Z,buy,4.82e-06,1305.0,0.0062901
SNGLS/BTC,1532317988145,2018-07-23T03:53:08.145Z,buy,4.83e-06,1447.0,0.00698901
SNGLS/BTC,1532318318024,2018-07-23T03:58:38.024Z,buy,4.83e-06,50.0,0.0002415
SNGLS/BTC,1532318384003,2018-07-23T03:59:44.003Z,buy,4.83e-06,8.0,3.864e-05
SNGLS/BTC,1532318384003,2018-07-23T03:59:44.003Z,buy,4.83e-06,8.0,3.864e-05
SNGLS/BTC,1532318934329,2018-07-23T04:08:54.329Z,buy,4.83e-06,2.0,9.66e-06
SNGLS/BTC,1532319296358,2018-07-23T04:14:56.358Z,buy,4.83e-06,2070.0,0.0099981
SNGLS/BTC,1532320065969,2018-07-23T04:27:45.969Z,buy,4.83e-06,19.0,9.177e-05
SNGLS/BTC,1532320627677,2018-07-23T04:37:07.677Z,buy,4.83e-06,2070.0,0.0099981
SNGLS/BTC,1532320774042,2018-07-23T04:39:34.042Z,sell,4.81e-06,1310.0,0.0063011
SNGLS/BTC,1532320774042,2018-07-23T04:39:34.042Z,sell,4.8e-06,212.0,0.0010176
SNGLS/BTC,1532320774042,2018-07-23T04:39:34.042Z,sell,4.79e-06,212.0,0.00101548
SNGLS/BTC,1532320774042,2018-07-23T04:39:34.042Z,sell,4.78e-06,2402.0,0.01148156
SNGLS/BTC,1532320774067,2018-07-23T04:39:34.067Z,buy,4.78e-06,1515.0,0.0072417
SNGLS/BTC,1532320774116,2018-07-23T04:39:34.116Z,sell,4.77e-06,190.0,0.0009063
SNGLS/BTC,1532320774954,2018-07-23T04:39:34.954Z,sell,4.77e-06,440.0,0.0020988
SNGLS/BTC,1532320775025,2018-07-23T04:39:35.025Z,sell,4.76e-06,1659.0,0.00789684
SNGLS/BTC,1532320775680,2018-07-23T04:39:35.680Z,sell,4.76e-06,618.0,0.00294168
SNGLS/BTC,1532320775730,2018-07-23T04:39:35.730Z,buy,4.77e-06,2441.0,0.01164357
SNGLS/BTC,1532320775818,2018-07-23T04:39:35.818Z,sell,4.76e-06,659.0,0.00313684
SNGLS/BTC,1532320775847,2018-07-23T04:39:35.847Z,sell,4.76e-06,968.0,0.00460768
SNGLS/BTC,1532320776045,2018-07-23T04:39:36.045Z,sell,4.76e-06,721.0,0.00343196
SNGLS/BTC,1532320776246,2018-07-23T04:39:36.246Z,sell,4.76e-06,782.0,0.00372232
SNGLS/BTC,1532320776394,2018-07-23T04:39:36.394Z,sell,4.76e-06,659.0,0.00313684
SNGLS/BTC,1532320776641,2018-07-23T04:39:36.641Z,buy,4.77e-06,4221.0,0.02013417
SNGLS/BTC,1532320777052,2018-07-23T04:39:37.052Z,sell,4.76e-06,919.0,0.00437444
SNGLS/BTC,1532320777128,2018-07-23T04:39:37.128Z,sell,4.76e-06,659.0,0.00313684
SNGLS/BTC,1532320777183,2018-07-23T04:39:37.183Z,sell,4.76e-06,138.0,0.00065688
SNGLS/BTC,1532320777183,2018-07-23T04:39:37.183Z,sell,4.75e-06,214.0,0.0010165
SNGLS/BTC,1532320777238,2018-07-23T04:39:37.238Z,sell,4.76e-06,823.0,0.00391748
SNGLS/BTC,1532320777244,2018-07-23T04:39:37.244Z,sell,4.76e-06,782.0,0.00372232
SNGLS/BTC,1532320777376,2018-07-23T04:39:37.376Z,sell,4.76e-06,659.0,0.00313684
SNGLS/BTC,1532320777455,2018-07-23T04:39:37.455Z,sell,4.76e-06,782.0,0.00372232
SNGLS/BTC,1532320777482,2018-07-23T04:39:37.482Z,sell,4.76e-06,887.0,0.00422212
SNGLS/BTC,1532320777496,2018-07-23T04:39:37.496Z,sell,4.76e-06,782.0,0.00372232
SNGLS/BTC,1532320777561,2018-07-23T04:39:37.561Z,buy,4.77e-06,4791.0,0.02285307
SNGLS/BTC,1532320777611,2018-07-23T04:39:37.611Z,sell,4.76e-06,782.0,0.00372232
SNGLS/BTC,1532320777811,2018-07-23T04:39:37.811Z,sell,4.76e-06,782.0,0.00372232
SNGLS/BTC,1532320777830,2018-07-23T04:39:37.830Z,sell,4.76e-06,638.0,0.00303688
SNGLS/BTC,1532320777875,2018-07-23T04:39:37.875Z,sell,4.76e-06,618.0,0.00294168
SNGLS/BTC,1532320777921,2018-07-23T04:39:37.921Z,sell,4.76e-06,885.0,0.0042126
SNGLS/BTC,1532320777954,2018-07-23T04:39:37.954Z,sell,4.76e-06,947.0,0.00450772
SNGLS/BTC,1532320778103,2018-07-23T04:39:38.103Z,sell,4.76e-06,782.0,0.00372232
SNGLS/BTC,1532320778123,2018-07-23T04:39:38.123Z,sell,4.76e-06,618.0,0.00294168
SNGLS/BTC,1532320778182,2018-07-23T04:39:38.182Z,sell,4.76e-06,721.0,0.00343196
SNGLS/BTC,1532320778536,2018-07-23T04:39:38.536Z,sell,4.76e-06,823.0,0.00391748
SNGLS/BTC,1532320778785,2018-07-23T04:39:38.785Z,sell,4.77e-06,598.0,0.00285246
SNGLS/BTC,1532320779239,2018-07-23T04:39:39.239Z,sell,4.77e-06,618.0,0.00294786
SNGLS/BTC,1532320779288,2018-07-23T04:39:39.288Z,sell,4.77e-06,722.0,0.00344394
SNGLS/BTC,1532320799348,2018-07-23T04:39:59.348Z,buy,4.78e-06,3460.0,0.0165388
SNGLS/BTC,1532320810197,2018-07-23T04:40:10.197Z,buy,4.78e-06,262.0,0.0012523599999999
SNGLS/BTC,1532320853161,2018-07-23T04:40:53.161Z,buy,4.78e-06,4901.0,0.02342678
SNGLS/BTC,1532320853242,2018-07-23T04:40:53.242Z,buy,4.78e-06,6141.0,0.02935398
SNGLS/BTC,1532320868042,2018-07-23T04:41:08.042Z,sell,4.78e-06,212.0,0.00101336
SNGLS/BTC,1532320908575,2018-07-23T04:41:48.575Z,buy,4.79e-06,212.0,0.00101548
SNGLS/BTC,1532320919925,2018-07-23T04:41:59.925Z,buy,4.8e-06,213.0,0.0010224
SNGLS/BTC,1532320923630,2018-07-23T04:42:03.630Z,sell,4.8e-06,1529.0,0.0073392
SNGLS/BTC,1532320938872,2018-07-23T04:42:18.872Z,sell,4.78e-06,489.0,0.0023374199999999
SNGLS/BTC,1532320938872,2018-07-23T04:42:18.872Z,sell,4.77e-06,893.0,0.00425961
SNGLS/BTC,1532320938872,2018-07-23T04:42:18.872Z,sell,4.75e-06,9400.0,0.04465
SNGLS/BTC,1532320945202,2018-07-23T04:42:25.202Z,buy,4.76e-06,947.0,0.00450772
SNGLS/BTC,1532320945308,2018-07-23T04:42:25.308Z,buy,4.76e-06,895.0,0.0042602
SNGLS/BTC,1532320947589,2018-07-23T04:42:27.589Z,buy,4.76e-06,369.0,0.00175644
SNGLS/BTC,1532321060292,2018-07-23T04:44:20.292Z,buy,4.78e-06,1390.0,0.0066442
SNGLS/BTC,1532321061219,2018-07-23T04:44:21.219Z,buy,4.78e-06,352.0,0.00168256
SNGLS/BTC,1532321061326,2018-07-23T04:44:21.326Z,buy,4.79e-06,1169.0,0.00559951
SNGLS/BTC,1532321104081,2018-07-23T04:45:04.081Z,buy,4.8e-06,212.0,0.0010176
SNGLS/BTC,1532321104081,2018-07-23T04:45:04.081Z,buy,4.81e-06,211.0,0.00101491
SNGLS/BTC,1532321104081,2018-07-23T04:45:04.081Z,buy,4.82e-06,204.0,0.00098328
SNGLS/BTC,1532321203878,2018-07-23T04:46:43.878Z,sell,4.8e-06,769.0,0.0036912
SNGLS/BTC,1532321271126,2018-07-23T04:47:51.126Z,sell,4.79e-06,212.0,0.00101548
SNGLS/BTC,1532321271126,2018-07-23T04:47:51.126Z,sell,4.78e-06,1111.0,0.00531058
SNGLS/BTC,1532321271126,2018-07-23T04:47:51.126Z,sell,4.77e-06,5691.0,0.02714607
SNGLS/BTC,1532321271126,2018-07-23T04:47:51.126Z,sell,4.76e-06,1083.0,0.00515508
SNGLS/BTC,1532321271126,2018-07-23T04:47:51.126Z,sell,4.75e-06,43777.0,0.20794075
SNGLS/BTC,1532321271252,2018-07-23T04:47:51.252Z,buy,4.75e-06,391.0,0.00185725
SNGLS/BTC,1532321271366,2018-07-23T04:47:51.366Z,buy,4.75e-06,1404.0,0.006669
SNGLS/BTC,1532321284656,2018-07-23T04:48:04.656Z,sell,4.75e-06,221.0,0.00104975
SNGLS/BTC,1532321289542,2018-07-23T04:48:09.542Z,sell,4.75e-06,221.0,0.00104975
SNGLS/BTC,1532321292369,2018-07-23T04:48:12.369Z,buy,4.76e-06,214.0,0.00101864
SNGLS/BTC,1532321292594,2018-07-23T04:48:12.594Z,buy,4.76e-06,1520.0,0.0072352
SNGLS/BTC,1532321294512,2018-07-23T04:48:14.512Z,buy,4.77e-06,539.0,0.00257103
SNGLS/BTC,1532321357858,2018-07-23T04:49:17.858Z,buy,4.77e-06,648.0,0.00309096
SNGLS/BTC,1532321362839,2018-07-23T04:49:22.839Z,buy,4.77e-06,218.0,0.00103986
SNGLS/BTC,1532321475216,2018-07-23T04:51:15.216Z,sell,4.77e-06,224.0,0.00106848
SNGLS/BTC,1532321554547,2018-07-23T04:52:34.547Z,buy,4.78e-06,2.0,9.56e-06
SNGLS/BTC,1532321581720,2018-07-23T04:53:01.720Z,sell,4.77e-06,194.0,0.00092538
SNGLS/BTC,1532321581720,2018-07-23T04:53:01.720Z,sell,4.75e-06,234.0,0.0011115
SNGLS/BTC,1532321581720,2018-07-23T04:53:01.720Z,sell,4.74e-06,3572.0,0.01693128
SNGLS/BTC,1532321588879,2018-07-23T04:53:08.879Z,buy,4.75e-06,1831.0,0.00869725
SNGLS/BTC,1532321588893,2018-07-23T04:53:08.893Z,buy,4.75e-06,2.0,9.5e-06
SNGLS/BTC,1532321720382,2018-07-23T04:55:20.382Z,buy,4.77e-06,213.0,0.00101601
SNGLS/BTC,1532321720382,2018-07-23T04:55:20.382Z,buy,4.78e-06,12.0,5.736e-05
SNGLS/BTC,1532321772591,2018-07-23T04:56:12.591Z,buy,4.77e-06,211.0,0.00100647
SNGLS/BTC,1532321772591,2018-07-23T04:56:12.591Z,buy,4.77e-06,211.0,0.00100647
SNGLS/BTC,1532321996186,2018-07-23T04:59:56.186Z,buy,4.77e-06,19.0,9.063e-05
SNGLS/BTC,1532322017673,2018-07-23T05:00:17.673Z,buy,4.77e-06,431.0,0.00205587
SNGLS/BTC,1532322117296,2018-07-23T05:01:57.296Z,buy,4.77e-06,315.0,0.00150255
SNGLS/BTC,1532322118116,2018-07-23T05:01:58.116Z,buy,4.77e-06,315.0,0.00150255
SNGLS/BTC,1532322568884,2018-07-23T05:09:28.884Z,buy,4.78e-06,2.0,9.56e-06
SNGLS/BTC,1532322867814,2018-07-23T05:14:27.814Z,sell,4.77e-06,852.0,0.00406404
SNGLS/BTC,1532323583256,2018-07-23T05:26:23.256Z,buy,4.78e-06,9241.0,0.04417198
SNGLS/BTC,1532323682110,2018-07-23T05:28:02.110Z,buy,4.78e-06,13.0,6.214e-05
SNGLS/BTC,1532323793251,2018-07-23T05:29:53.251Z,buy,4.78e-06,486.0,0.00232308
SNGLS/BTC,1532323796171,2018-07-23T05:29:56.171Z,sell,4.78e-06,979.0,0.00467962
SNGLS/BTC,1532323808144,2018-07-23T05:30:08.144Z,sell,4.78e-06,339.0,0.00162042
SNGLS/BTC,1532323816309,2018-07-23T05:30:16.309Z,buy,4.78e-06,2369.0,0.01132382
SNGLS/BTC,1532323946086,2018-07-23T05:32:26.086Z,buy,4.79e-06,3724.0,0.01783796
SNGLS/BTC,1532323989387,2018-07-23T05:33:09.387Z,buy,4.8e-06,10966.0,0.0526368
SNGLS/BTC,1532324471377,2018-07-23T05:41:11.377Z,sell,4.78e-06,3614.0,0.01727492
SNGLS/BTC,1532324521312,2018-07-23T05:42:01.312Z,sell,4.76e-06,1538.0,0.00732088
SNGLS/BTC,1532325059446,2018-07-23T05:50:59.446Z,buy,4.77e-06,1321.0,0.00630117
SNGLS/BTC,1532325151175,2018-07-23T05:52:31.175Z,buy,4.78e-06,1.0,4.78e-06
SNGLS/BTC,1532325151175,2018-07-23T05:52:31.175Z,buy,4.78e-06,1.0,4.78e-06
SNGLS/BTC,1532325530229,2018-07-23T05:58:50.229Z,buy,4.76e-06,2137.0,0.01017212
SNGLS/BTC,1532325566852,2018-07-23T05:59:26.852Z,sell,4.76e-06,7.0,3.332e-05
SNGLS/BTC,1532325628757,2018-07-23T06:00:28.757Z,buy,4.77e-06,409.0,0.00195093
SNGLS/BTC,1532325629532,2018-07-23T06:00:29.532Z,buy,4.78e-06,212.0,0.00101336
SNGLS/BTC,1532325663959,2018-07-23T06:01:03.959Z,buy,4.8e-06,212.0,0.0010176
SNGLS/BTC,1532325663959,2018-07-23T06:01:03.959Z,buy,4.81e-06,416.0,0.00200096
SNGLS/BTC,1532325957421,2018-07-23T06:05:57.421Z,sell,4.79e-06,382.0,0.00182978
SNGLS/BTC,1532326503211,2018-07-23T06:15:03.211Z,buy,4.81e-06,1038.0,0.00499278
SNGLS/BTC,1532327198565,2018-07-23T06:26:38.565Z,sell,4.79e-06,3.0,1.437e-05
SNGLS/BTC,1532328059688,2018-07-23T06:40:59.688Z,sell,4.79e-06,209.0,0.00100111
SNGLS/BTC,1532328064133,2018-07-23T06:41:04.133Z,sell,4.78e-06,839.0,0.00401042
SNGLS/BTC,1532328064339,2018-07-23T06:41:04.339Z,sell,4.78e-06,1073.0,0.00512894
SNGLS/BTC,1532328065523,2018-07-23T06:41:05.523Z,sell,4.78e-06,393.0,0.00187854
SNGLS/BTC,1532328068115,2018-07-23T06:41:08.115Z,sell,4.77e-06,473.0,0.00225621
SNGLS/BTC,1532328070876,2018-07-23T06:41:10.876Z,sell,4.77e-06,1075.0,0.00512775
SNGLS/BTC,1532328078609,2018-07-23T06:41:18.609Z,sell,4.77e-06,1075.0,0.00512775
SNGLS/BTC,1532328079611,2018-07-23T06:41:19.611Z,sell,4.77e-06,1077.0,0.00513729
SNGLS/BTC,1532328094844,2018-07-23T06:41:34.844Z,sell,4.77e-06,1046.0,0.00498942
SNGLS/BTC,1532328107872,2018-07-23T06:41:47.872Z,buy,4.78e-06,1760.0,0.0084128
SNGLS/BTC,1532328107872,2018-07-23T06:41:47.872Z,buy,4.79e-06,332.0,0.00159028
SNGLS/BTC,1532328107872,2018-07-23T06:41:47.872Z,buy,4.78e-06,1760.0,0.0084128
SNGLS/BTC,1532328107872,2018-07-23T06:41:47.872Z,buy,4.79e-06,332.0,0.00159028
SNGLS/BTC,1532329166828,2018-07-23T06:59:26.828Z,sell,4.77e-06,11.0,5.247e-05
SNGLS/BTC,1532329226559,2018-07-23T07:00:26.559Z,sell,4.77e-06,884.0,0.00421668
SNGLS/BTC,1532329344665,2018-07-23T07:02:24.665Z,sell,4.77e-06,400.0,0.001908
SNGLS/BTC,1532329349966,2018-07-23T07:02:29.966Z,sell,4.77e-06,402.0,0.00191754
SNGLS/BTC,1532329993806,2018-07-23T07:13:13.806Z,sell,4.77e-06,385.0,0.00183645
SNGLS/BTC,1532330120955,2018-07-23T07:15:20.955Z,buy,4.79e-06,1846.0,0.00884234
SNGLS/BTC,1532330525442,2018-07-23T07:22:05.442Z,sell,4.77e-06,2144.0,0.01022688
SNGLS/BTC,1532330685573,2018-07-23T07:24:45.573Z,sell,4.77e-06,1314.0,0.00626778
SNGLS/BTC,1532330700853,2018-07-23T07:25:00.853Z,sell,4.77e-06,767.0,0.00365859
SNGLS/BTC,1532330908619,2018-07-23T07:28:28.619Z,sell,4.77e-06,1321.0,0.00630117
SNGLS/BTC,1532330909958,2018-07-23T07:28:29.958Z,sell,4.77e-06,11685.0,0.05573745
SNGLS/BTC,1532330910871,2018-07-23T07:28:30.871Z,sell,4.76e-06,214.0,0.00101864
SNGLS/BTC,1532330916908,2018-07-23T07:28:36.908Z,sell,4.75e-06,214.0,0.0010165
SNGLS/BTC,1532330916940,2018-07-23T07:28:36.940Z,buy,4.75e-06,826.0,0.0039235
SNGLS/BTC,1532330918900,2018-07-23T07:28:38.900Z,buy,4.75e-06,1058.0,0.0050255
SNGLS/BTC,1532330950048,2018-07-23T07:29:10.048Z,buy,4.75e-06,1.0,4.75e-06
SNGLS/BTC,1532330956350,2018-07-23T07:29:16.350Z,buy,4.75e-06,1.0,4.75e-06
SNGLS/BTC,1532330956350,2018-07-23T07:29:16.350Z,buy,4.76e-06,193.0,0.00091868
SNGLS/BTC,1532330958477,2018-07-23T07:29:18.477Z,buy,4.75e-06,862.0,0.0040945
SNGLS/BTC,1532330962273,2018-07-23T07:29:22.273Z,buy,4.75e-06,640.0,0.00304
SNGLS/BTC,1532331011766,2018-07-23T07:30:11.766Z,sell,4.76e-06,283.0,0.00134708
SNGLS/BTC,1532331047437,2018-07-23T07:30:47.437Z,buy,4.77e-06,2.0,9.54e-06
SNGLS/BTC,1532331283959,2018-07-23T07:34:43.959Z,sell,4.74e-06,5000.0,0.0237
SNGLS/BTC,1532331283959,2018-07-23T07:34:43.959Z,sell,4.73e-06,8925.0,0.0422152499999999
SNGLS/BTC,1532331307529,2018-07-23T07:35:07.529Z,buy,4.74e-06,638.0,0.00302412
SNGLS/BTC,1532331347553,2018-07-23T07:35:47.553Z,buy,4.77e-06,214.0,0.00102078
SNGLS/BTC,1532331347553,2018-07-23T07:35:47.553Z,buy,4.78e-06,207.0,0.00098946
SNGLS/BTC,1532331383782,2018-07-23T07:36:23.782Z,sell,4.75e-06,213.0,0.00101175
SNGLS/BTC,1532331670213,2018-07-23T07:41:10.213Z,buy,4.78e-06,6.0,2.868e-05
SNGLS/BTC,1532331670213,2018-07-23T07:41:10.213Z,buy,4.79e-06,219.0,0.00104901
SNGLS/BTC,1532331673658,2018-07-23T07:41:13.658Z,buy,4.79e-06,420.0,0.0020118
SNGLS/BTC,1532331678224,2018-07-23T07:41:18.224Z,buy,4.79e-06,1792.0,0.00858368
SNGLS/BTC,1532331679176,2018-07-23T07:41:19.176Z,buy,4.79e-06,1256.0,0.00601624
SNGLS/BTC,1532331679903,2018-07-23T07:41:19.903Z,buy,4.79e-06,1250.0,0.0059875
SNGLS/BTC,1532331679903,2018-07-23T07:41:19.903Z,buy,4.79e-06,1250.0,0.0059875
SNGLS/BTC,1532331716832,2018-07-23T07:41:56.832Z,sell,4.78e-06,425.0,0.0020315
SNGLS/BTC,1532331741544,2018-07-23T07:42:21.544Z,buy,4.79e-06,440.0,0.0021076
SNGLS/BTC,1532332023839,2018-07-23T07:47:03.839Z,sell,4.77e-06,1705.0,0.00813285
SNGLS/BTC,1532332024642,2018-07-23T07:47:04.642Z,buy,4.78e-06,901.0,0.00430678
SNGLS/BTC,1532332024812,2018-07-23T07:47:04.812Z,buy,4.77e-06,901.0,0.00429777
SNGLS/BTC,1532332024900,2018-07-23T07:47:04.900Z,sell,4.76e-06,214.0,0.00101864
SNGLS/BTC,1532332026089,2018-07-23T07:47:06.089Z,buy,4.77e-06,806.0,0.00384462
SNGLS/BTC,1532332063387,2018-07-23T07:47:43.387Z,sell,4.75e-06,1.0,4.75e-06
SNGLS/BTC,1532332065323,2018-07-23T07:47:45.323Z,buy,4.75e-06,1710.0,0.0081225
SNGLS/BTC,1532332068447,2018-07-23T07:47:48.447Z,sell,4.74e-06,1020.0,0.0048348
SNGLS/BTC,1532332068509,2018-07-23T07:47:48.509Z,sell,4.74e-06,916.0,0.00434184
SNGLS/BTC,1532332072203,2018-07-23T07:47:52.203Z,sell,4.74e-06,916.0,0.00434184
SNGLS/BTC,1532332097445,2018-07-23T07:48:17.445Z,buy,4.75e-06,670.0,0.0031825
SNGLS/BTC,1532332328977,2018-07-23T07:52:08.977Z,buy,4.75e-06,880.0,0.00418
SNGLS/BTC,1532332426903,2018-07-23T07:53:46.903Z,sell,4.74e-06,9805.0,0.0464757
SNGLS/BTC,1532332468879,2018-07-23T07:54:28.879Z,sell,4.73e-06,3389.0,0.0160299699999999
SNGLS/BTC,1532332475334,2018-07-23T07:54:35.334Z,sell,4.72e-06,674.0,0.00318128
SNGLS/BTC,1532332475741,2018-07-23T07:54:35.741Z,buy,4.72e-06,508.0,0.0023977599999999
SNGLS/BTC,1532332481437,2018-07-23T07:54:41.437Z,buy,4.72e-06,77.0,0.00036344
SNGLS/BTC,1532332488857,2018-07-23T07:54:48.857Z,sell,4.72e-06,215.0,0.0010148
SNGLS/BTC,1532332497004,2018-07-23T07:54:57.004Z,sell,4.7e-06,1697.0,0.0079759
SNGLS/BTC,1532332530691,2018-07-23T07:55:30.691Z,sell,4.7e-06,4936.0,0.0231992
SNGLS/BTC,1532332530746,2018-07-23T07:55:30.746Z,buy,4.7e-06,2682.0,0.0126054
SNGLS/BTC,1532332530762,2018-07-23T07:55:30.762Z,buy,4.7e-06,361.0,0.0016967
SNGLS/BTC,1532332530773,2018-07-23T07:55:30.773Z,buy,4.7e-06,220.0,0.001034
SNGLS/BTC,1532332584638,2018-07-23T07:56:24.638Z,sell,4.68e-06,1218.0,0.00570024
SNGLS/BTC,1532332584638,2018-07-23T07:56:24.638Z,sell,4.67e-06,810.0,0.0037827
SNGLS/BTC,1532332610957,2018-07-23T07:56:50.957Z,sell,4.68e-06,224.0,0.00104832
SNGLS/BTC,1532332701181,2018-07-23T07:58:21.181Z,buy,4.71e-06,951.0,0.00447921
SNGLS/BTC,1532332802724,2018-07-23T08:00:02.724Z,buy,4.71e-06,1.0,4.71e-06
SNGLS/BTC,1532332812195,2018-07-23T08:00:12.195Z,buy,4.71e-06,3267.0,0.01538757
SNGLS/BTC,1532333016315,2018-07-23T08:03:36.315Z,sell,4.7e-06,216.0,0.0010152
SNGLS/BTC,1532333016315,2018-07-23T08:03:36.315Z,sell,4.68e-06,3232.0,0.01512576
SNGLS/BTC,1532333016315,2018-07-23T08:03:36.315Z,sell,4.67e-06,2427.0,0.01133409
SNGLS/BTC,1532333016332,2018-07-23T08:03:36.332Z,buy,4.67e-06,2021.0,0.00943807
SNGLS/BTC,1532333016393,2018-07-23T08:03:36.393Z,sell,4.67e-06,1408.0,0.00657536
SNGLS/BTC,1532333016415,2018-07-23T08:03:36.415Z,sell,4.67e-06,261.0,0.00121887
SNGLS/BTC,1532333016415,2018-07-23T08:03:36.415Z,sell,4.66e-06,1.0,4.66e-06
SNGLS/BTC,1532333017483,2018-07-23T08:03:37.483Z,buy,4.68e-06,377.0,0.00176436
SNGLS/BTC,1532333017483,2018-07-23T08:03:37.483Z,buy,4.7e-06,1102.0,0.0051794
SNGLS/BTC,1532333017483,2018-07-23T08:03:37.483Z,buy,4.71e-06,385.0,0.0018133499999999
SNGLS/BTC,1532333017483,2018-07-23T08:03:37.483Z,buy,4.72e-06,272.0,0.0012838399999999
SNGLS/BTC,1532333025698,2018-07-23T08:03:45.698Z,sell,4.67e-06,225.0,0.00105075
SNGLS/BTC,1532333030866,2018-07-23T08:03:50.866Z,buy,4.69e-06,508.0,0.00238252
SNGLS/BTC,1532333030866,2018-07-23T08:03:50.866Z,buy,4.7e-06,1783.0,0.0083801
SNGLS/BTC,1532333199301,2018-07-23T08:06:39.301Z,sell,4.69e-06,217.0,0.00101773
SNGLS/BTC,1532333236595,2018-07-23T08:07:16.595Z,sell,4.67e-06,1729.0,0.00807443
SNGLS/BTC,1532333243656,2018-07-23T08:07:23.656Z,sell,4.67e-06,1079.0,0.00503893
SNGLS/BTC,1532333243656,2018-07-23T08:07:23.656Z,sell,4.66e-06,10.0,4.66e-05
SNGLS/BTC,1532333281318,2018-07-23T08:08:01.318Z,buy,4.69e-06,1.0,4.69e-06
SNGLS/BTC,1532333366125,2018-07-23T08:09:26.125Z,buy,4.69e-06,3460.0,0.0162274
SNGLS/BTC,1532333372028,2018-07-23T08:09:32.028Z,buy,4.7e-06,6213.0,0.0292011
SNGLS/BTC,1532333400115,2018-07-23T08:10:00.115Z,buy,4.71e-06,216.0,0.00101736
SNGLS/BTC,1532333400115,2018-07-23T08:10:00.115Z,buy,4.72e-06,4526.0,0.0213627199999999
SNGLS/BTC,1532333492353,2018-07-23T08:11:32.353Z,buy,4.72e-06,4743.0,0.0223869599999999
SNGLS/BTC,1532333606368,2018-07-23T08:13:26.368Z,buy,4.72e-06,460.0,0.0021712
SNGLS/BTC,1532333606368,2018-07-23T08:13:26.368Z,buy,4.73e-06,1658.0,0.00784234
SNGLS/BTC,1532333636422,2018-07-23T08:13:56.422Z,sell,4.69e-06,1945.0,0.00912205
SNGLS/BTC,1532333653403,2018-07-23T08:14:13.403Z,buy,4.69e-06,2000.0,0.00938
SNGLS/BTC,1532333688856,2018-07-23T08:14:48.856Z,buy,4.69e-06,3.0,1.407e-05
SNGLS/BTC,1532333690553,2018-07-23T08:14:50.553Z,buy,4.69e-06,293.0,0.00137417
SNGLS/BTC,1532333711722,2018-07-23T08:15:11.722Z,sell,4.67e-06,992.0,0.00463264
SNGLS/BTC,1532333952642,2018-07-23T08:19:12.642Z,buy,4.71e-06,2.0,9.42e-06
SNGLS/BTC,1532334077540,2018-07-23T08:21:17.540Z,buy,4.7e-06,225.0,0.0010575
SNGLS/BTC,1532334083416,2018-07-23T08:21:23.416Z,buy,4.7e-06,1100.0,0.00517
SNGLS/BTC,1532334084626,2018-07-23T08:21:24.626Z,buy,4.7e-06,416.0,0.0019552
SNGLS/BTC,1532334084626,2018-07-23T08:21:24.626Z,buy,4.71e-06,753.0,0.00354663
SNGLS/BTC,1532334125043,2018-07-23T08:22:05.043Z,sell,4.69e-06,217.0,0.00101773
SNGLS/BTC,1532334198975,2018-07-23T08:23:18.975Z,buy,4.7e-06,1.0,4.7e-06
SNGLS/BTC,1532334199055,2018-07-23T08:23:19.055Z,sell,4.69e-06,10675.0,0.05006575
SNGLS/BTC,1532334202805,2018-07-23T08:23:22.805Z,buy,4.7e-06,1.0,4.7e-06
SNGLS/BTC,1532334241182,2018-07-23T08:24:01.182Z,sell,4.68e-06,160.0,0.0007488
SNGLS/BTC,1532334241263,2018-07-23T08:24:01.263Z,sell,4.68e-06,11527.0,0.05394636
SNGLS/BTC,1532334443213,2018-07-23T08:27:23.213Z,sell,4.68e-06,13406.0,0.06274008
SNGLS/BTC,1532334578198,2018-07-23T08:29:38.198Z,sell,4.69e-06,307.0,0.00143983
SNGLS/BTC,1532334581653,2018-07-23T08:29:41.653Z,buy,4.7e-06,2127.0,0.0099969
SNGLS/BTC,1532334604319,2018-07-23T08:30:04.319Z,buy,4.7e-06,234.0,0.0010998
SNGLS/BTC,1532334624703,2018-07-23T08:30:24.703Z,buy,4.7e-06,14713.0,0.0691511
SNGLS/BTC,1532334677289,2018-07-23T08:31:17.289Z,buy,4.71e-06,35446.0,0.16695066
SNGLS/BTC,1532334748767,2018-07-23T08:32:28.767Z,sell,4.7e-06,10000.0,0.047
SNGLS/BTC,1532334889420,2018-07-23T08:34:49.420Z,buy,4.71e-06,400.0,0.0018839999999999
SNGLS/BTC,1532334910023,2018-07-23T08:35:10.023Z,sell,4.7e-06,495.0,0.0023265
SNGLS/BTC,1532334923301,2018-07-23T08:35:23.301Z,sell,4.7e-06,11026.0,0.0518222
SNGLS/BTC,1532334934083,2018-07-23T08:35:34.083Z,sell,4.69e-06,237.0,0.00111153
SNGLS/BTC,1532334934300,2018-07-23T08:35:34.300Z,sell,4.69e-06,2134.0,0.01000846
SNGLS/BTC,1532335007943,2018-07-23T08:36:47.943Z,sell,4.69e-06,2311.0,0.01083859
SNGLS/BTC,1532335127687,2018-07-23T08:38:47.687Z,buy,4.71e-06,1.0,4.71e-06
SNGLS/BTC,1532335127687,2018-07-23T08:38:47.687Z,buy,4.71e-06,1.0,4.71e-06
SNGLS/BTC,1532335322999,2018-07-23T08:42:02.999Z,buy,4.7e-06,2127.0,0.0099969
SNGLS/BTC,1532335417132,2018-07-23T08:43:37.132Z,buy,4.7e-06,1.0,4.7e-06
SNGLS/BTC,1532335833425,2018-07-23T08:50:33.425Z,sell,4.69e-06,2083.0,0.00976927
SNGLS/BTC,1532336105579,2018-07-23T08:55:05.579Z,sell,4.69e-06,346.0,0.00162274
SNGLS/BTC,1532336116893,2018-07-23T08:55:16.893Z,sell,4.69e-06,68890.0,0.3230941
SNGLS/BTC,1532336244528,2018-07-23T08:57:24.528Z,buy,4.69e-06,1.0,4.69e-06
SNGLS/BTC,1532336340888,2018-07-23T08:59:00.888Z,sell,4.68e-06,16239.0,0.07599852
SNGLS/BTC,1532336350298,2018-07-23T08:59:10.298Z,buy,4.69e-06,1.0,4.69e-06
SNGLS/BTC,1532336367101,2018-07-23T08:59:27.101Z,sell,4.68e-06,17.0,7.956e-05
SNGLS/BTC,1532336399808,2018-07-23T08:59:59.808Z,sell,4.68e-06,2548.0,0.01192464
SNGLS/BTC,1532336497762,2018-07-23T09:01:37.762Z,buy,4.69e-06,1.0,4.69e-06
SNGLS/BTC,1532336703028,2018-07-23T09:05:03.028Z,sell,4.68e-06,4.0,1.872e-05
SNGLS/BTC,1532336764451,2018-07-23T09:06:04.451Z,sell,4.68e-06,8499.0,0.03977532
SNGLS/BTC,1532336831575,2018-07-23T09:07:11.575Z,buy,4.69e-06,1.0,4.69e-06
SNGLS/BTC,1532336837172,2018-07-23T09:07:17.172Z,sell,4.68e-06,2588.0,0.01211184
SNGLS/BTC,1532336837172,2018-07-23T09:07:17.172Z,sell,4.66e-06,2390.0,0.0111374
SNGLS/BTC,1532336840303,2018-07-23T09:07:20.303Z,buy,4.69e-06,1.0,4.69e-06
SNGLS/BTC,1532336876837,2018-07-23T09:07:56.837Z,buy,4.69e-06,5508.0,0.02583252
SNGLS/BTC,1532337000939,2018-07-23T09:10:00.939Z,buy,4.69e-06,2132.0,0.00999908
SNGLS/BTC,1532337145602,2018-07-23T09:12:25.602Z,buy,4.69e-06,2971.0,0.01393399
SNGLS/BTC,1532337745386,2018-07-23T09:22:25.386Z,buy,4.69e-06,2132.0,0.00999908
SNGLS/BTC,1532337820817,2018-07-23T09:23:40.817Z,buy,4.69e-06,1.0,4.69e-06
SNGLS/BTC,1532337833292,2018-07-23T09:23:53.292Z,buy,4.67e-06,853.0,0.00398351
SNGLS/BTC,1532337833940,2018-07-23T09:23:53.940Z,sell,4.66e-06,225.0,0.0010485
SNGLS/BTC,1532337838031,2018-07-23T09:23:58.031Z,buy,4.67e-06,217.0,0.00101339
SNGLS/BTC,1532337848044,2018-07-23T09:24:08.044Z,sell,4.66e-06,33201.0,0.15471666
SNGLS/BTC,1532337848044,2018-07-23T09:24:08.044Z,sell,4.65e-06,5521.0,0.02567265
SNGLS/BTC,1532337854598,2018-07-23T09:24:14.598Z,sell,4.63e-06,227.0,0.00105101
SNGLS/BTC,1532337855512,2018-07-23T09:24:15.512Z,buy,4.65e-06,1476.0,0.0068634
SNGLS/BTC,1532337857035,2018-07-23T09:24:17.035Z,buy,4.65e-06,218.0,0.0010137
SNGLS/BTC,1532337878587,2018-07-23T09:24:38.587Z,sell,4.63e-06,9.0,4.167e-05
SNGLS/BTC,1532337878587,2018-07-23T09:24:38.587Z,sell,4.62e-06,1025.0,0.0047355
SNGLS/BTC,1532337878587,2018-07-23T09:24:38.587Z,sell,4.61e-06,942.0,0.00434262
SNGLS/BTC,1532337878587,2018-07-23T09:24:38.587Z,sell,4.61e-06,14375.0,0.06626875
SNGLS/BTC,1532337878587,2018-07-23T09:24:38.587Z,sell,4.6e-06,7209.0,0.0331614
SNGLS/BTC,1532337878587,2018-07-23T09:24:38.587Z,sell,4.6e-06,220.0,0.001012
SNGLS/BTC,1532337878587,2018-07-23T09:24:38.587Z,sell,4.6e-06,3071.0,0.0141266
SNGLS/BTC,1532337878587,2018-07-23T09:24:38.587Z,sell,4.59e-06,13675.0,0.06276825
SNGLS/BTC,1532337878605,2018-07-23T09:24:38.605Z,buy,4.6e-06,1524.0,0.0070104
SNGLS/BTC,1532337878607,2018-07-23T09:24:38.607Z,buy,4.6e-06,3688.0,0.0169648
SNGLS/BTC,1532337879261,2018-07-23T09:24:39.261Z,buy,4.6e-06,1839.0,0.0084594
SNGLS/BTC,1532337879316,2018-07-23T09:24:39.316Z,buy,4.6e-06,8.0,3.68e-05
SNGLS/BTC,1532337880406,2018-07-23T09:24:40.406Z,sell,4.59e-06,229.0,0.00105111
SNGLS/BTC,1532337881567,2018-07-23T09:24:41.567Z,sell,4.59e-06,2099.0,0.00963441
SNGLS/BTC,1532337881691,2018-07-23T09:24:41.691Z,sell,4.59e-06,858.0,0.00393822
SNGLS/BTC,1532337882339,2018-07-23T09:24:42.339Z,buy,4.61e-06,219.0,0.0010095899999999
SNGLS/BTC,1532337888704,2018-07-23T09:24:48.704Z,sell,4.6e-06,228.0,0.0010488
SNGLS/BTC,1532337891487,2018-07-23T09:24:51.487Z,buy,4.61e-06,2410.0,0.0111101
SNGLS/BTC,1532337892376,2018-07-23T09:24:52.376Z,buy,4.61e-06,4513.0,0.02080493
SNGLS/BTC,1532337893128,2018-07-23T09:24:53.128Z,buy,4.61e-06,5159.0,0.02378299
SNGLS/BTC,1532337893128,2018-07-23T09:24:53.128Z,buy,4.62e-06,1322.0,0.00610764
SNGLS/BTC,1532337898546,2018-07-23T09:24:58.546Z,buy,4.65e-06,1.0,4.65e-06
SNGLS/BTC,1532337904439,2018-07-23T09:25:04.439Z,sell,4.63e-06,219.0,0.0010139699999999
SNGLS/BTC,1532337904927,2018-07-23T09:25:04.927Z,buy,4.62e-06,9.0,4.158e-05
SNGLS/BTC,1532337904927,2018-07-23T09:25:04.927Z,buy,4.65e-06,2640.0,0.012276
SNGLS/BTC,1532337906594,2018-07-23T09:25:06.594Z,buy,4.65e-06,7905.0,0.03675825
SNGLS/BTC,1532337909071,2018-07-23T09:25:09.071Z,sell,4.61e-06,1370.0,0.0063157
SNGLS/BTC,1532337911704,2018-07-23T09:25:11.704Z,buy,4.63e-06,350.0,0.0016205
SNGLS/BTC,1532337911704,2018-07-23T09:25:11.704Z,buy,4.65e-06,7555.0,0.03513075
SNGLS/BTC,1532337911763,2018-07-23T09:25:11.763Z,buy,4.65e-06,1.0,4.65e-06
SNGLS/BTC,1532337922946,2018-07-23T09:25:22.946Z,buy,4.64e-06,1368.0,0.00634752
SNGLS/BTC,1532337925056,2018-07-23T09:25:25.056Z,buy,4.64e-06,1.0,4.64e-06
SNGLS/BTC,1532337988489,2018-07-23T09:26:28.489Z,buy,4.63e-06,430.0,0.0019909
SNGLS/BTC,1532338045446,2018-07-23T09:27:25.446Z,sell,4.62e-06,2562.0,0.01183644
SNGLS/BTC,1532338047216,2018-07-23T09:27:27.216Z,buy,4.61e-06,767.0,0.00353587
SNGLS/BTC,1532338048861,2018-07-23T09:27:28.861Z,sell,4.6e-06,228.0,0.0010488
SNGLS/BTC,1532338050329,2018-07-23T09:27:30.329Z,buy,4.62e-06,220.0,0.0010164
SNGLS/BTC,1532338055213,2018-07-23T09:27:35.213Z,buy,4.62e-06,270.0,0.0012473999999999
SNGLS/BTC,1532338067397,2018-07-23T09:27:47.397Z,buy,4.62e-06,1078.0,0.00498036
SNGLS/BTC,1532338116452,2018-07-23T09:28:36.452Z,buy,4.64e-06,1474.0,0.0068393599999999
SNGLS/BTC,1532338400559,2018-07-23T09:33:20.559Z,buy,4.64e-06,322.0,0.0014940799999999
SNGLS/BTC,1532338400559,2018-07-23T09:33:20.559Z,buy,4.65e-06,10512.0,0.0488808
SNGLS/BTC,1532338491133,2018-07-23T09:34:51.133Z,sell,4.64e-06,2652.0,0.0123052799999999
SNGLS/BTC,1532338491147,2018-07-23T09:34:51.147Z,sell,4.61e-06,621.0,0.00286281
SNGLS/BTC,1532338491147,2018-07-23T09:34:51.147Z,sell,4.61e-06,621.0,0.00286281
SNGLS/BTC,1532338852656,2018-07-23T09:40:52.656Z,buy,4.64e-06,414.0,0.0019209599999999
SNGLS/BTC,1532339176078,2018-07-23T09:46:16.078Z,buy,4.64e-06,207.0,0.0009604799999999
SNGLS/BTC,1532339176078,2018-07-23T09:46:16.078Z,buy,4.65e-06,18.0,8.37e-05
SNGLS/BTC,1532339199564,2018-07-23T09:46:39.564Z,buy,4.65e-06,7933.0,0.03688845
SNGLS/BTC,1532339212737,2018-07-23T09:46:52.737Z,buy,4.65e-06,60370.0,0.2807205
SNGLS/BTC,1532339227338,2018-07-23T09:47:07.338Z,buy,4.65e-06,1.0,4.65e-06
SNGLS/BTC,1532339315437,2018-07-23T09:48:35.437Z,sell,4.63e-06,229.0,0.0010602699999999
SNGLS/BTC,1532339315483,2018-07-23T09:48:35.483Z,buy,4.63e-06,292.0,0.00135196
SNGLS/BTC,1532339374035,2018-07-23T09:49:34.035Z,sell,4.62e-06,279.0,0.00128898
SNGLS/BTC,1532339391355,2018-07-23T09:49:51.355Z,buy,4.64e-06,429.0,0.0019905599999999
SNGLS/BTC,1532339513398,2018-07-23T09:51:53.398Z,buy,4.64e-06,516.0,0.0023942399999999
SNGLS/BTC,1532339548524,2018-07-23T09:52:28.524Z,buy,4.65e-06,1.0,4.65e-06
SNGLS/BTC,1532339707052,2018-07-23T09:55:07.052Z,sell,4.64e-06,263.0,0.00122032
SNGLS/BTC,1532339980180,2018-07-23T09:59:40.180Z,buy,4.65e-06,40.0,0.000186
SNGLS/BTC,1532340091256,2018-07-23T10:01:31.256Z,buy,4.65e-06,536.0,0.0024924
SNGLS/BTC,1532340100953,2018-07-23T10:01:40.953Z,buy,4.65e-06,560.0,0.002604
SNGLS/BTC,1532340372273,2018-07-23T10:06:12.273Z,sell,4.62e-06,2207.0,0.01019634
SNGLS/BTC,1532340372299,2018-07-23T10:06:12.299Z,buy,4.62e-06,1102.0,0.0050912399999999
SNGLS/BTC,1532340372525,2018-07-23T10:06:12.525Z,buy,4.62e-06,2.0,9.24e-06
SNGLS/BTC,1532340440321,2018-07-23T10:07:20.321Z,buy,4.63e-06,947.0,0.00438461
SNGLS/BTC,1532340460265,2018-07-23T10:07:40.265Z,buy,4.63e-06,947.0,0.00438461
SNGLS/BTC,1532340464832,2018-07-23T10:07:44.832Z,buy,4.63e-06,1834.0,0.00849142
SNGLS/BTC,1532340533203,2018-07-23T10:08:53.203Z,sell,4.62e-06,1834.0,0.00847308
SNGLS/BTC,1532340533203,2018-07-23T10:08:53.203Z,sell,4.61e-06,4289.0,0.0197722899999999
SNGLS/BTC,1532340533203,2018-07-23T10:08:53.203Z,sell,4.6e-06,1649.0,0.0075854
SNGLS/BTC,1532340567384,2018-07-23T10:09:27.384Z,buy,4.63e-06,1.0,4.63e-06
SNGLS/BTC,1532340593604,2018-07-23T10:09:53.604Z,buy,4.63e-06,683.0,0.00316229
SNGLS/BTC,1532340687173,2018-07-23T10:11:27.173Z,sell,4.62e-06,21047.0,0.09723714
SNGLS/BTC,1532340697777,2018-07-23T10:11:37.777Z,buy,4.63e-06,8.0,3.704e-05
SNGLS/BTC,1532340796192,2018-07-23T10:13:16.192Z,buy,4.63e-06,2242.0,0.01038046
SNGLS/BTC,1532340847870,2018-07-23T10:14:07.870Z,buy,4.65e-06,260.0,0.001209
SNGLS/BTC,1532341081195,2018-07-23T10:18:01.195Z,sell,4.64e-06,220.0,0.0010207999999999
SNGLS/BTC,1532341134191,2018-07-23T10:18:54.191Z,buy,4.65e-06,9367.0,0.04355655
SNGLS/BTC,1532341221356,2018-07-23T10:20:21.356Z,buy,4.65e-06,21505.0,0.09999825
SNGLS/BTC,1532341266557,2018-07-23T10:21:06.557Z,buy,4.65e-06,350.0,0.0016275
SNGLS/BTC,1532341291208,2018-07-23T10:21:31.208Z,buy,4.65e-06,1827.0,0.00849555
SNGLS/BTC,1532341442085,2018-07-23T10:24:02.085Z,sell,4.65e-06,299.0,0.00139035
SNGLS/BTC,1532341729594,2018-07-23T10:28:49.594Z,sell,4.65e-06,530.0,0.0024645
SNGLS/BTC,1532341817535,2018-07-23T10:30:17.535Z,sell,4.65e-06,520.0,0.002418
SNGLS/BTC,1532341898037,2018-07-23T10:31:38.037Z,buy,4.66e-06,537.0,0.00250242
SNGLS/BTC,1532341898037,2018-07-23T10:31:38.037Z,buy,4.66e-06,537.0,0.00250242
SNGLS/BTC,1532342149534,2018-07-23T10:35:49.534Z,buy,4.66e-06,6273.0,0.02923218
SNGLS/BTC,1532343238486,2018-07-23T10:53:58.486Z,sell,4.66e-06,910.0,0.0042406
SNGLS/BTC,1532343465345,2018-07-23T10:57:45.345Z,sell,4.66e-06,1116.0,0.00520056
SNGLS/BTC,1532343649836,2018-07-23T11:00:49.836Z,buy,4.67e-06,1.0,4.67e-06
SNGLS/BTC,1532343652838,2018-07-23T11:00:52.838Z,buy,4.67e-06,217.0,0.00101339
SNGLS/BTC,1532343652838,2018-07-23T11:00:52.838Z,buy,4.68e-06,3588.0,0.01679184
SNGLS/BTC,1532343652838,2018-07-23T11:00:52.838Z,buy,4.69e-06,43419.0,0.20363511
SNGLS/BTC,1532343652838,2018-07-23T11:00:52.838Z,buy,4.7e-06,46354.0,0.2178638
SNGLS/BTC,1532343654122,2018-07-23T11:00:54.122Z,sell,4.7e-06,1.0,4.7e-06
SNGLS/BTC,1532343654122,2018-07-23T11:00:54.122Z,sell,4.69e-06,934.0,0.00438046
SNGLS/BTC,1532343665866,2018-07-23T11:01:05.866Z,buy,4.7e-06,1146.0,0.0053862
SNGLS/BTC,1532343665881,2018-07-23T11:01:05.881Z,sell,4.7e-06,13202.0,0.0620494
SNGLS/BTC,1532343668530,2018-07-23T11:01:08.530Z,sell,4.7e-06,12861.0,0.0604467
SNGLS/BTC,1532343668551,2018-07-23T11:01:08.551Z,sell,4.7e-06,10260.0,0.048222
SNGLS/BTC,1532343669252,2018-07-23T11:01:09.252Z,sell,4.7e-06,661.0,0.0031067
SNGLS/BTC,1532343686330,2018-07-23T11:01:26.330Z,buy,4.71e-06,216.0,0.00101736
SNGLS/BTC,1532343686330,2018-07-23T11:01:26.330Z,buy,4.72e-06,786.0,0.00370992
SNGLS/BTC,1532343771879,2018-07-23T11:02:51.879Z,sell,4.71e-06,934.0,0.00439914
SNGLS/BTC,1532343946399,2018-07-23T11:05:46.399Z,buy,4.73e-06,834.0,0.00394482
SNGLS/BTC,1532343946399,2018-07-23T11:05:46.399Z,buy,4.74e-06,214.0,0.00101436
SNGLS/BTC,1532343946399,2018-07-23T11:05:46.399Z,buy,4.75e-06,1066.0,0.0050635
SNGLS/BTC,1532343961528,2018-07-23T11:06:01.528Z,sell,4.72e-06,270.0,0.0012744
SNGLS/BTC,1532343966374,2018-07-23T11:06:06.374Z,buy,4.75e-06,1.0,4.75e-06
SNGLS/BTC,1532343967934,2018-07-23T11:06:07.934Z,sell,4.71e-06,2311.0,0.01088481
SNGLS/BTC,1532343967934,2018-07-23T11:06:07.934Z,sell,4.7e-06,1027.0,0.0048269
SNGLS/BTC,1532343971213,2018-07-23T11:06:11.213Z,buy,4.75e-06,1.0,4.75e-06
SNGLS/BTC,1532343990654,2018-07-23T11:06:30.654Z,buy,4.75e-06,319.0,0.00151525
SNGLS/BTC,1532343993544,2018-07-23T11:06:33.544Z,buy,4.75e-06,319.0,0.00151525
SNGLS/BTC,1532343997924,2018-07-23T11:06:37.924Z,buy,4.75e-06,382.0,0.0018145
SNGLS/BTC,1532344013655,2018-07-23T11:06:53.655Z,buy,4.75e-06,245.0,0.00116375
SNGLS/BTC,1532344035411,2018-07-23T11:07:15.411Z,sell,4.73e-06,536.0,0.00253528
SNGLS/BTC,1532344048765,2018-07-23T11:07:28.765Z,buy,4.75e-06,1.0,4.75e-06
SNGLS/BTC,1532344072132,2018-07-23T11:07:52.132Z,sell,4.73e-06,988.0,0.0046732399999999
SNGLS/BTC,1532344072132,2018-07-23T11:07:52.132Z,sell,4.71e-06,80.0,0.0003768
SNGLS/BTC,1532344096551,2018-07-23T11:08:16.551Z,buy,4.75e-06,2105.0,0.00999875
SNGLS/BTC,1532344101789,2018-07-23T11:08:21.789Z,sell,4.73e-06,154.0,0.0007284199999999
SNGLS/BTC,1532344109177,2018-07-23T11:08:29.177Z,sell,4.73e-06,10.0,4.73e-05
SNGLS/BTC,1532344109534,2018-07-23T11:08:29.534Z,sell,4.73e-06,1408.0,0.0066598399999999
SNGLS/BTC,1532344150079,2018-07-23T11:09:10.079Z,sell,4.72e-06,984.0,0.0046444799999999
SNGLS/BTC,1532344177278,2018-07-23T11:09:37.278Z,sell,4.72e-06,932.0,0.00439904
SNGLS/BTC,1532344195241,2018-07-23T11:09:55.241Z,sell,4.72e-06,1330.0,0.0062775999999999
SNGLS/BTC,1532344198948,2018-07-23T11:09:58.948Z,sell,4.72e-06,170.0,0.0008024
SNGLS/BTC,1532344214176,2018-07-23T11:10:14.176Z,sell,4.71e-06,29.0,0.00013659
SNGLS/BTC,1532344263292,2018-07-23T11:11:03.292Z,sell,4.71e-06,1389.0,0.00654219
SNGLS/BTC,1532344326408,2018-07-23T11:12:06.408Z,buy,4.73e-06,2114.0,0.00999922
SNGLS/BTC,1532344330724,2018-07-23T11:12:10.724Z,sell,4.71e-06,71.0,0.00033441
SNGLS/BTC,1532344331074,2018-07-23T11:12:11.074Z,buy,4.71e-06,863.0,0.00406473
SNGLS/BTC,1532344331074,2018-07-23T11:12:11.074Z,buy,4.73e-06,840.0,0.0039732
SNGLS/BTC,1532344331074,2018-07-23T11:12:11.074Z,buy,4.75e-06,411.0,0.00195225
SNGLS/BTC,1532344694189,2018-07-23T11:18:14.189Z,buy,4.74e-06,1383.0,0.00655542
SNGLS/BTC,1532344694189,2018-07-23T11:18:14.189Z,buy,4.75e-06,726.0,0.0034485
SNGLS/BTC,1532344798444,2018-07-23T11:19:58.444Z,sell,4.71e-06,218.0,0.00102678
SNGLS/BTC,1532344958126,2018-07-23T11:22:38.126Z,sell,4.72e-06,562.0,0.00265264
SNGLS/BTC,1532344960933,2018-07-23T11:22:40.933Z,sell,4.72e-06,1976.0,0.00932672
SNGLS/BTC,1532345134987,2018-07-23T11:25:34.987Z,buy,4.72e-06,118.0,0.00055696
SNGLS/BTC,1532345134987,2018-07-23T11:25:34.987Z,buy,4.73e-06,927.0,0.00438471
SNGLS/BTC,1532345134987,2018-07-23T11:25:34.987Z,buy,4.74e-06,1073.0,0.00508602
SNGLS/BTC,1532345161893,2018-07-23T11:26:01.893Z,buy,4.74e-06,675.0,0.0031995
SNGLS/BTC,1532345262619,2018-07-23T11:27:42.619Z,sell,4.71e-06,4356.0,0.02051676
SNGLS/BTC,1532345262619,2018-07-23T11:27:42.619Z,sell,4.7e-06,16565.0,0.0778555
SNGLS/BTC,1532345443015,2018-07-23T11:30:43.015Z,sell,4.7e-06,1449.0,0.0068103
SNGLS/BTC,1532345479705,2018-07-23T11:31:19.705Z,sell,4.7e-06,2987.0,0.0140389
SNGLS/BTC,1532345479708,2018-07-23T11:31:19.708Z,sell,4.7e-06,63.0,0.0002961
SNGLS/BTC,1532345484659,2018-07-23T11:31:24.659Z,buy,4.7e-06,1.0,4.7e-06
SNGLS/BTC,1532345484659,2018-07-23T11:31:24.659Z,buy,4.7e-06,1.0,4.7e-06
SNGLS/BTC,1532345571004,2018-07-23T11:32:51.004Z,sell,4.68e-06,643.0,0.00300924
SNGLS/BTC,1532345572115,2018-07-23T11:32:52.115Z,sell,4.68e-06,219.0,0.00102492
SNGLS/BTC,1532345594250,2018-07-23T11:33:14.250Z,sell,4.68e-06,559.0,0.00261612
SNGLS/BTC,1532345766715,2018-07-23T11:36:06.715Z,buy,4.68e-06,424.0,0.00198432
SNGLS/BTC,1532345901428,2018-07-23T11:38:21.428Z,buy,4.68e-06,1417.0,0.00663156
SNGLS/BTC,1532345901428,2018-07-23T11:38:21.428Z,buy,4.69e-06,934.0,0.00438046
SNGLS/BTC,1532345901428,2018-07-23T11:38:21.428Z,buy,4.73e-06,424.0,0.00200552
SNGLS/BTC,1532345901428,2018-07-23T11:38:21.428Z,buy,4.74e-06,989.0,0.00468786
SNGLS/BTC,1532345903824,2018-07-23T11:38:23.824Z,buy,4.74e-06,1220.0,0.0057828
SNGLS/BTC,1532346107217,2018-07-23T11:41:47.217Z,sell,4.69e-06,1098.0,0.00514962
SNGLS/BTC,1532346107217,2018-07-23T11:41:47.217Z,sell,4.68e-06,376.0,0.00175968
SNGLS/BTC,1532346373174,2018-07-23T11:46:13.174Z,buy,4.69e-06,376.0,0.00176344
SNGLS/BTC,1532346373174,2018-07-23T11:46:13.174Z,buy,4.7e-06,1098.0,0.0051605999999999
SNGLS/BTC,1532346373174,2018-07-23T11:46:13.174Z,buy,4.74e-06,1024.0,0.00485376
SNGLS/BTC,1532346789433,2018-07-23T11:53:09.433Z,sell,4.7e-06,4.0,1.88e-05
SNGLS/BTC,1532346856619,2018-07-23T11:54:16.619Z,buy,4.74e-06,2109.0,0.00999666
SNGLS/BTC,1532347126139,2018-07-23T11:58:46.139Z,buy,4.73e-06,14172.0,0.0670335599999999
SNGLS/BTC,1532347166898,2018-07-23T11:59:26.898Z,sell,4.71e-06,23.0,0.00010833
SNGLS/BTC,1532347183033,2018-07-23T11:59:43.033Z,sell,4.71e-06,908.0,0.00427668
SNGLS/BTC,1532347183033,2018-07-23T11:59:43.033Z,sell,4.68e-06,2035.0,0.0095238
SNGLS/BTC,1532347200914,2018-07-23T12:00:00.914Z,buy,4.69e-06,1.0,4.69e-06
SNGLS/BTC,1532347759544,2018-07-23T12:09:19.544Z,buy,4.69e-06,1.0,4.69e-06
SNGLS/BTC,1532347879944,2018-07-23T12:11:19.944Z,sell,4.68e-06,163.0,0.00076284
SNGLS/BTC,1532347880910,2018-07-23T12:11:20.910Z,buy,4.68e-06,6.0,2.808e-05
SNGLS/BTC,1532347907223,2018-07-23T12:11:47.223Z,sell,4.67e-06,230.0,0.0010741
SNGLS/BTC,1532348033775,2018-07-23T12:13:53.775Z,sell,4.67e-06,350.0,0.0016345
SNGLS/BTC,1532348046167,2018-07-23T12:14:06.167Z,buy,4.69e-06,1358.0,0.00636902
SNGLS/BTC,1532348046167,2018-07-23T12:14:06.167Z,buy,4.73e-06,774.0,0.0036610199999999
SNGLS/BTC,1532348449581,2018-07-23T12:20:49.581Z,sell,4.72e-06,865.0,0.0040828
SNGLS/BTC,1532348814616,2018-07-23T12:26:54.616Z,buy,4.72e-06,1379.0,0.00650888
SNGLS/BTC,1532348814630,2018-07-23T12:26:54.630Z,sell,4.72e-06,5104.0,0.02409088
SNGLS/BTC,1532349021251,2018-07-23T12:30:21.251Z,buy,4.73e-06,1125.0,0.00532125
SNGLS/BTC,1532349081410,2018-07-23T12:31:21.410Z,buy,4.73e-06,224.0,0.00105952
SNGLS/BTC,1532349081410,2018-07-23T12:31:21.410Z,buy,4.73e-06,224.0,0.00105952
SNGLS/BTC,1532349241985,2018-07-23T12:34:01.985Z,sell,4.73e-06,244.0,0.0011541199999999
SNGLS/BTC,1532349241985,2018-07-23T12:34:01.985Z,sell,4.72e-06,1882.0,0.00888304
SNGLS/BTC,1532349251230,2018-07-23T12:34:11.230Z,buy,4.74e-06,1.0,4.74e-06
SNGLS/BTC,1532349873244,2018-07-23T12:44:33.244Z,sell,4.72e-06,136.0,0.0006419199999999
SNGLS/BTC,1532349901242,2018-07-23T12:45:01.242Z,sell,4.72e-06,629.0,0.0029688799999999
SNGLS/BTC,1532349935021,2018-07-23T12:45:35.021Z,sell,4.72e-06,180.0,0.0008495999999999
SNGLS/BTC,1532350078755,2018-07-23T12:47:58.755Z,sell,4.72e-06,25.0,0.000118
SNGLS/BTC,1532350082611,2018-07-23T12:48:02.611Z,buy,4.74e-06,1.0,4.74e-06
SNGLS/BTC,1532350344244,2018-07-23T12:52:24.244Z,sell,4.72e-06,3.0,1.416e-05
SNGLS/BTC,1532350662896,2018-07-23T12:57:42.896Z,sell,4.72e-06,5545.0,0.0261724
SNGLS/BTC,1532350782290,2018-07-23T12:59:42.290Z,buy,4.72e-06,19.0,8.968e-05
SNGLS/BTC,1532351085520,2018-07-23T13:04:45.520Z,sell,4.69e-06,455.0,0.00213395
SNGLS/BTC,1532351183028,2018-07-23T13:06:23.028Z,buy,4.72e-06,6609.0,0.0311944799999999
SNGLS/BTC,1532351326561,2018-07-23T13:08:46.561Z,buy,4.72e-06,5.0,2.36e-05
SNGLS/BTC,1532351489309,2018-07-23T13:11:29.309Z,buy,4.72e-06,3606.0,0.01702032
SNGLS/BTC,1532351503784,2018-07-23T13:11:43.784Z,buy,4.72e-06,5927.0,0.0279754399999999
SNGLS/BTC,1532351652281,2018-07-23T13:14:12.281Z,buy,4.72e-06,592.0,0.00279424
SNGLS/BTC,1532351656866,2018-07-23T13:14:16.866Z,sell,4.7e-06,732.0,0.0034403999999999
SNGLS/BTC,1532351996207,2018-07-23T13:19:56.207Z,buy,4.7e-06,2468.0,0.0115996
SNGLS/BTC,1532352015728,2018-07-23T13:20:15.728Z,sell,4.68e-06,769.0,0.00359892
SNGLS/BTC,1532352317815,2018-07-23T13:25:17.815Z,sell,4.68e-06,500.0,0.00234
SNGLS/BTC,1532352336105,2018-07-23T13:25:36.105Z,sell,4.68e-06,1217.0,0.00569556
SNGLS/BTC,1532352336105,2018-07-23T13:25:36.105Z,sell,4.67e-06,191.0,0.00089197
SNGLS/BTC,1532352336121,2018-07-23T13:25:36.121Z,buy,4.67e-06,2718.0,0.01269306
SNGLS/BTC,1532352336146,2018-07-23T13:25:36.146Z,buy,4.7e-06,285.0,0.0013395
SNGLS/BTC,1532352336146,2018-07-23T13:25:36.146Z,buy,4.71e-06,532.0,0.00250572
SNGLS/BTC,1532352336146,2018-07-23T13:25:36.146Z,buy,4.72e-06,1901.0,0.00897272
SNGLS/BTC,1532352595591,2018-07-23T13:29:55.591Z,buy,4.72e-06,2161.0,0.01019992
SNGLS/BTC,1532352595591,2018-07-23T13:29:55.591Z,buy,4.72e-06,2161.0,0.01019992
SNGLS/BTC,1532353139621,2018-07-23T13:38:59.621Z,buy,4.72e-06,641.0,0.00302552
SNGLS/BTC,1532353274692,2018-07-23T13:41:14.692Z,sell,4.69e-06,2752.0,0.01290688
SNGLS/BTC,1532353814259,2018-07-23T13:50:14.259Z,sell,4.68e-06,295.0,0.0013806
SNGLS/BTC,1532353956454,2018-07-23T13:52:36.454Z,buy,4.7e-06,1.0,4.7e-06
SNGLS/BTC,1532353957347,2018-07-23T13:52:37.347Z,buy,4.7e-06,3.0,1.41e-05
SNGLS/BTC,1532354375961,2018-07-23T13:59:35.961Z,sell,4.68e-06,3.0,1.404e-05
SNGLS/BTC,1532354377679,2018-07-23T13:59:37.679Z,buy,4.7e-06,1.0,4.7e-06
SNGLS/BTC,1532354518591,2018-07-23T14:01:58.591Z,sell,4.68e-06,1280.0,0.0059904
SNGLS/BTC,1532354518607,2018-07-23T14:01:58.607Z,buy,4.68e-06,746.0,0.00349128
SNGLS/BTC,1532354559050,2018-07-23T14:02:39.050Z,buy,4.69e-06,1.0,4.69e-06
SNGLS/BTC,1532354699305,2018-07-23T14:04:59.305Z,sell,4.66e-06,2233.0,0.01040578
SNGLS/BTC,1532354699305,2018-07-23T14:04:59.305Z,sell,4.65e-06,6394.0,0.0297321
SNGLS/BTC,1532354703824,2018-07-23T14:05:03.824Z,sell,4.67e-06,218.0,0.00101806
SNGLS/BTC,1532354791503,2018-07-23T14:06:31.503Z,buy,4.69e-06,1.0,4.69e-06
SNGLS/BTC,1532354842500,2018-07-23T14:07:22.500Z,sell,4.67e-06,720.0,0.0033624
SNGLS/BTC,1532354842500,2018-07-23T14:07:22.500Z,sell,4.65e-06,3182.0,0.0147963
SNGLS/BTC,1532354865582,2018-07-23T14:07:45.582Z,sell,4.67e-06,807.0,0.00376869
SNGLS/BTC,1532354865582,2018-07-23T14:07:45.582Z,sell,4.65e-06,3967.0,0.01844655
SNGLS/BTC,1532354923978,2018-07-23T14:08:43.978Z,sell,4.65e-06,217.0,0.00100905
SNGLS/BTC,1532354947752,2018-07-23T14:09:07.752Z,buy,4.69e-06,1.0,4.69e-06
SNGLS/BTC,1532355083746,2018-07-23T14:11:23.746Z,buy,4.69e-06,8.0,3.752e-05
SNGLS/BTC,1532355096510,2018-07-23T14:11:36.510Z,buy,4.69e-06,217.0,0.00101773
SNGLS/BTC,1532356033127,2018-07-23T14:27:13.127Z,buy,4.69e-06,1741.0,0.00816529
SNGLS/BTC,1532356033127,2018-07-23T14:27:13.127Z,buy,4.7e-06,216.0,0.0010152
SNGLS/BTC,1532356033127,2018-07-23T14:27:13.127Z,buy,4.71e-06,667.0,0.0031415699999999
SNGLS/BTC,1532356145870,2018-07-23T14:29:05.870Z,buy,4.68e-06,918.0,0.00429624
SNGLS/BTC,1532356145870,2018-07-23T14:29:05.870Z,buy,4.68e-06,918.0,0.00429624
SNGLS/BTC,1532356233174,2018-07-23T14:30:33.174Z,buy,4.68e-06,989.0,0.00462852
SNGLS/BTC,1532356295868,2018-07-23T14:31:35.868Z,buy,4.68e-06,1455.0,0.0068094
SNGLS/BTC,1532356426581,2018-07-23T14:33:46.581Z,buy,4.7e-06,1.0,4.7e-06
SNGLS/BTC,1532356481128,2018-07-23T14:34:41.128Z,buy,4.7e-06,932.0,0.0043804
SNGLS/BTC,1532356549772,2018-07-23T14:35:49.772Z,buy,4.71e-06,1.0,4.71e-06
SNGLS/BTC,1532356868455,2018-07-23T14:41:08.455Z,buy,4.71e-06,1.0,4.71e-06
SNGLS/BTC,1532357709944,2018-07-23T14:55:09.944Z,sell,4.68e-06,936.0,0.00438048
SNGLS/BTC,1532357709944,2018-07-23T14:55:09.944Z,sell,4.66e-06,218.0,0.00101588
SNGLS/BTC,1532357709944,2018-07-23T14:55:09.944Z,sell,4.65e-06,1846.0,0.0085839
SNGLS/BTC,1532357735084,2018-07-23T14:55:35.084Z,sell,4.66e-06,941.0,0.00438506
SNGLS/BTC,1532357751806,2018-07-23T14:55:51.806Z,sell,4.65e-06,649.0,0.00301785
SNGLS/BTC,1532357751806,2018-07-23T14:55:51.806Z,sell,4.63e-06,1151.0,0.00532913
SNGLS/BTC,1532357760634,2018-07-23T14:56:00.634Z,sell,4.64e-06,1900.0,0.008816
SNGLS/BTC,1532357760958,2018-07-23T14:56:00.958Z,buy,4.65e-06,1899.0,0.00883035
SNGLS/BTC,1532357761609,2018-07-23T14:56:01.609Z,buy,4.65e-06,238.0,0.0011067
SNGLS/BTC,1532357775324,2018-07-23T14:56:15.324Z,buy,4.65e-06,706.0,0.0032829
SNGLS/BTC,1532357775324,2018-07-23T14:56:15.324Z,buy,4.66e-06,1277.0,0.00595082
SNGLS/BTC,1532357775324,2018-07-23T14:56:15.324Z,buy,4.67e-06,218.0,0.00101806
SNGLS/BTC,1532357775324,2018-07-23T14:56:15.324Z,buy,4.69e-06,4217.0,0.01977773
SNGLS/BTC,1532357775324,2018-07-23T14:56:15.324Z,buy,4.71e-06,1465.0,0.00690015
SNGLS/BTC,1532357775324,2018-07-23T14:56:15.324Z,buy,4.72e-06,3651.0,0.01723272
SNGLS/BTC,1532357775324,2018-07-23T14:56:15.324Z,buy,4.73e-06,2143.0,0.0101363899999999
SNGLS/BTC,1532357775324,2018-07-23T14:56:15.324Z,buy,4.74e-06,480.0,0.0022752
SNGLS/BTC,1532357775437,2018-07-23T14:56:15.437Z,sell,4.63e-06,986.0,0.0045651799999999
SNGLS/BTC,1532357776285,2018-07-23T14:56:16.285Z,buy,4.63e-06,14.0,6.481999999999999e-05
SNGLS/BTC,1532357777268,2018-07-23T14:56:17.268Z,buy,4.64e-06,945.0,0.0043847999999999
SNGLS/BTC,1532357782545,2018-07-23T14:56:22.545Z,buy,4.65e-06,219.0,0.00101835
SNGLS/BTC,1532357785307,2018-07-23T14:56:25.307Z,buy,4.65e-06,218.0,0.0010137
SNGLS/BTC,1532357788244,2018-07-23T14:56:28.244Z,sell,4.63e-06,2946.0,0.01363998
SNGLS/BTC,1532357790199,2018-07-23T14:56:30.199Z,buy,4.63e-06,54.0,0.00025002
SNGLS/BTC,1532357790316,2018-07-23T14:56:30.316Z,buy,4.64e-06,945.0,0.0043847999999999
SNGLS/BTC,1532357796570,2018-07-23T14:56:36.570Z,sell,4.67e-06,218.0,0.00101806
SNGLS/BTC,1532357796619,2018-07-23T14:56:36.619Z,sell,4.67e-06,399.0,0.00186333
SNGLS/BTC,1532357800632,2018-07-23T14:56:40.632Z,sell,4.67e-06,218.0,0.00101806
SNGLS/BTC,1532357812262,2018-07-23T14:56:52.262Z,sell,4.66e-06,941.0,0.00438506
SNGLS/BTC,1532357813395,2018-07-23T14:56:53.395Z,sell,4.65e-06,218.0,0.0010137
SNGLS/BTC,1532357832253,2018-07-23T14:57:12.253Z,sell,4.65e-06,323.0,0.00150195
SNGLS/BTC,1532357832253,2018-07-23T14:57:12.253Z,sell,4.64e-06,677.0,0.0031412799999999
SNGLS/BTC,1532357835543,2018-07-23T14:57:15.543Z,buy,4.66e-06,59.0,0.00027494
SNGLS/BTC,1532357836212,2018-07-23T14:57:16.212Z,sell,4.66e-06,322.0,0.00150052
SNGLS/BTC,1532357853883,2018-07-23T14:57:33.883Z,sell,4.66e-06,1979.0,0.00922214
SNGLS/BTC,1532357875444,2018-07-23T14:57:55.444Z,sell,4.64e-06,4500.0,0.02088
SNGLS/BTC,1532357901645,2018-07-23T14:58:21.645Z,sell,4.64e-06,5000.0,0.0232
SNGLS/BTC,1532357986441,2018-07-23T14:59:46.441Z,sell,4.64e-06,179.0,0.0008305599999999
SNGLS/BTC,1532357986441,2018-07-23T14:59:46.441Z,sell,4.63e-06,4938.0,0.0228629399999999
SNGLS/BTC,1532358010107,2018-07-23T15:00:10.107Z,sell,4.63e-06,3341.0,0.01546883
SNGLS/BTC,1532358016915,2018-07-23T15:00:16.915Z,buy,4.63e-06,1.0,4.63e-06
SNGLS/BTC,1532358021323,2018-07-23T15:00:21.323Z,buy,4.63e-06,71.0,0.00032873
SNGLS/BTC,1532358055585,2018-07-23T15:00:55.585Z,sell,4.63e-06,559.0,0.00258817
SNGLS/BTC,1532358071446,2018-07-23T15:01:11.446Z,sell,4.62e-06,462.0,0.00213444
SNGLS/BTC,1532358504037,2018-07-23T15:08:24.037Z,sell,4.63e-06,243.0,0.00112509
SNGLS/BTC,1532358523166,2018-07-23T15:08:43.166Z,sell,4.62e-06,6139.0,0.0283621799999999
SNGLS/BTC,1532358524105,2018-07-23T15:08:44.105Z,buy,4.62e-06,11163.0,0.05157306
SNGLS/BTC,1532358540376,2018-07-23T15:09:00.376Z,buy,4.63e-06,1906.0,0.0088247799999999
SNGLS/BTC,1532358578016,2018-07-23T15:09:38.016Z,buy,4.64e-06,2.0,9.28e-06
SNGLS/BTC,1532358584823,2018-07-23T15:09:44.823Z,buy,4.64e-06,323.0,0.0014987199999999
SNGLS/BTC,1532358672490,2018-07-23T15:11:12.490Z,buy,4.64e-06,216.0,0.00100224
SNGLS/BTC,1532358690038,2018-07-23T15:11:30.038Z,buy,4.64e-06,10.0,4.64e-05
SNGLS/BTC,1532358917968,2018-07-23T15:15:17.968Z,sell,4.63e-06,1317.0,0.0060977099999999
SNGLS/BTC,1532358917968,2018-07-23T15:15:17.968Z,sell,4.62e-06,713.0,0.0032940599999999
SNGLS/BTC,1532359107635,2018-07-23T15:18:27.635Z,sell,4.63e-06,219.0,0.0010139699999999
SNGLS/BTC,1532359279478,2018-07-23T15:21:19.478Z,sell,4.63e-06,154.0,0.00071302
SNGLS/BTC,1532359506034,2018-07-23T15:25:06.034Z,buy,4.64e-06,6335.0,0.0293943999999999
SNGLS/BTC,1532359519128,2018-07-23T15:25:19.128Z,buy,4.65e-06,1535.0,0.00713775
SNGLS/BTC,1532359519128,2018-07-23T15:25:19.128Z,buy,4.66e-06,2132.0,0.00993512
SNGLS/BTC,1532359521923,2018-07-23T15:25:21.923Z,buy,4.66e-06,215.0,0.0010019
SNGLS/BTC,1532359531921,2018-07-23T15:25:31.921Z,buy,4.67e-06,1156.0,0.00539852
