symbol,timestamp,datetime,side,price,amount,btc_volume
SNGLS/BTC,1584705610667,2020-03-20T12:00:10.667Z,sell,7.6e-07,458.0,0.00034808
SNGLS/BTC,1584705776463,2020-03-20T12:02:56.463Z,sell,7.6e-07,80778.0,0.06139128
SNGLS/BTC,1584705788751,2020-03-20T12:03:08.751Z,buy,7.7e-07,454.0,0.00034958
SNGLS/BTC,1584705954783,2020-03-20T12:05:54.783Z,buy,7.7e-07,447.0,0.00034419
SNGLS/BTC,1584706130144,2020-03-20T12:08:50.144Z,sell,7.6e-07,471.0,0.00035796
SNGLS/BTC,1584706180162,2020-03-20T12:09:40.162Z,sell,7.6e-07,3276.0,0.00248976
SNGLS/BTC,1584706272401,2020-03-20T12:11:12.401Z,sell,7.6e-07,12545.0,0.0095342
SNGLS/BTC,1584706297873,2020-03-20T12:11:37.873Z,buy,7.7e-07,441.0,0.00033957
SNGLS/BTC,1584706470164,2020-03-20T12:14:30.164Z,buy,7.6e-07,465.0,0.0003534
SNGLS/BTC,1584706512723,2020-03-20T12:15:12.723Z,buy,7.6e-07,145.0,0.0001102
SNGLS/BTC,1584706627842,2020-03-20T12:17:07.842Z,buy,7.6e-07,471.0,0.00035796
SNGLS/BTC,1584706641151,2020-03-20T12:17:21.151Z,buy,7.6e-07,7780.0,0.0059128
SNGLS/BTC,1584706721422,2020-03-20T12:18:41.422Z,buy,7.7e-07,132.0,0.00010164
SNGLS/BTC,1584706791023,2020-03-20T12:19:51.023Z,buy,7.7e-07,452.0,0.00034804
SNGLS/BTC,1584706957998,2020-03-20T12:22:37.998Z,sell,7.6e-07,447.0,0.00033972
SNGLS/BTC,1584707008162,2020-03-20T12:23:28.162Z,sell,7.6e-07,1500.0,0.00114
SNGLS/BTC,1584707134489,2020-03-20T12:25:34.489Z,buy,7.7e-07,447.0,0.00034419
SNGLS/BTC,1584707303027,2020-03-20T12:28:23.027Z,buy,7.7e-07,443.0,0.00034111
SNGLS/BTC,1584707458612,2020-03-20T12:30:58.612Z,buy,7.7e-07,445.0,0.00034265
SNGLS/BTC,1584707475824,2020-03-20T12:31:15.824Z,sell,7.6e-07,637.0,0.00048412
SNGLS/BTC,1584707623251,2020-03-20T12:33:43.251Z,buy,7.6e-07,189.0,0.00014364
SNGLS/BTC,1584707636445,2020-03-20T12:33:56.445Z,buy,7.6e-07,143.0,0.00010868
SNGLS/BTC,1584707638398,2020-03-20T12:33:58.398Z,buy,7.6e-07,463.0,0.00035188
SNGLS/BTC,1584707648171,2020-03-20T12:34:08.171Z,buy,7.6e-07,13157.0,0.00999932
SNGLS/BTC,1584707711426,2020-03-20T12:35:11.426Z,buy,7.6e-07,427.0,0.00032452
SNGLS/BTC,1584707798321,2020-03-20T12:36:38.321Z,sell,7.5e-07,457.0,0.00034275
SNGLS/BTC,1584707978829,2020-03-20T12:39:38.829Z,sell,7.5e-07,450.0,0.0003375
SNGLS/BTC,1584708136322,2020-03-20T12:42:16.322Z,buy,7.6e-07,432.0,0.00032832
SNGLS/BTC,1584708144069,2020-03-20T12:42:24.069Z,buy,7.6e-07,1143.0,0.00086868
SNGLS/BTC,1584708308008,2020-03-20T12:45:08.008Z,sell,7.5e-07,451.0,0.00033825
SNGLS/BTC,1584708397264,2020-03-20T12:46:37.264Z,buy,7.6e-07,79755.0,0.0606138
SNGLS/BTC,1584708484718,2020-03-20T12:48:04.718Z,buy,7.7e-07,447.0,0.00034419
SNGLS/BTC,1584708557253,2020-03-20T12:49:17.253Z,buy,7.7e-07,3000.0,0.00231
SNGLS/BTC,1584708656271,2020-03-20T12:50:56.271Z,buy,7.7e-07,470.0,0.0003619
SNGLS/BTC,1584708832601,2020-03-20T12:53:52.601Z,sell,7.6e-07,448.0,0.00034048
SNGLS/BTC,1584709012718,2020-03-20T12:56:52.718Z,sell,7.6e-07,454.0,0.00034504
SNGLS/BTC,1584709012718,2020-03-20T12:56:52.718Z,sell,7.6e-07,454.0,0.00034504
SNGLS/BTC,1584709192562,2020-03-20T12:59:52.562Z,sell,7.6e-07,453.0,0.00034428
SNGLS/BTC,1584709208975,2020-03-20T13:00:08.975Z,buy,7.7e-07,1376.0,0.00105952
SNGLS/BTC,1584709355766,2020-03-20T13:02:35.766Z,sell,7.6e-07,437.0,0.00033212
SNGLS/BTC,1584709411161,2020-03-20T13:03:31.161Z,sell,7.6e-07,320.0,0.0002432
SNGLS/BTC,1584709448295,2020-03-20T13:04:08.295Z,sell,7.6e-07,1374.0,0.00104424
SNGLS/BTC,1584709520605,2020-03-20T13:05:20.605Z,buy,7.7e-07,465.0,0.00035805
SNGLS/BTC,1584709696544,2020-03-20T13:08:16.544Z,buy,7.7e-07,467.0,0.00035959
SNGLS/BTC,1584709773438,2020-03-20T13:09:33.438Z,sell,7.6e-07,6762.0,0.00513912
SNGLS/BTC,1584709857981,2020-03-20T13:10:57.981Z,buy,7.7e-07,457.0,0.00035189
SNGLS/BTC,1584710019379,2020-03-20T13:13:39.379Z,sell,7.6e-07,431.0,0.00032756
SNGLS/BTC,1584710181897,2020-03-20T13:16:21.897Z,sell,7.6e-07,435.0,0.0003306
SNGLS/BTC,1584710215978,2020-03-20T13:16:55.978Z,sell,7.6e-07,13157.0,0.00999932
SNGLS/BTC,1584710343350,2020-03-20T13:19:03.350Z,sell,7.6e-07,442.0,0.00033592
SNGLS/BTC,1584710500922,2020-03-20T13:21:40.922Z,buy,7.7e-07,466.0,0.00035882
SNGLS/BTC,1584710553106,2020-03-20T13:22:33.106Z,sell,7.6e-07,22000.0,0.01672
SNGLS/BTC,1584710654317,2020-03-20T13:24:14.317Z,sell,7.6e-07,1875.0,0.001425
SNGLS/BTC,1584710881042,2020-03-20T13:28:01.042Z,buy,7.6e-07,440.0,0.0003344
SNGLS/BTC,1584711052407,2020-03-20T13:30:52.407Z,buy,7.6e-07,469.0,0.00035644
SNGLS/BTC,1584711221801,2020-03-20T13:33:41.801Z,sell,7.5e-07,458.0,0.0003435
SNGLS/BTC,1584711380692,2020-03-20T13:36:20.692Z,sell,7.5e-07,446.0,0.0003345
SNGLS/BTC,1584711507888,2020-03-20T13:38:27.888Z,sell,7.5e-07,55855.0,0.04189125
SNGLS/BTC,1584711522575,2020-03-20T13:38:42.575Z,sell,7.4e-07,1516.0,0.00112184
SNGLS/BTC,1584711555049,2020-03-20T13:39:15.049Z,buy,7.5e-07,446.0,0.0003345
SNGLS/BTC,1584711732211,2020-03-20T13:42:12.211Z,buy,7.5e-07,466.0,0.0003495
SNGLS/BTC,1584711894505,2020-03-20T13:44:54.505Z,buy,7.5e-07,459.0,0.00034425
SNGLS/BTC,1584712061990,2020-03-20T13:47:41.990Z,buy,7.5e-07,438.0,0.0003285
SNGLS/BTC,1584712224789,2020-03-20T13:50:24.789Z,buy,7.5e-07,443.0,0.00033225
SNGLS/BTC,1584712242944,2020-03-20T13:50:42.944Z,buy,7.5e-07,15722.0,0.0117915
SNGLS/BTC,1584712377896,2020-03-20T13:52:57.896Z,sell,7.4e-07,448.0,0.00033152
SNGLS/BTC,1584712532949,2020-03-20T13:55:32.949Z,sell,7.4e-07,446.0,0.00033004
SNGLS/BTC,1584712532949,2020-03-20T13:55:32.949Z,sell,7.4e-07,446.0,0.00033004
SNGLS/BTC,1584712699746,2020-03-20T13:58:19.746Z,buy,7.5e-07,466.0,0.0003495
SNGLS/BTC,1584712859423,2020-03-20T14:00:59.423Z,buy,7.5e-07,451.0,0.00033825
SNGLS/BTC,1584713012358,2020-03-20T14:03:32.358Z,sell,7.4e-07,441.0,0.00032634
SNGLS/BTC,1584713171101,2020-03-20T14:06:11.101Z,buy,7.5e-07,433.0,0.00032475
SNGLS/BTC,1584713323097,2020-03-20T14:08:43.097Z,sell,7.4e-07,450.0,0.000333
SNGLS/BTC,1584713393643,2020-03-20T14:09:53.643Z,buy,7.5e-07,1000.0,0.00075
SNGLS/BTC,1584713395326,2020-03-20T14:09:55.326Z,buy,7.5e-07,1000.0,0.00075
SNGLS/BTC,1584713396754,2020-03-20T14:09:56.754Z,buy,7.5e-07,1000.0,0.00075
SNGLS/BTC,1584713398106,2020-03-20T14:09:58.106Z,buy,7.5e-07,1000.0,0.00075
SNGLS/BTC,1584713399470,2020-03-20T14:09:59.470Z,buy,7.5e-07,1000.0,0.00075
SNGLS/BTC,1584713404366,2020-03-20T14:10:04.366Z,buy,7.5e-07,1000.0,0.00075
SNGLS/BTC,1584713406272,2020-03-20T14:10:06.272Z,buy,7.5e-07,1000.0,0.00075
SNGLS/BTC,1584713409807,2020-03-20T14:10:09.807Z,buy,7.5e-07,1000.0,0.00075
SNGLS/BTC,1584713411451,2020-03-20T14:10:11.451Z,buy,7.5e-07,1000.0,0.00075
SNGLS/BTC,1584713413237,2020-03-20T14:10:13.237Z,buy,7.5e-07,1000.0,0.00075
SNGLS/BTC,1584713417630,2020-03-20T14:10:17.630Z,buy,7.5e-07,1000.0,0.00075
SNGLS/BTC,1584713420377,2020-03-20T14:10:20.377Z,buy,7.5e-07,1000.0,0.00075
SNGLS/BTC,1584713423026,2020-03-20T14:10:23.026Z,buy,7.5e-07,1000.0,0.00075
SNGLS/BTC,1584713429737,2020-03-20T14:10:29.737Z,buy,7.5e-07,1000.0,0.00075
SNGLS/BTC,1584713431576,2020-03-20T14:10:31.576Z,buy,7.5e-07,1000.0,0.00075
SNGLS/BTC,1584713433113,2020-03-20T14:10:33.113Z,buy,7.5e-07,1000.0,0.00075
SNGLS/BTC,1584713434918,2020-03-20T14:10:34.918Z,buy,7.5e-07,1000.0,0.00075
SNGLS/BTC,1584713436217,2020-03-20T14:10:36.217Z,buy,7.5e-07,1000.0,0.00075
SNGLS/BTC,1584713437685,2020-03-20T14:10:37.685Z,buy,7.5e-07,1000.0,0.00075
SNGLS/BTC,1584713439032,2020-03-20T14:10:39.032Z,buy,7.5e-07,1000.0,0.00075
SNGLS/BTC,1584713440692,2020-03-20T14:10:40.692Z,buy,7.5e-07,1000.0,0.00075
SNGLS/BTC,1584713443329,2020-03-20T14:10:43.329Z,buy,7.5e-07,1000.0,0.00075
SNGLS/BTC,1584713445208,2020-03-20T14:10:45.208Z,buy,7.5e-07,1000.0,0.00075
SNGLS/BTC,1584713448625,2020-03-20T14:10:48.625Z,buy,7.5e-07,1000.0,0.00075
SNGLS/BTC,1584713451167,2020-03-20T14:10:51.167Z,buy,7.5e-07,1000.0,0.00075
SNGLS/BTC,1584713456306,2020-03-20T14:10:56.306Z,buy,7.5e-07,1000.0,0.00075
SNGLS/BTC,1584713457846,2020-03-20T14:10:57.846Z,buy,7.5e-07,1000.0,0.00075
SNGLS/BTC,1584713463402,2020-03-20T14:11:03.402Z,buy,7.5e-07,1000.0,0.00075
SNGLS/BTC,1584713465009,2020-03-20T14:11:05.009Z,buy,7.5e-07,1000.0,0.00075
SNGLS/BTC,1584713469092,2020-03-20T14:11:09.092Z,buy,7.5e-07,1000.0,0.00075
SNGLS/BTC,1584713471003,2020-03-20T14:11:11.003Z,buy,7.5e-07,1000.0,0.00075
SNGLS/BTC,1584713474040,2020-03-20T14:11:14.040Z,buy,7.5e-07,1000.0,0.00075
SNGLS/BTC,1584713475941,2020-03-20T14:11:15.941Z,buy,7.5e-07,1000.0,0.00075
SNGLS/BTC,1584713477294,2020-03-20T14:11:17.294Z,buy,7.5e-07,1000.0,0.00075
SNGLS/BTC,1584713479108,2020-03-20T14:11:19.108Z,buy,7.5e-07,1000.0,0.00075
SNGLS/BTC,1584713480229,2020-03-20T14:11:20.229Z,buy,7.5e-07,453.0,0.00033975
SNGLS/BTC,1584713480873,2020-03-20T14:11:20.873Z,buy,7.5e-07,1000.0,0.00075
SNGLS/BTC,1584713482991,2020-03-20T14:11:22.991Z,buy,7.5e-07,1000.0,0.00075
SNGLS/BTC,1584713488914,2020-03-20T14:11:28.914Z,buy,7.5e-07,1000.0,0.00075
SNGLS/BTC,1584713491453,2020-03-20T14:11:31.453Z,buy,7.5e-07,1000.0,0.00075
SNGLS/BTC,1584713493456,2020-03-20T14:11:33.456Z,buy,7.5e-07,1000.0,0.00075
SNGLS/BTC,1584713497455,2020-03-20T14:11:37.455Z,buy,7.5e-07,1000.0,0.00075
SNGLS/BTC,1584713502440,2020-03-20T14:11:42.440Z,buy,7.5e-07,1000.0,0.00075
SNGLS/BTC,1584713507959,2020-03-20T14:11:47.959Z,buy,7.5e-07,1000.0,0.00075
SNGLS/BTC,1584713510332,2020-03-20T14:11:50.332Z,buy,7.5e-07,1000.0,0.00075
SNGLS/BTC,1584713516568,2020-03-20T14:11:56.568Z,buy,7.5e-07,1000.0,0.00075
SNGLS/BTC,1584713518429,2020-03-20T14:11:58.429Z,buy,7.5e-07,1000.0,0.00075
SNGLS/BTC,1584713520451,2020-03-20T14:12:00.451Z,buy,7.5e-07,1000.0,0.00075
SNGLS/BTC,1584713529242,2020-03-20T14:12:09.242Z,buy,7.5e-07,1000.0,0.00075
SNGLS/BTC,1584713533455,2020-03-20T14:12:13.455Z,buy,7.5e-07,1000.0,0.00075
SNGLS/BTC,1584713535387,2020-03-20T14:12:15.387Z,buy,7.5e-07,1000.0,0.00075
SNGLS/BTC,1584713537467,2020-03-20T14:12:17.467Z,buy,7.5e-07,1000.0,0.00075
SNGLS/BTC,1584713539088,2020-03-20T14:12:19.088Z,buy,7.5e-07,1000.0,0.00075
SNGLS/BTC,1584713543009,2020-03-20T14:12:23.009Z,buy,7.5e-07,1000.0,0.00075
SNGLS/BTC,1584713546006,2020-03-20T14:12:26.006Z,buy,7.5e-07,1000.0,0.00075
SNGLS/BTC,1584713547693,2020-03-20T14:12:27.693Z,buy,7.5e-07,1000.0,0.00075
SNGLS/BTC,1584713645772,2020-03-20T14:14:05.772Z,buy,7.5e-07,150701.0,0.11302575
SNGLS/BTC,1584713646848,2020-03-20T14:14:06.848Z,buy,7.5e-07,447.0,0.00033525
SNGLS/BTC,1584713807646,2020-03-20T14:16:47.646Z,sell,7.4e-07,460.0,0.0003404
SNGLS/BTC,1584713981130,2020-03-20T14:19:41.130Z,buy,7.6e-07,431.0,0.00032756
SNGLS/BTC,1584713982632,2020-03-20T14:19:42.632Z,buy,7.6e-07,217.0,0.00016492
SNGLS/BTC,1584713982647,2020-03-20T14:19:42.647Z,buy,7.6e-07,1965.0,0.0014934
SNGLS/BTC,1584713982857,2020-03-20T14:19:42.857Z,buy,7.6e-07,34810.0,0.0264556
SNGLS/BTC,1584713982928,2020-03-20T14:19:42.928Z,buy,7.6e-07,194.0,0.00014744
SNGLS/BTC,1584714160144,2020-03-20T14:22:40.144Z,sell,7.5e-07,467.0,0.00035025
SNGLS/BTC,1584714330261,2020-03-20T14:25:30.261Z,buy,7.6e-07,471.0,0.00035796
SNGLS/BTC,1584714495930,2020-03-20T14:28:15.930Z,sell,7.5e-07,442.0,0.0003315
SNGLS/BTC,1584714622484,2020-03-20T14:30:22.484Z,buy,7.6e-07,500.0,0.00038
SNGLS/BTC,1584714661968,2020-03-20T14:31:01.968Z,sell,7.5e-07,468.0,0.000351
SNGLS/BTC,1584714790844,2020-03-20T14:33:10.844Z,buy,7.6e-07,3411.0,0.00259236
SNGLS/BTC,1584714817205,2020-03-20T14:33:37.205Z,buy,7.6e-07,455.0,0.0003458
SNGLS/BTC,1584714848338,2020-03-20T14:34:08.338Z,buy,7.6e-07,188.0,0.00014288
SNGLS/BTC,1584714991874,2020-03-20T14:36:31.874Z,buy,7.6e-07,457.0,0.00034732
SNGLS/BTC,1584715154517,2020-03-20T14:39:14.517Z,sell,7.5e-07,462.0,0.0003465
SNGLS/BTC,1584715330856,2020-03-20T14:42:10.856Z,sell,7.5e-07,466.0,0.0003495
SNGLS/BTC,1584715491836,2020-03-20T14:44:51.836Z,sell,7.5e-07,462.0,0.0003465
SNGLS/BTC,1584715665039,2020-03-20T14:47:45.039Z,sell,7.5e-07,452.0,0.000339
SNGLS/BTC,1584715828365,2020-03-20T14:50:28.365Z,buy,7.6e-07,442.0,0.00033592
SNGLS/BTC,1584715986407,2020-03-20T14:53:06.407Z,buy,7.6e-07,443.0,0.00033668
SNGLS/BTC,1584715986407,2020-03-20T14:53:06.407Z,buy,7.6e-07,443.0,0.00033668
SNGLS/BTC,1584716161532,2020-03-20T14:56:01.532Z,buy,7.6e-07,439.0,0.00033364
SNGLS/BTC,1584716178726,2020-03-20T14:56:18.726Z,sell,7.5e-07,34775.0,0.02608125
SNGLS/BTC,1584716330269,2020-03-20T14:58:50.269Z,buy,7.6e-07,452.0,0.00034352
SNGLS/BTC,1584716484480,2020-03-20T15:01:24.480Z,buy,7.6e-07,457.0,0.00034732
SNGLS/BTC,1584716657469,2020-03-20T15:04:17.469Z,sell,7.5e-07,444.0,0.000333
SNGLS/BTC,1584716808258,2020-03-20T15:06:48.258Z,sell,7.5e-07,434.0,0.0003255
SNGLS/BTC,1584716959188,2020-03-20T15:09:19.188Z,buy,7.6e-07,450.0,0.000342
SNGLS/BTC,1584717113242,2020-03-20T15:11:53.242Z,buy,7.6e-07,467.0,0.00035492
SNGLS/BTC,1584717214852,2020-03-20T15:13:34.852Z,buy,7.6e-07,32049.0,0.02435724
SNGLS/BTC,1584717269098,2020-03-20T15:14:29.098Z,buy,7.6e-07,435.0,0.0003306
SNGLS/BTC,1584717420520,2020-03-20T15:17:00.520Z,sell,7.5e-07,469.0,0.00035175
SNGLS/BTC,1584717487099,2020-03-20T15:18:07.099Z,buy,7.6e-07,604123.0,0.45913348
SNGLS/BTC,1584717498460,2020-03-20T15:18:18.460Z,buy,7.6e-07,604861.0,0.45969436
SNGLS/BTC,1584717507489,2020-03-20T15:18:27.489Z,buy,7.6e-07,603086.0,0.45834536
SNGLS/BTC,1584717509042,2020-03-20T15:18:29.042Z,buy,7.6e-07,608523.0,0.46247748
SNGLS/BTC,1584717510274,2020-03-20T15:18:30.274Z,buy,7.6e-07,608926.0,0.46278376
SNGLS/BTC,1584717580150,2020-03-20T15:19:40.150Z,sell,7.6e-07,1548.0,0.00117648
SNGLS/BTC,1584717817540,2020-03-20T15:23:37.540Z,buy,7.6e-07,472.0,0.00035872
SNGLS/BTC,1584717869717,2020-03-20T15:24:29.717Z,buy,7.6e-07,609995.0,0.4635962
SNGLS/BTC,1584717996444,2020-03-20T15:26:36.444Z,sell,7.6e-07,2158.0,0.00164008
SNGLS/BTC,1584718212966,2020-03-20T15:30:12.966Z,buy,7.7e-07,467.0,0.00035959
SNGLS/BTC,1584718393280,2020-03-20T15:33:13.280Z,sell,7.6e-07,439.0,0.00033364
SNGLS/BTC,1584718407636,2020-03-20T15:33:27.636Z,sell,7.6e-07,219.0,0.00016644
SNGLS/BTC,1584718497222,2020-03-20T15:34:57.222Z,sell,7.6e-07,169.0,0.00012844
SNGLS/BTC,1584718559119,2020-03-20T15:35:59.119Z,sell,7.6e-07,441.0,0.00033516
SNGLS/BTC,1584718576928,2020-03-20T15:36:16.928Z,sell,7.6e-07,95013.0,0.07220988
SNGLS/BTC,1584718577005,2020-03-20T15:36:17.005Z,buy,7.6e-07,506530.0,0.3849628
SNGLS/BTC,1584718581466,2020-03-20T15:36:21.466Z,sell,7.6e-07,47727.0,0.03627252
SNGLS/BTC,1584718581531,2020-03-20T15:36:21.531Z,buy,7.6e-07,559788.0,0.42543888
SNGLS/BTC,1584718731538,2020-03-20T15:38:51.538Z,sell,7.5e-07,464.0,0.000348
SNGLS/BTC,1584718899043,2020-03-20T15:41:39.043Z,sell,7.6e-07,1024.0,0.00077824
SNGLS/BTC,1584719137537,2020-03-20T15:45:37.537Z,buy,7.6e-07,451.0,0.00034276
SNGLS/BTC,1584719298034,2020-03-20T15:48:18.034Z,buy,7.6e-07,443.0,0.00033668
SNGLS/BTC,1584719476771,2020-03-20T15:51:16.771Z,sell,7.5e-07,461.0,0.00034575
SNGLS/BTC,1584719476771,2020-03-20T15:51:16.771Z,sell,7.5e-07,461.0,0.00034575
SNGLS/BTC,1584719637789,2020-03-20T15:53:57.789Z,buy,7.6e-07,443.0,0.00033668
SNGLS/BTC,1584719798990,2020-03-20T15:56:38.990Z,sell,7.5e-07,445.0,0.00033375
SNGLS/BTC,1584719959028,2020-03-20T15:59:19.028Z,buy,7.6e-07,432.0,0.00032832
SNGLS/BTC,1584720116453,2020-03-20T16:01:56.453Z,sell,7.5e-07,446.0,0.0003345
SNGLS/BTC,1584720274989,2020-03-20T16:04:34.989Z,buy,7.6e-07,462.0,0.00035112
SNGLS/BTC,1584720444332,2020-03-20T16:07:24.332Z,buy,7.6e-07,469.0,0.00035644
SNGLS/BTC,1584720602128,2020-03-20T16:10:02.128Z,buy,7.6e-07,468.0,0.00035568
SNGLS/BTC,1584720757482,2020-03-20T16:12:37.482Z,buy,7.6e-07,451.0,0.00034276
SNGLS/BTC,1584720927421,2020-03-20T16:15:27.421Z,sell,7.5e-07,463.0,0.00034725
SNGLS/BTC,1584721086182,2020-03-20T16:18:06.182Z,sell,7.5e-07,461.0,0.00034575
SNGLS/BTC,1584721124792,2020-03-20T16:18:44.792Z,buy,7.6e-07,161.0,0.00012236
SNGLS/BTC,1584721248590,2020-03-20T16:20:48.590Z,buy,7.6e-07,436.0,0.00033136
SNGLS/BTC,1584721426135,2020-03-20T16:23:46.135Z,sell,7.5e-07,452.0,0.000339
SNGLS/BTC,1584721598966,2020-03-20T16:26:38.966Z,buy,7.6e-07,448.0,0.00034048
SNGLS/BTC,1584721754391,2020-03-20T16:29:14.391Z,buy,7.6e-07,470.0,0.0003572
SNGLS/BTC,1584721905901,2020-03-20T16:31:45.901Z,sell,7.5e-07,20451.0,0.01533825
SNGLS/BTC,1584721926486,2020-03-20T16:32:06.486Z,sell,7.5e-07,458.0,0.0003435
SNGLS/BTC,1584722080229,2020-03-20T16:34:40.229Z,sell,7.5e-07,473.0,0.00035475
SNGLS/BTC,1584722256301,2020-03-20T16:37:36.301Z,sell,7.5e-07,466.0,0.0003495
SNGLS/BTC,1584722417527,2020-03-20T16:40:17.527Z,sell,7.5e-07,187831.0,0.14087325
SNGLS/BTC,1584722424991,2020-03-20T16:40:24.991Z,sell,7.5e-07,469.0,0.00035175
SNGLS/BTC,1584722575566,2020-03-20T16:42:55.566Z,sell,7.5e-07,436.0,0.000327
SNGLS/BTC,1584722753318,2020-03-20T16:45:53.318Z,sell,7.5e-07,460.0,0.000345
SNGLS/BTC,1584722915886,2020-03-20T16:48:35.886Z,sell,7.5e-07,438.0,0.0003285
SNGLS/BTC,1584722915886,2020-03-20T16:48:35.886Z,sell,7.5e-07,438.0,0.0003285
SNGLS/BTC,1584723085681,2020-03-20T16:51:25.681Z,buy,7.6e-07,457.0,0.00034732
SNGLS/BTC,1584723263752,2020-03-20T16:54:23.752Z,sell,7.5e-07,456.0,0.000342
SNGLS/BTC,1584723436791,2020-03-20T16:57:16.791Z,sell,7.5e-07,432.0,0.000324
SNGLS/BTC,1584723614912,2020-03-20T17:00:14.912Z,sell,7.5e-07,448.0,0.000336
SNGLS/BTC,1584723615935,2020-03-20T17:00:15.935Z,buy,7.6e-07,1466.0,0.00111416
SNGLS/BTC,1584723769150,2020-03-20T17:02:49.150Z,sell,7.5e-07,451.0,0.00033825
SNGLS/BTC,1584723946173,2020-03-20T17:05:46.173Z,buy,7.6e-07,440.0,0.0003344
SNGLS/BTC,1584724083703,2020-03-20T17:08:03.703Z,sell,7.5e-07,16814.0,0.0126105
SNGLS/BTC,1584724115295,2020-03-20T17:08:35.295Z,buy,7.6e-07,440.0,0.0003344
SNGLS/BTC,1584724192095,2020-03-20T17:09:52.095Z,buy,7.6e-07,532.0,0.00040432
SNGLS/BTC,1584724221950,2020-03-20T17:10:21.950Z,buy,7.6e-07,15789.0,0.01199964
SNGLS/BTC,1584724293670,2020-03-20T17:11:33.670Z,sell,7.5e-07,435.0,0.00032625
SNGLS/BTC,1584724466930,2020-03-20T17:14:26.930Z,buy,7.6e-07,440.0,0.0003344
SNGLS/BTC,1584724640970,2020-03-20T17:17:20.970Z,sell,7.5e-07,454.0,0.0003405
SNGLS/BTC,1584724794863,2020-03-20T17:19:54.863Z,sell,7.5e-07,465.0,0.00034875
SNGLS/BTC,1584724968206,2020-03-20T17:22:48.206Z,sell,7.5e-07,437.0,0.00032775
SNGLS/BTC,1584725064556,2020-03-20T17:24:24.556Z,sell,7.5e-07,19915.0,0.01493625
SNGLS/BTC,1584725118536,2020-03-20T17:25:18.536Z,buy,7.5e-07,498.0,0.0003735
SNGLS/BTC,1584725124810,2020-03-20T17:25:24.810Z,buy,7.5e-07,491.0,0.00036825
SNGLS/BTC,1584725130314,2020-03-20T17:25:30.314Z,buy,7.5e-07,491.0,0.00036825
SNGLS/BTC,1584725136675,2020-03-20T17:25:36.675Z,sell,7.4e-07,462.0,0.00034188
SNGLS/BTC,1584725139562,2020-03-20T17:25:39.562Z,buy,7.5e-07,500.0,0.000375
SNGLS/BTC,1584725290893,2020-03-20T17:28:10.893Z,buy,7.5e-07,448.0,0.000336
SNGLS/BTC,1584725462716,2020-03-20T17:31:02.716Z,buy,7.5e-07,436.0,0.000327
SNGLS/BTC,1584725637653,2020-03-20T17:33:57.653Z,buy,7.5e-07,448.0,0.000336
SNGLS/BTC,1584725710526,2020-03-20T17:35:10.526Z,buy,7.5e-07,283.0,0.00021225
SNGLS/BTC,1584725810602,2020-03-20T17:36:50.602Z,buy,7.5e-07,448.0,0.000336
SNGLS/BTC,1584725987597,2020-03-20T17:39:47.597Z,buy,7.5e-07,434.0,0.0003255
SNGLS/BTC,1584726141542,2020-03-20T17:42:21.542Z,sell,7.4e-07,450.0,0.000333
SNGLS/BTC,1584726169011,2020-03-20T17:42:49.011Z,buy,7.5e-07,2922.0,0.0021915
SNGLS/BTC,1584726307296,2020-03-20T17:45:07.296Z,sell,7.4e-07,430.0,0.0003182
SNGLS/BTC,1584726378711,2020-03-20T17:46:18.711Z,sell,7.4e-07,8131.0,0.00601694
SNGLS/BTC,1584726485438,2020-03-20T17:48:05.438Z,sell,7.4e-07,452.0,0.00033448
SNGLS/BTC,1584726496144,2020-03-20T17:48:16.144Z,buy,7.5e-07,499.0,0.00037425
SNGLS/BTC,1584726496144,2020-03-20T17:48:16.144Z,buy,7.5e-07,499.0,0.00037425
SNGLS/BTC,1584726526357,2020-03-20T17:48:46.357Z,buy,7.5e-07,226.0,0.0001695
SNGLS/BTC,1584726661142,2020-03-20T17:51:01.142Z,buy,7.5e-07,449.0,0.00033675
SNGLS/BTC,1584726684620,2020-03-20T17:51:24.620Z,buy,7.5e-07,4000.0,0.003
SNGLS/BTC,1584726830399,2020-03-20T17:53:50.399Z,buy,7.5e-07,452.0,0.000339
SNGLS/BTC,1584726890588,2020-03-20T17:54:50.588Z,buy,7.5e-07,20346.0,0.0152595
SNGLS/BTC,1584726991437,2020-03-20T17:56:31.437Z,buy,7.5e-07,432.0,0.000324
SNGLS/BTC,1584727158025,2020-03-20T17:59:18.025Z,buy,7.5e-07,434.0,0.0003255
SNGLS/BTC,1584727337768,2020-03-20T18:02:17.768Z,sell,7.4e-07,431.0,0.00031894
SNGLS/BTC,1584727506568,2020-03-20T18:05:06.568Z,buy,7.5e-07,447.0,0.00033525
SNGLS/BTC,1584727583934,2020-03-20T18:06:23.934Z,buy,7.5e-07,4000.0,0.003
SNGLS/BTC,1584727607507,2020-03-20T18:06:47.507Z,buy,7.5e-07,7231.0,0.00542325
SNGLS/BTC,1584727668898,2020-03-20T18:07:48.898Z,buy,7.5e-07,456.0,0.000342
SNGLS/BTC,1584727833887,2020-03-20T18:10:33.887Z,buy,7.5e-07,437.0,0.00032775
SNGLS/BTC,1584727989831,2020-03-20T18:13:09.831Z,buy,7.5e-07,465.0,0.00034875
SNGLS/BTC,1584728169521,2020-03-20T18:16:09.521Z,buy,7.5e-07,430.0,0.0003225
SNGLS/BTC,1584728337443,2020-03-20T18:18:57.443Z,buy,7.5e-07,471.0,0.00035325
SNGLS/BTC,1584728501231,2020-03-20T18:21:41.231Z,buy,7.5e-07,465.0,0.00034875
SNGLS/BTC,1584728679890,2020-03-20T18:24:39.890Z,buy,7.5e-07,453.0,0.00033975
SNGLS/BTC,1584728845656,2020-03-20T18:27:25.656Z,sell,7.4e-07,460.0,0.0003404
SNGLS/BTC,1584729011459,2020-03-20T18:30:11.459Z,sell,7.4e-07,452.0,0.00033448
SNGLS/BTC,1584729164806,2020-03-20T18:32:44.806Z,sell,7.4e-07,470.0,0.0003478
SNGLS/BTC,1584729340537,2020-03-20T18:35:40.537Z,sell,7.4e-07,463.0,0.00034262
SNGLS/BTC,1584729494188,2020-03-20T18:38:14.188Z,sell,7.4e-07,464.0,0.00034336
SNGLS/BTC,1584729649768,2020-03-20T18:40:49.768Z,buy,7.5e-07,437.0,0.00032775
SNGLS/BTC,1584729814313,2020-03-20T18:43:34.313Z,buy,7.5e-07,463.0,0.00034725
SNGLS/BTC,1584729916145,2020-03-20T18:45:16.145Z,sell,7.4e-07,119044.0,0.08809256
SNGLS/BTC,1584729991170,2020-03-20T18:46:31.170Z,sell,7.3e-07,454.0,0.00033142
SNGLS/BTC,1584730006947,2020-03-20T18:46:46.947Z,buy,7.4e-07,102463.0,0.07582262
SNGLS/BTC,1584730047157,2020-03-20T18:47:27.157Z,buy,7.4e-07,256419.0,0.18975006
SNGLS/BTC,1584730047157,2020-03-20T18:47:27.157Z,buy,7.4e-07,256419.0,0.18975006
SNGLS/BTC,1584730136169,2020-03-20T18:48:56.169Z,sell,7.3e-07,26646.0,0.01945158
SNGLS/BTC,1584730166808,2020-03-20T18:49:26.808Z,sell,7.3e-07,440.0,0.0003212
SNGLS/BTC,1584730337592,2020-03-20T18:52:17.592Z,buy,7.4e-07,448.0,0.00033152
SNGLS/BTC,1584730347302,2020-03-20T18:52:27.302Z,buy,7.4e-07,27026.0,0.01999924
SNGLS/BTC,1584730382333,2020-03-20T18:53:02.333Z,buy,7.4e-07,5183.0,0.00383542
SNGLS/BTC,1584730382333,2020-03-20T18:53:02.333Z,buy,7.5e-07,222.0,0.0001665
SNGLS/BTC,1584730459767,2020-03-20T18:54:19.767Z,sell,7.3e-07,55243.0,0.04032739
SNGLS/BTC,1584730495919,2020-03-20T18:54:55.919Z,buy,7.4e-07,437.0,0.00032338
SNGLS/BTC,1584730576489,2020-03-20T18:56:16.489Z,buy,7.5e-07,9585.0,0.00718875
SNGLS/BTC,1584730676066,2020-03-20T18:57:56.066Z,sell,7.3e-07,471.0,0.00034383
SNGLS/BTC,1584730842505,2020-03-20T19:00:42.505Z,buy,7.4e-07,472.0,0.00034928
SNGLS/BTC,1584730886470,2020-03-20T19:01:26.470Z,buy,7.4e-07,33068.0,0.02447032
SNGLS/BTC,1584730886470,2020-03-20T19:01:26.470Z,buy,7.5e-07,95137.0,0.07135275
SNGLS/BTC,1584731008575,2020-03-20T19:03:28.575Z,sell,7.3e-07,438.0,0.00031974
SNGLS/BTC,1584731187099,2020-03-20T19:06:27.099Z,buy,7.4e-07,444.0,0.00032856
SNGLS/BTC,1584731360196,2020-03-20T19:09:20.196Z,buy,7.4e-07,456.0,0.00033744
SNGLS/BTC,1584731535112,2020-03-20T19:12:15.112Z,buy,7.4e-07,456.0,0.00033744
SNGLS/BTC,1584731690185,2020-03-20T19:14:50.185Z,buy,7.4e-07,431.0,0.00031894
SNGLS/BTC,1584731867292,2020-03-20T19:17:47.292Z,sell,7.3e-07,473.0,0.00034529
SNGLS/BTC,1584732047177,2020-03-20T19:20:47.177Z,buy,7.4e-07,433.0,0.00032042
SNGLS/BTC,1584732221149,2020-03-20T19:23:41.149Z,buy,7.4e-07,463.0,0.00034262
SNGLS/BTC,1584732390854,2020-03-20T19:26:30.854Z,buy,7.4e-07,442.0,0.00032708
SNGLS/BTC,1584732567271,2020-03-20T19:29:27.271Z,sell,7.3e-07,449.0,0.00032777
SNGLS/BTC,1584732653854,2020-03-20T19:30:53.854Z,buy,7.4e-07,6708.0,0.00496392
SNGLS/BTC,1584732738233,2020-03-20T19:32:18.233Z,buy,7.4e-07,443.0,0.00032782
SNGLS/BTC,1584732898057,2020-03-20T19:34:58.057Z,buy,7.4e-07,451.0,0.00033374
SNGLS/BTC,1584733067907,2020-03-20T19:37:47.907Z,buy,7.4e-07,451.0,0.00033374
SNGLS/BTC,1584733233405,2020-03-20T19:40:33.405Z,buy,7.4e-07,473.0,0.00035002
SNGLS/BTC,1584733393650,2020-03-20T19:43:13.650Z,buy,7.4e-07,455.0,0.0003367
SNGLS/BTC,1584733565165,2020-03-20T19:46:05.165Z,buy,7.4e-07,461.0,0.00034114
SNGLS/BTC,1584733565165,2020-03-20T19:46:05.165Z,buy,7.4e-07,461.0,0.00034114
SNGLS/BTC,1584733722661,2020-03-20T19:48:42.661Z,buy,7.4e-07,442.0,0.00032708
SNGLS/BTC,1584733897757,2020-03-20T19:51:37.757Z,sell,7.3e-07,472.0,0.00034456
SNGLS/BTC,1584734055480,2020-03-20T19:54:15.480Z,sell,7.3e-07,468.0,0.00034164
SNGLS/BTC,1584734118208,2020-03-20T19:55:18.208Z,sell,7.3e-07,21249.0,0.01551177
SNGLS/BTC,1584734233113,2020-03-20T19:57:13.113Z,sell,7.3e-07,444.0,0.00032412
SNGLS/BTC,1584734376343,2020-03-20T19:59:36.343Z,buy,7.4e-07,4054.0,0.00299996
SNGLS/BTC,1584734405159,2020-03-20T20:00:05.159Z,buy,7.4e-07,453.0,0.00033522
SNGLS/BTC,1584734569744,2020-03-20T20:02:49.744Z,sell,7.3e-07,436.0,0.00031828
SNGLS/BTC,1584734731964,2020-03-20T20:05:31.964Z,buy,7.4e-07,443.0,0.00032782
SNGLS/BTC,1584734890463,2020-03-20T20:08:10.463Z,sell,7.3e-07,466.0,0.00034018
SNGLS/BTC,1584734912032,2020-03-20T20:08:32.032Z,sell,7.3e-07,86801.0,0.06336473
SNGLS/BTC,1584734917655,2020-03-20T20:08:37.655Z,sell,7.3e-07,32973.0,0.02407029
SNGLS/BTC,1584734997343,2020-03-20T20:09:57.343Z,sell,7.3e-07,95976.0,0.07006248
SNGLS/BTC,1584735070792,2020-03-20T20:11:10.792Z,sell,7.2e-07,450.0,0.000324
SNGLS/BTC,1584735079324,2020-03-20T20:11:19.324Z,buy,7.3e-07,239.0,0.00017447
SNGLS/BTC,1584735180197,2020-03-20T20:13:00.197Z,buy,7.3e-07,1430.0,0.0010439
SNGLS/BTC,1584735233683,2020-03-20T20:13:53.683Z,buy,7.3e-07,439.0,0.00032047
SNGLS/BTC,1584735402671,2020-03-20T20:16:42.671Z,buy,7.3e-07,447.0,0.00032631
SNGLS/BTC,1584735573160,2020-03-20T20:19:33.160Z,buy,7.3e-07,456.0,0.00033288
SNGLS/BTC,1584735736249,2020-03-20T20:22:16.249Z,buy,7.3e-07,440.0,0.0003212
SNGLS/BTC,1584735871165,2020-03-20T20:24:31.165Z,sell,7.2e-07,3945.0,0.0028404
SNGLS/BTC,1584735915374,2020-03-20T20:25:15.374Z,sell,7.2e-07,437.0,0.00031464
SNGLS/BTC,1584736082636,2020-03-20T20:28:02.636Z,sell,7.2e-07,470.0,0.0003384
SNGLS/BTC,1584736239329,2020-03-20T20:30:39.329Z,sell,7.2e-07,13294.0,0.0095716799999999
SNGLS/BTC,1584736261527,2020-03-20T20:31:01.527Z,buy,7.3e-07,460.0,0.0003358
SNGLS/BTC,1584736417999,2020-03-20T20:33:37.999Z,sell,7.2e-07,458.0,0.00032976
SNGLS/BTC,1584736597052,2020-03-20T20:36:37.052Z,buy,7.3e-07,468.0,0.00034164
SNGLS/BTC,1584736760573,2020-03-20T20:39:20.573Z,sell,7.2e-07,432.0,0.00031104
SNGLS/BTC,1584736889691,2020-03-20T20:41:29.691Z,sell,7.2e-07,62865.0,0.0452628
SNGLS/BTC,1584736913310,2020-03-20T20:41:53.310Z,sell,7.2e-07,470.0,0.0003384
SNGLS/BTC,1584737016237,2020-03-20T20:43:36.237Z,buy,7.3e-07,434.0,0.00031682
SNGLS/BTC,1584737081212,2020-03-20T20:44:41.212Z,buy,7.3e-07,460.0,0.0003358
SNGLS/BTC,1584737081212,2020-03-20T20:44:41.212Z,buy,7.3e-07,460.0,0.0003358
SNGLS/BTC,1584737239185,2020-03-20T20:47:19.185Z,buy,7.3e-07,464.0,0.00033872
SNGLS/BTC,1584737399783,2020-03-20T20:49:59.783Z,sell,7.2e-07,435.0,0.0003131999999999
SNGLS/BTC,1584737450726,2020-03-20T20:50:50.726Z,sell,7.2e-07,32933.0,0.02371176
SNGLS/BTC,1584737567032,2020-03-20T20:52:47.032Z,sell,7.2e-07,459.0,0.00033048
SNGLS/BTC,1584737737158,2020-03-20T20:55:37.158Z,sell,7.2e-07,454.0,0.00032688
SNGLS/BTC,1584737904495,2020-03-20T20:58:24.495Z,buy,7.3e-07,440.0,0.0003212
SNGLS/BTC,1584737941640,2020-03-20T20:59:01.640Z,buy,7.3e-07,20486.0,0.0149547799999999
SNGLS/BTC,1584738057475,2020-03-20T21:00:57.475Z,buy,7.3e-07,469.0,0.00034237
SNGLS/BTC,1584738216375,2020-03-20T21:03:36.375Z,buy,7.3e-07,472.0,0.00034456
SNGLS/BTC,1584738378514,2020-03-20T21:06:18.514Z,buy,7.3e-07,453.0,0.00033069
SNGLS/BTC,1584738536001,2020-03-20T21:08:56.001Z,sell,7.2e-07,448.0,0.00032256
SNGLS/BTC,1584738691774,2020-03-20T21:11:31.774Z,buy,7.3e-07,472.0,0.00034456
SNGLS/BTC,1584738842476,2020-03-20T21:14:02.476Z,sell,7.2e-07,458.0,0.00032976
SNGLS/BTC,1584738998514,2020-03-20T21:16:38.514Z,sell,7.2e-07,462.0,0.00033264
SNGLS/BTC,1584739166673,2020-03-20T21:19:26.673Z,sell,7.2e-07,447.0,0.00032184
SNGLS/BTC,1584739339401,2020-03-20T21:22:19.401Z,buy,7.3e-07,435.0,0.00031755
SNGLS/BTC,1584739491446,2020-03-20T21:24:51.446Z,sell,7.2e-07,456.0,0.00032832
SNGLS/BTC,1584739646411,2020-03-20T21:27:26.411Z,buy,7.3e-07,458.0,0.00033434
SNGLS/BTC,1584739798460,2020-03-20T21:29:58.460Z,buy,7.3e-07,453.0,0.00033069
SNGLS/BTC,1584739953695,2020-03-20T21:32:33.695Z,buy,7.3e-07,470.0,0.0003431
SNGLS/BTC,1584740102616,2020-03-20T21:35:02.616Z,buy,7.4e-07,909.0,0.00067266
SNGLS/BTC,1584740115141,2020-03-20T21:35:15.141Z,sell,7.3e-07,1176.0,0.00085848
SNGLS/BTC,1584740162595,2020-03-20T21:36:02.595Z,buy,7.3e-07,1233.0,0.00090009
SNGLS/BTC,1584740216795,2020-03-20T21:36:56.795Z,sell,7.3e-07,1138.0,0.00083074
SNGLS/BTC,1584740267216,2020-03-20T21:37:47.216Z,sell,7.3e-07,1350.0,0.0009855
SNGLS/BTC,1584740308746,2020-03-20T21:38:28.746Z,buy,7.3e-07,1184.0,0.00086432
SNGLS/BTC,1584740347241,2020-03-20T21:39:07.241Z,sell,7.3e-07,1050.0,0.0007665
SNGLS/BTC,1584740382320,2020-03-20T21:39:42.320Z,buy,7.3e-07,1243.0,0.00090739
SNGLS/BTC,1584740419303,2020-03-20T21:40:19.303Z,sell,7.3e-07,1196.0,0.00087308
SNGLS/BTC,1584740471931,2020-03-20T21:41:11.931Z,buy,7.3e-07,1100.0,0.000803
SNGLS/BTC,1584740527437,2020-03-20T21:42:07.437Z,buy,7.3e-07,1241.0,0.00090593
SNGLS/BTC,1584740576383,2020-03-20T21:42:56.383Z,sell,7.3e-07,1100.0,0.000803
SNGLS/BTC,1584740623266,2020-03-20T21:43:43.266Z,buy,7.4e-07,469.0,0.00034706
SNGLS/BTC,1584740623266,2020-03-20T21:43:43.266Z,buy,7.4e-07,469.0,0.00034706
SNGLS/BTC,1584740787722,2020-03-20T21:46:27.722Z,sell,7.3e-07,437.0,0.00031901
SNGLS/BTC,1584740922431,2020-03-20T21:48:42.431Z,sell,7.3e-07,210.0,0.0001533
SNGLS/BTC,1584740960476,2020-03-20T21:49:20.476Z,buy,7.4e-07,457.0,0.00033818
SNGLS/BTC,1584741138386,2020-03-20T21:52:18.386Z,buy,7.4e-07,447.0,0.00033078
SNGLS/BTC,1584741310686,2020-03-20T21:55:10.686Z,buy,7.4e-07,452.0,0.00033448
SNGLS/BTC,1584741463857,2020-03-20T21:57:43.857Z,sell,7.3e-07,440.0,0.0003212
SNGLS/BTC,1584741634681,2020-03-20T22:00:34.681Z,buy,7.4e-07,472.0,0.00034928
SNGLS/BTC,1584741789424,2020-03-20T22:03:09.424Z,buy,7.4e-07,467.0,0.00034558
SNGLS/BTC,1584741949685,2020-03-20T22:05:49.685Z,buy,7.4e-07,511.0,0.00037814
SNGLS/BTC,1584741953108,2020-03-20T22:05:53.108Z,sell,7.3e-07,472.0,0.00034456
SNGLS/BTC,1584742105028,2020-03-20T22:08:25.028Z,sell,7.3e-07,463.0,0.00033799
SNGLS/BTC,1584742271518,2020-03-20T22:11:11.518Z,buy,7.4e-07,442.0,0.00032708
SNGLS/BTC,1584742428791,2020-03-20T22:13:48.791Z,buy,7.4e-07,449.0,0.00033226
SNGLS/BTC,1584742515604,2020-03-20T22:15:15.604Z,buy,7.4e-07,1349.0,0.00099826
SNGLS/BTC,1584742598571,2020-03-20T22:16:38.571Z,sell,7.3e-07,432.0,0.00031536
SNGLS/BTC,1584742757280,2020-03-20T22:19:17.280Z,sell,7.3e-07,461.0,0.00033653
SNGLS/BTC,1584742769023,2020-03-20T22:19:29.023Z,sell,7.3e-07,10000.0,0.0073
SNGLS/BTC,1584742917707,2020-03-20T22:21:57.707Z,buy,7.4e-07,438.0,0.00032412
SNGLS/BTC,1584743081667,2020-03-20T22:24:41.667Z,sell,7.3e-07,8155.0,0.00595315
SNGLS/BTC,1584743090303,2020-03-20T22:24:50.303Z,sell,7.3e-07,431.0,0.00031463
SNGLS/BTC,1584743268135,2020-03-20T22:27:48.135Z,sell,7.3e-07,465.0,0.00033945
SNGLS/BTC,1584743429786,2020-03-20T22:30:29.786Z,sell,7.3e-07,5473.0,0.00399529
SNGLS/BTC,1584743445736,2020-03-20T22:30:45.736Z,buy,7.4e-07,440.0,0.0003256
SNGLS/BTC,1584743614144,2020-03-20T22:33:34.144Z,buy,7.4e-07,450.0,0.000333
SNGLS/BTC,1584743768329,2020-03-20T22:36:08.329Z,buy,7.4e-07,470.0,0.0003478
SNGLS/BTC,1584743921894,2020-03-20T22:38:41.894Z,sell,7.3e-07,451.0,0.00032923
SNGLS/BTC,1584744086711,2020-03-20T22:41:26.711Z,sell,7.3e-07,458.0,0.00033434
SNGLS/BTC,1584744086711,2020-03-20T22:41:26.711Z,sell,7.3e-07,458.0,0.00033434
SNGLS/BTC,1584744247456,2020-03-20T22:44:07.456Z,buy,7.4e-07,464.0,0.00034336
SNGLS/BTC,1584744409020,2020-03-20T22:46:49.020Z,sell,7.3e-07,447.0,0.00032631
SNGLS/BTC,1584744477508,2020-03-20T22:47:57.508Z,buy,7.4e-07,7086.0,0.00524364
SNGLS/BTC,1584744563698,2020-03-20T22:49:23.698Z,sell,7.3e-07,451.0,0.00032923
SNGLS/BTC,1584744727087,2020-03-20T22:52:07.087Z,buy,7.4e-07,446.0,0.00033004
SNGLS/BTC,1584744883944,2020-03-20T22:54:43.944Z,sell,7.3e-07,456.0,0.00033288
SNGLS/BTC,1584745047697,2020-03-20T22:57:27.697Z,sell,7.3e-07,2444.0,0.00178412
SNGLS/BTC,1584745063103,2020-03-20T22:57:43.103Z,sell,7.3e-07,466.0,0.00034018
SNGLS/BTC,1584745232508,2020-03-20T23:00:32.508Z,sell,7.3e-07,443.0,0.00032339
SNGLS/BTC,1584745383638,2020-03-20T23:03:03.638Z,sell,7.3e-07,463.0,0.00033799
SNGLS/BTC,1584745551174,2020-03-20T23:05:51.174Z,buy,7.4e-07,452.0,0.00033448
SNGLS/BTC,1584745709078,2020-03-20T23:08:29.078Z,sell,7.3e-07,432.0,0.00031536
SNGLS/BTC,1584745882264,2020-03-20T23:11:22.264Z,sell,7.3e-07,452.0,0.00032996
SNGLS/BTC,1584746051418,2020-03-20T23:14:11.418Z,sell,7.3e-07,433.0,0.00031609
SNGLS/BTC,1584746204130,2020-03-20T23:16:44.130Z,sell,7.3e-07,470.0,0.0003431
SNGLS/BTC,1584746368693,2020-03-20T23:19:28.693Z,buy,7.4e-07,464.0,0.00034336
SNGLS/BTC,1584746523041,2020-03-20T23:22:03.041Z,buy,7.4e-07,449.0,0.00033226
SNGLS/BTC,1584746689977,2020-03-20T23:24:49.977Z,buy,7.4e-07,463.0,0.00034262
SNGLS/BTC,1584746841241,2020-03-20T23:27:21.241Z,sell,7.3e-07,444.0,0.00032412
SNGLS/BTC,1584746999094,2020-03-20T23:29:59.094Z,sell,7.3e-07,436.0,0.00031828
SNGLS/BTC,1584747162996,2020-03-20T23:32:42.996Z,buy,7.4e-07,432.0,0.00031968
SNGLS/BTC,1584747250870,2020-03-20T23:34:10.870Z,buy,7.4e-07,606039.0,0.44846886
SNGLS/BTC,1584747258906,2020-03-20T23:34:18.906Z,buy,7.4e-07,606496.0,0.44880704
SNGLS/BTC,1584747261741,2020-03-20T23:34:21.741Z,buy,7.4e-07,609644.0,0.45113656
SNGLS/BTC,1584747264279,2020-03-20T23:34:24.279Z,buy,7.4e-07,601132.0,0.44483768
SNGLS/BTC,1584747265707,2020-03-20T23:34:25.707Z,buy,7.4e-07,601608.0,0.44518992
SNGLS/BTC,1584747267065,2020-03-20T23:34:27.065Z,buy,7.4e-07,601283.0,0.44494942
SNGLS/BTC,1584747268267,2020-03-20T23:34:28.267Z,buy,7.4e-07,609022.0,0.45067628
SNGLS/BTC,1584747315188,2020-03-20T23:35:15.188Z,buy,7.4e-07,1353.0,0.00100122
SNGLS/BTC,1584747529752,2020-03-20T23:38:49.752Z,sell,7.4e-07,450.0,0.000333
SNGLS/BTC,1584747557814,2020-03-20T23:39:17.814Z,sell,7.4e-07,26349.0,0.01949826
SNGLS/BTC,1584747557814,2020-03-20T23:39:17.814Z,sell,7.4e-07,26349.0,0.01949826
SNGLS/BTC,1584747707572,2020-03-20T23:41:47.572Z,buy,7.5e-07,437.0,0.00032775
SNGLS/BTC,1584747868231,2020-03-20T23:44:28.231Z,sell,7.4e-07,446.0,0.00033004
SNGLS/BTC,1584747901538,2020-03-20T23:45:01.538Z,sell,7.4e-07,17284.0,0.01279016
SNGLS/BTC,1584747961420,2020-03-20T23:46:01.420Z,sell,7.4e-07,3202.0,0.00236948
SNGLS/BTC,1584748032976,2020-03-20T23:47:12.976Z,sell,7.4e-07,457.0,0.00033818
SNGLS/BTC,1584748203153,2020-03-20T23:50:03.153Z,buy,7.5e-07,460.0,0.000345
SNGLS/BTC,1584748240380,2020-03-20T23:50:40.380Z,buy,7.5e-07,135.0,0.00010125
SNGLS/BTC,1584748371768,2020-03-20T23:52:51.768Z,buy,7.5e-07,437.0,0.00032775
SNGLS/BTC,1584748528684,2020-03-20T23:55:28.684Z,sell,7.4e-07,443.0,0.00032782
SNGLS/BTC,1584748707378,2020-03-20T23:58:27.378Z,buy,7.5e-07,458.0,0.0003435
SNGLS/BTC,1584748730872,2020-03-20T23:58:50.872Z,sell,7.4e-07,1273.0,0.00094202
SNGLS/BTC,1584748763351,2020-03-20T23:59:23.351Z,sell,7.4e-07,5164.0,0.00382136
SNGLS/BTC,1584748868646,2020-03-21T00:01:08.646Z,sell,7.4e-07,462.0,0.00034188
SNGLS/BTC,1584749043336,2020-03-21T00:04:03.336Z,buy,7.5e-07,467.0,0.00035025
SNGLS/BTC,1584749215477,2020-03-21T00:06:55.477Z,buy,7.5e-07,470.0,0.0003525
SNGLS/BTC,1584749384083,2020-03-21T00:09:44.083Z,buy,7.5e-07,452.0,0.000339
SNGLS/BTC,1584749560290,2020-03-21T00:12:40.290Z,sell,7.4e-07,431.0,0.00031894
SNGLS/BTC,1584749718886,2020-03-21T00:15:18.886Z,sell,7.4e-07,466.0,0.00034484
SNGLS/BTC,1584749886296,2020-03-21T00:18:06.296Z,buy,7.5e-07,468.0,0.000351
SNGLS/BTC,1584750044114,2020-03-21T00:20:44.114Z,buy,7.5e-07,457.0,0.00034275
SNGLS/BTC,1584750220704,2020-03-21T00:23:40.704Z,sell,7.4e-07,457.0,0.00033818
SNGLS/BTC,1584750374818,2020-03-21T00:26:14.818Z,sell,7.4e-07,430.0,0.0003182
SNGLS/BTC,1584750548730,2020-03-21T00:29:08.730Z,sell,7.4e-07,434.0,0.00032116
SNGLS/BTC,1584750716446,2020-03-21T00:31:56.446Z,buy,7.5e-07,470.0,0.0003525
SNGLS/BTC,1584750885375,2020-03-21T00:34:45.375Z,sell,7.4e-07,436.0,0.00032264
SNGLS/BTC,1584750900025,2020-03-21T00:35:00.025Z,sell,7.4e-07,145.0,0.0001073
SNGLS/BTC,1584751038337,2020-03-21T00:37:18.337Z,sell,7.4e-07,472.0,0.00034928
SNGLS/BTC,1584751038337,2020-03-21T00:37:18.337Z,sell,7.4e-07,472.0,0.00034928
SNGLS/BTC,1584751191180,2020-03-21T00:39:51.180Z,buy,7.5e-07,456.0,0.000342
SNGLS/BTC,1584751363399,2020-03-21T00:42:43.399Z,sell,7.4e-07,464.0,0.00034336
SNGLS/BTC,1584751535545,2020-03-21T00:45:35.545Z,sell,7.4e-07,450.0,0.000333
SNGLS/BTC,1584751692262,2020-03-21T00:48:12.262Z,sell,7.4e-07,461.0,0.00034114
SNGLS/BTC,1584751871689,2020-03-21T00:51:11.689Z,buy,7.5e-07,466.0,0.0003495
SNGLS/BTC,1584752027777,2020-03-21T00:53:47.777Z,sell,7.4e-07,465.0,0.0003441
SNGLS/BTC,1584752185407,2020-03-21T00:56:25.407Z,buy,7.5e-07,466.0,0.0003495
SNGLS/BTC,1584752341957,2020-03-21T00:59:01.957Z,sell,7.4e-07,445.0,0.0003293
SNGLS/BTC,1584752501792,2020-03-21T01:01:41.792Z,buy,7.5e-07,453.0,0.00033975
SNGLS/BTC,1584752607027,2020-03-21T01:03:27.027Z,sell,7.4e-07,258.0,0.00019092
SNGLS/BTC,1584752662399,2020-03-21T01:04:22.399Z,sell,7.4e-07,442.0,0.00032708
SNGLS/BTC,1584752836681,2020-03-21T01:07:16.681Z,sell,7.4e-07,444.0,0.00032856
SNGLS/BTC,1584752986653,2020-03-21T01:09:46.653Z,buy,7.5e-07,239.0,0.00017925
SNGLS/BTC,1584753004935,2020-03-21T01:10:04.935Z,sell,7.4e-07,449.0,0.00033226
SNGLS/BTC,1584753155880,2020-03-21T01:12:35.880Z,sell,7.4e-07,432.0,0.00031968
SNGLS/BTC,1584753333812,2020-03-21T01:15:33.812Z,sell,7.4e-07,464.0,0.00034336
SNGLS/BTC,1584753493310,2020-03-21T01:18:13.310Z,sell,7.4e-07,443.0,0.00032782
SNGLS/BTC,1584753650638,2020-03-21T01:20:50.638Z,buy,7.5e-07,458.0,0.0003435
SNGLS/BTC,1584753818249,2020-03-21T01:23:38.249Z,buy,7.5e-07,465.0,0.00034875
SNGLS/BTC,1584753973195,2020-03-21T01:26:13.195Z,buy,7.5e-07,435.0,0.00032625
SNGLS/BTC,1584754132067,2020-03-21T01:28:52.067Z,sell,7.4e-07,471.0,0.00034854
SNGLS/BTC,1584754299105,2020-03-21T01:31:39.105Z,buy,7.5e-07,432.0,0.000324
SNGLS/BTC,1584754469986,2020-03-21T01:34:29.986Z,buy,7.5e-07,436.0,0.000327
SNGLS/BTC,1584754629755,2020-03-21T01:37:09.755Z,buy,7.5e-07,470.0,0.0003525
SNGLS/BTC,1584754629755,2020-03-21T01:37:09.755Z,buy,7.5e-07,470.0,0.0003525
SNGLS/BTC,1584754706962,2020-03-21T01:38:26.962Z,sell,7.4e-07,26899.0,0.01990526
SNGLS/BTC,1584754804736,2020-03-21T01:40:04.736Z,buy,7.5e-07,441.0,0.00033075
SNGLS/BTC,1584754820620,2020-03-21T01:40:20.620Z,buy,7.5e-07,2521.0,0.00189075
SNGLS/BTC,1584754967881,2020-03-21T01:42:47.881Z,buy,7.5e-07,436.0,0.000327
SNGLS/BTC,1584755126602,2020-03-21T01:45:26.602Z,sell,7.4e-07,469.0,0.00034706
SNGLS/BTC,1584755301273,2020-03-21T01:48:21.273Z,buy,7.5e-07,437.0,0.00032775
SNGLS/BTC,1584755459131,2020-03-21T01:50:59.131Z,sell,7.4e-07,354.0,0.00026196
SNGLS/BTC,1584755620089,2020-03-21T01:53:40.089Z,buy,7.5e-07,382.0,0.0002865
SNGLS/BTC,1584755777393,2020-03-21T01:56:17.393Z,buy,7.5e-07,533.0,0.00039975
SNGLS/BTC,1584755790183,2020-03-21T01:56:30.183Z,buy,7.5e-07,384.0,0.000288
SNGLS/BTC,1584755956328,2020-03-21T01:59:16.328Z,buy,7.5e-07,372.0,0.000279
SNGLS/BTC,1584756131838,2020-03-21T02:02:11.838Z,buy,7.5e-07,383.0,0.00028725
SNGLS/BTC,1584756301719,2020-03-21T02:05:01.719Z,sell,7.4e-07,361.0,0.00026714
SNGLS/BTC,1584756461418,2020-03-21T02:07:41.418Z,buy,7.5e-07,353.0,0.00026475
SNGLS/BTC,1584756636842,2020-03-21T02:10:36.842Z,sell,7.4e-07,361.0,0.00026714
SNGLS/BTC,1584756816882,2020-03-21T02:13:36.882Z,sell,7.4e-07,376.0,0.00027824
SNGLS/BTC,1584756981068,2020-03-21T02:16:21.068Z,sell,7.4e-07,374.0,0.00027676
SNGLS/BTC,1584757146588,2020-03-21T02:19:06.588Z,sell,7.4e-07,365.0,0.0002701
SNGLS/BTC,1584757299628,2020-03-21T02:21:39.628Z,buy,7.5e-07,375.0,0.00028125
SNGLS/BTC,1584757461344,2020-03-21T02:24:21.344Z,buy,7.5e-07,372.0,0.000279
SNGLS/BTC,1584757637291,2020-03-21T02:27:17.291Z,sell,7.4e-07,372.0,0.00027528
SNGLS/BTC,1584757817053,2020-03-21T02:30:17.053Z,sell,7.4e-07,358.0,0.00026492
SNGLS/BTC,1584757941824,2020-03-21T02:32:21.824Z,buy,7.5e-07,23858.0,0.0178935
SNGLS/BTC,1584757975309,2020-03-21T02:32:55.309Z,sell,7.4e-07,360.0,0.0002664
SNGLS/BTC,1584758113157,2020-03-21T02:35:13.157Z,buy,7.5e-07,170.0,0.0001275
SNGLS/BTC,1584758126423,2020-03-21T02:35:26.423Z,buy,7.5e-07,375.0,0.00028125
SNGLS/BTC,1584758126423,2020-03-21T02:35:26.423Z,buy,7.5e-07,375.0,0.00028125
SNGLS/BTC,1584758305712,2020-03-21T02:38:25.712Z,sell,7.4e-07,371.0,0.00027454
SNGLS/BTC,1584758469155,2020-03-21T02:41:09.155Z,buy,7.5e-07,366.0,0.0002745
SNGLS/BTC,1584758631826,2020-03-21T02:43:51.826Z,sell,7.4e-07,375.0,0.0002775
SNGLS/BTC,1584758784510,2020-03-21T02:46:24.510Z,sell,7.4e-07,371.0,0.00027454
SNGLS/BTC,1584758950702,2020-03-21T02:49:10.702Z,buy,7.5e-07,383.0,0.00028725
SNGLS/BTC,1584759109482,2020-03-21T02:51:49.482Z,buy,7.5e-07,355.0,0.00026625
SNGLS/BTC,1584759274841,2020-03-21T02:54:34.841Z,sell,7.4e-07,367.0,0.00027158
SNGLS/BTC,1584759292039,2020-03-21T02:54:52.039Z,sell,7.4e-07,1963.0,0.00145262
SNGLS/BTC,1584759445820,2020-03-21T02:57:25.820Z,buy,7.5e-07,354.0,0.0002655
SNGLS/BTC,1584759491771,2020-03-21T02:58:11.771Z,buy,7.5e-07,100000.0,0.075
SNGLS/BTC,1584759611368,2020-03-21T03:00:11.368Z,sell,7.4e-07,376.0,0.00027824
SNGLS/BTC,1584759775945,2020-03-21T03:02:55.945Z,buy,7.5e-07,361.0,0.00027075
SNGLS/BTC,1584759818678,2020-03-21T03:03:38.678Z,buy,7.5e-07,157.0,0.00011775
SNGLS/BTC,1584759837604,2020-03-21T03:03:57.604Z,sell,7.4e-07,2521.0,0.00186554
SNGLS/BTC,1584759935368,2020-03-21T03:05:35.368Z,buy,7.5e-07,383.0,0.00028725
SNGLS/BTC,1584760103583,2020-03-21T03:08:23.583Z,sell,7.4e-07,381.0,0.00028194
SNGLS/BTC,1584760265367,2020-03-21T03:11:05.367Z,buy,7.5e-07,360.0,0.00027
SNGLS/BTC,1584760426550,2020-03-21T03:13:46.550Z,sell,7.4e-07,357.0,0.00026418
SNGLS/BTC,1584760602656,2020-03-21T03:16:42.656Z,sell,7.4e-07,381.0,0.00028194
SNGLS/BTC,1584760781491,2020-03-21T03:19:41.491Z,sell,7.4e-07,358.0,0.00026492
SNGLS/BTC,1584760957217,2020-03-21T03:22:37.217Z,buy,7.5e-07,372.0,0.000279
SNGLS/BTC,1584761114913,2020-03-21T03:25:14.913Z,sell,7.4e-07,378.0,0.00027972
SNGLS/BTC,1584761291723,2020-03-21T03:28:11.723Z,sell,7.4e-07,354.0,0.00026196
SNGLS/BTC,1584761447563,2020-03-21T03:30:47.563Z,buy,7.5e-07,368.0,0.000276
SNGLS/BTC,1584761618312,2020-03-21T03:33:38.312Z,sell,7.4e-07,353.0,0.00026122
SNGLS/BTC,1584761709177,2020-03-21T03:35:09.177Z,sell,7.4e-07,188108.0,0.13919992
SNGLS/BTC,1584761712135,2020-03-21T03:35:12.135Z,buy,7.4e-07,136.0,0.00010064
SNGLS/BTC,1584761712135,2020-03-21T03:35:12.135Z,buy,7.4e-07,136.0,0.00010064
SNGLS/BTC,1584761773841,2020-03-21T03:36:13.841Z,buy,7.4e-07,136.0,0.00010064
SNGLS/BTC,1584761776765,2020-03-21T03:36:16.765Z,buy,7.4e-07,136.0,0.00010064
SNGLS/BTC,1584761779913,2020-03-21T03:36:19.913Z,sell,7.3e-07,351.0,0.00025623
SNGLS/BTC,1584761936192,2020-03-21T03:38:56.192Z,buy,7.4e-07,379.0,0.00028046
SNGLS/BTC,1584762112744,2020-03-21T03:41:52.744Z,buy,7.4e-07,376.0,0.00027824
SNGLS/BTC,1584762270747,2020-03-21T03:44:30.747Z,sell,7.3e-07,381.0,0.00027813
SNGLS/BTC,1584762430583,2020-03-21T03:47:10.583Z,buy,7.4e-07,381.0,0.00028194
SNGLS/BTC,1584762482778,2020-03-21T03:48:02.778Z,buy,7.4e-07,41800.0,0.030932
SNGLS/BTC,1584762583775,2020-03-21T03:49:43.775Z,buy,7.4e-07,356.0,0.00026344
SNGLS/BTC,1584762760307,2020-03-21T03:52:40.307Z,sell,7.3e-07,364.0,0.00026572
SNGLS/BTC,1584762854896,2020-03-21T03:54:14.896Z,buy,7.4e-07,13513.0,0.00999962
SNGLS/BTC,1584762933672,2020-03-21T03:55:33.672Z,buy,7.4e-07,374.0,0.00027676
SNGLS/BTC,1584763091656,2020-03-21T03:58:11.656Z,sell,7.3e-07,368.0,0.00026864
SNGLS/BTC,1584763269855,2020-03-21T04:01:09.855Z,sell,7.3e-07,383.0,0.00027959
SNGLS/BTC,1584763434820,2020-03-21T04:03:54.820Z,buy,7.4e-07,18444.0,0.01364856
SNGLS/BTC,1584763438433,2020-03-21T04:03:58.433Z,sell,7.4e-07,363.0,0.00026862
SNGLS/BTC,1584763610431,2020-03-21T04:06:50.431Z,buy,7.5e-07,371.0,0.00027825
SNGLS/BTC,1584763731785,2020-03-21T04:08:51.785Z,buy,7.5e-07,44354.0,0.0332655
SNGLS/BTC,1584763733057,2020-03-21T04:08:53.057Z,buy,7.5e-07,659058.0,0.4942935
SNGLS/BTC,1584763735301,2020-03-21T04:08:55.301Z,buy,7.5e-07,887855.0,0.66589125
SNGLS/BTC,1584763737823,2020-03-21T04:08:57.823Z,buy,7.5e-07,833392.0,0.625044
SNGLS/BTC,1584763741067,2020-03-21T04:09:01.067Z,buy,7.5e-07,698995.0,0.52424625
SNGLS/BTC,1584763743145,2020-03-21T04:09:03.145Z,buy,7.5e-07,779466.0,0.5845995
SNGLS/BTC,1584763778314,2020-03-21T04:09:38.314Z,sell,7.4e-07,359.0,0.00026566
SNGLS/BTC,1584763796794,2020-03-21T04:09:56.794Z,buy,7.5e-07,5333.0,0.00399975
SNGLS/BTC,1584763823937,2020-03-21T04:10:23.937Z,sell,7.5e-07,5327.0,0.00399525
SNGLS/BTC,1584763935530,2020-03-21T04:12:15.530Z,buy,7.5e-07,357.0,0.00026775
SNGLS/BTC,1584764091604,2020-03-21T04:14:51.604Z,sell,7.4e-07,359.0,0.00026566
SNGLS/BTC,1584764246831,2020-03-21T04:17:26.831Z,sell,7.4e-07,378.0,0.00027972
SNGLS/BTC,1584764426116,2020-03-21T04:20:26.116Z,sell,7.4e-07,352.0,0.00026048
SNGLS/BTC,1584764586704,2020-03-21T04:23:06.704Z,buy,7.5e-07,369.0,0.00027675
SNGLS/BTC,1584764746396,2020-03-21T04:25:46.396Z,sell,7.4e-07,370.0,0.0002738
SNGLS/BTC,1584764910356,2020-03-21T04:28:30.356Z,buy,7.5e-07,364.0,0.000273
SNGLS/BTC,1584765076616,2020-03-21T04:31:16.616Z,sell,7.4e-07,374.0,0.00027676
SNGLS/BTC,1584765248694,2020-03-21T04:34:08.694Z,sell,7.4e-07,363.0,0.00026862
SNGLS/BTC,1584765248694,2020-03-21T04:34:08.694Z,sell,7.4e-07,363.0,0.00026862
SNGLS/BTC,1584765424332,2020-03-21T04:37:04.332Z,buy,7.5e-07,374.0,0.0002805
SNGLS/BTC,1584765577974,2020-03-21T04:39:37.974Z,sell,7.4e-07,359.0,0.00026566
SNGLS/BTC,1584765728903,2020-03-21T04:42:08.903Z,sell,7.4e-07,373.0,0.00027602
SNGLS/BTC,1584765892967,2020-03-21T04:44:52.967Z,buy,7.5e-07,360.0,0.00027
SNGLS/BTC,1584766069655,2020-03-21T04:47:49.655Z,sell,7.4e-07,377.0,0.00027898
SNGLS/BTC,1584766242884,2020-03-21T04:50:42.884Z,buy,7.5e-07,353.0,0.00026475
SNGLS/BTC,1584766410752,2020-03-21T04:53:30.752Z,sell,7.4e-07,20234.0,0.01497316
SNGLS/BTC,1584766414540,2020-03-21T04:53:34.540Z,sell,7.4e-07,370.0,0.0002738
SNGLS/BTC,1584766578946,2020-03-21T04:56:18.946Z,sell,7.4e-07,374.0,0.00027676
SNGLS/BTC,1584766755836,2020-03-21T04:59:15.836Z,sell,7.4e-07,355.0,0.0002627
SNGLS/BTC,1584766909254,2020-03-21T05:01:49.254Z,buy,7.5e-07,359.0,0.00026925
SNGLS/BTC,1584767079327,2020-03-21T05:04:39.327Z,buy,7.5e-07,366.0,0.0002745
SNGLS/BTC,1584767232726,2020-03-21T05:07:12.726Z,sell,7.4e-07,366.0,0.00027084
SNGLS/BTC,1584767408351,2020-03-21T05:10:08.351Z,sell,7.4e-07,355.0,0.0002627
SNGLS/BTC,1584767566110,2020-03-21T05:12:46.110Z,buy,7.5e-07,366.0,0.0002745
SNGLS/BTC,1584767718475,2020-03-21T05:15:18.475Z,sell,7.4e-07,377.0,0.00027898
SNGLS/BTC,1584767828283,2020-03-21T05:17:08.283Z,buy,7.5e-07,400.0,0.0003
SNGLS/BTC,1584767874009,2020-03-21T05:17:54.009Z,sell,7.4e-07,375.0,0.0002775
SNGLS/BTC,1584768043537,2020-03-21T05:20:43.537Z,sell,7.4e-07,377.0,0.00027898
SNGLS/BTC,1584768223963,2020-03-21T05:23:43.963Z,sell,7.4e-07,355.0,0.0002627
SNGLS/BTC,1584768380440,2020-03-21T05:26:20.440Z,buy,7.5e-07,351.0,0.00026325
SNGLS/BTC,1584768541809,2020-03-21T05:29:01.809Z,sell,7.4e-07,371.0,0.00027454
SNGLS/BTC,1584768716824,2020-03-21T05:31:56.824Z,sell,7.4e-07,356.0,0.00026344
SNGLS/BTC,1584768716824,2020-03-21T05:31:56.824Z,sell,7.4e-07,356.0,0.00026344
SNGLS/BTC,1584768877550,2020-03-21T05:34:37.550Z,sell,7.4e-07,366.0,0.00027084
SNGLS/BTC,1584769043778,2020-03-21T05:37:23.778Z,buy,7.5e-07,351.0,0.00026325
SNGLS/BTC,1584769194919,2020-03-21T05:39:54.919Z,buy,7.5e-07,353.0,0.00026475
SNGLS/BTC,1584769354856,2020-03-21T05:42:34.856Z,buy,7.5e-07,359.0,0.00026925
SNGLS/BTC,1584769511188,2020-03-21T05:45:11.188Z,buy,7.5e-07,368.0,0.000276
SNGLS/BTC,1584769536626,2020-03-21T05:45:36.626Z,buy,7.5e-07,135.0,0.00010125
SNGLS/BTC,1584769665930,2020-03-21T05:47:45.930Z,sell,7.4e-07,363.0,0.00026862
SNGLS/BTC,1584769844731,2020-03-21T05:50:44.731Z,sell,7.4e-07,378.0,0.00027972
SNGLS/BTC,1584770010120,2020-03-21T05:53:30.120Z,buy,7.5e-07,352.0,0.000264
SNGLS/BTC,1584770181966,2020-03-21T05:56:21.966Z,sell,7.4e-07,384.0,0.00028416
SNGLS/BTC,1584770354022,2020-03-21T05:59:14.022Z,buy,7.5e-07,364.0,0.000273
SNGLS/BTC,1584770525724,2020-03-21T06:02:05.724Z,sell,7.4e-07,366.0,0.00027084
SNGLS/BTC,1584770689873,2020-03-21T06:04:49.873Z,sell,7.4e-07,357.0,0.00026418
SNGLS/BTC,1584770842362,2020-03-21T06:07:22.362Z,buy,7.5e-07,377.0,0.00028275
SNGLS/BTC,1584771012929,2020-03-21T06:10:12.929Z,sell,7.4e-07,361.0,0.00026714
SNGLS/BTC,1584771170711,2020-03-21T06:12:50.711Z,buy,7.5e-07,361.0,0.00027075
SNGLS/BTC,1584771334755,2020-03-21T06:15:34.755Z,sell,7.4e-07,372.0,0.00027528
SNGLS/BTC,1584771485359,2020-03-21T06:18:05.359Z,sell,7.4e-07,367.0,0.00027158
SNGLS/BTC,1584771658079,2020-03-21T06:20:58.079Z,buy,7.5e-07,372.0,0.000279
SNGLS/BTC,1584771826637,2020-03-21T06:23:46.637Z,sell,7.4e-07,376.0,0.00027824
SNGLS/BTC,1584771984161,2020-03-21T06:26:24.161Z,buy,7.5e-07,368.0,0.000276
SNGLS/BTC,1584772152134,2020-03-21T06:29:12.134Z,sell,7.4e-07,362.0,0.00026788
SNGLS/BTC,1584772307809,2020-03-21T06:31:47.809Z,buy,7.5e-07,382.0,0.0002865
SNGLS/BTC,1584772307809,2020-03-21T06:31:47.809Z,buy,7.5e-07,382.0,0.0002865
SNGLS/BTC,1584772408418,2020-03-21T06:33:28.418Z,sell,7.4e-07,157.0,0.00011618
SNGLS/BTC,1584772488175,2020-03-21T06:34:48.175Z,sell,7.4e-07,371.0,0.00027454
SNGLS/BTC,1584772662949,2020-03-21T06:37:42.949Z,sell,7.4e-07,362.0,0.00026788
SNGLS/BTC,1584772826999,2020-03-21T06:40:26.999Z,sell,7.4e-07,375.0,0.0002775
SNGLS/BTC,1584772983425,2020-03-21T06:43:03.425Z,sell,7.4e-07,384.0,0.00028416
SNGLS/BTC,1584773146471,2020-03-21T06:45:46.471Z,sell,7.4e-07,383.0,0.00028342
SNGLS/BTC,1584773317259,2020-03-21T06:48:37.259Z,sell,7.4e-07,364.0,0.00026936
SNGLS/BTC,1584773491678,2020-03-21T06:51:31.678Z,sell,7.4e-07,382.0,0.00028268
SNGLS/BTC,1584773657762,2020-03-21T06:54:17.762Z,sell,7.4e-07,354.0,0.00026196
SNGLS/BTC,1584773830325,2020-03-21T06:57:10.325Z,sell,7.4e-07,377.0,0.00027898
SNGLS/BTC,1584773999732,2020-03-21T06:59:59.732Z,buy,7.5e-07,364.0,0.000273
SNGLS/BTC,1584774169289,2020-03-21T07:02:49.289Z,sell,7.4e-07,378.0,0.00027972
SNGLS/BTC,1584774324700,2020-03-21T07:05:24.700Z,buy,7.5e-07,351.0,0.00026325
SNGLS/BTC,1584774486692,2020-03-21T07:08:06.692Z,sell,7.4e-07,357.0,0.00026418
SNGLS/BTC,1584774658201,2020-03-21T07:10:58.201Z,buy,7.5e-07,367.0,0.00027525
SNGLS/BTC,1584774814137,2020-03-21T07:13:34.137Z,sell,7.4e-07,368.0,0.00027232
SNGLS/BTC,1584774990249,2020-03-21T07:16:30.249Z,buy,7.5e-07,361.0,0.00027075
SNGLS/BTC,1584775155719,2020-03-21T07:19:15.719Z,buy,7.5e-07,360.0,0.00027
SNGLS/BTC,1584775321277,2020-03-21T07:22:01.277Z,sell,7.4e-07,381.0,0.00028194
SNGLS/BTC,1584775489137,2020-03-21T07:24:49.137Z,buy,7.5e-07,380.0,0.000285
SNGLS/BTC,1584775603393,2020-03-21T07:26:43.393Z,buy,7.5e-07,2290.0,0.0017175
SNGLS/BTC,1584775657213,2020-03-21T07:27:37.213Z,sell,7.4e-07,383.0,0.00028342
SNGLS/BTC,1584775827524,2020-03-21T07:30:27.524Z,buy,7.5e-07,371.0,0.00027825
SNGLS/BTC,1584775827524,2020-03-21T07:30:27.524Z,buy,7.5e-07,371.0,0.00027825
SNGLS/BTC,1584775994443,2020-03-21T07:33:14.443Z,sell,7.4e-07,382.0,0.00028268
SNGLS/BTC,1584776164334,2020-03-21T07:36:04.334Z,buy,7.5e-07,360.0,0.00027
SNGLS/BTC,1584776324957,2020-03-21T07:38:44.957Z,buy,7.5e-07,370.0,0.0002775
SNGLS/BTC,1584776337992,2020-03-21T07:38:57.992Z,sell,7.4e-07,38253.0,0.02830722
SNGLS/BTC,1584776500706,2020-03-21T07:41:40.706Z,buy,7.5e-07,385.0,0.00028875
SNGLS/BTC,1584776658402,2020-03-21T07:44:18.402Z,buy,7.5e-07,372.0,0.000279
SNGLS/BTC,1584776723991,2020-03-21T07:45:23.991Z,sell,7.4e-07,3012.0,0.00222888
SNGLS/BTC,1584776727023,2020-03-21T07:45:27.023Z,buy,7.4e-07,136.0,0.00010064
SNGLS/BTC,1584776780685,2020-03-21T07:46:20.685Z,sell,7.4e-07,216.0,0.00015984
SNGLS/BTC,1584776795005,2020-03-21T07:46:35.005Z,buy,7.4e-07,136.0,0.00010064
SNGLS/BTC,1584776816006,2020-03-21T07:46:56.006Z,buy,7.4e-07,368.0,0.00027232
SNGLS/BTC,1584776851028,2020-03-21T07:47:31.028Z,sell,7.4e-07,534.0,0.00039516
SNGLS/BTC,1584776993259,2020-03-21T07:49:53.259Z,sell,7.4e-07,367.0,0.00027158
SNGLS/BTC,1584777160701,2020-03-21T07:52:40.701Z,sell,7.4e-07,136.0,0.00010064
SNGLS/BTC,1584777160783,2020-03-21T07:52:40.783Z,buy,7.4e-07,235.0,0.0001739
SNGLS/BTC,1584777315356,2020-03-21T07:55:15.356Z,sell,7.4e-07,136.0,0.00010064
SNGLS/BTC,1584777315426,2020-03-21T07:55:15.426Z,buy,7.4e-07,234.0,0.00017316
SNGLS/BTC,1584777472779,2020-03-21T07:57:52.779Z,sell,7.4e-07,136.0,0.00010064
SNGLS/BTC,1584777472846,2020-03-21T07:57:52.846Z,buy,7.4e-07,246.0,0.00018204
SNGLS/BTC,1584777647718,2020-03-21T08:00:47.718Z,buy,7.5e-07,350.0,0.0002625
SNGLS/BTC,1584777805688,2020-03-21T08:03:25.688Z,buy,7.5e-07,363.0,0.00027225
SNGLS/BTC,1584777972197,2020-03-21T08:06:12.197Z,sell,7.4e-07,354.0,0.00026196
SNGLS/BTC,1584778151150,2020-03-21T08:09:11.150Z,buy,7.5e-07,381.0,0.00028575
SNGLS/BTC,1584778318632,2020-03-21T08:11:58.632Z,buy,7.5e-07,374.0,0.0002805
SNGLS/BTC,1584778480599,2020-03-21T08:14:40.599Z,buy,7.5e-07,370.0,0.0002775
SNGLS/BTC,1584778649038,2020-03-21T08:17:29.038Z,sell,7.4e-07,364.0,0.00026936
SNGLS/BTC,1584778804879,2020-03-21T08:20:04.879Z,sell,7.4e-07,376.0,0.00027824
SNGLS/BTC,1584778960883,2020-03-21T08:22:40.883Z,buy,7.5e-07,365.0,0.00027375
SNGLS/BTC,1584779134060,2020-03-21T08:25:34.060Z,buy,7.5e-07,351.0,0.00026325
SNGLS/BTC,1584779308963,2020-03-21T08:28:28.963Z,buy,7.5e-07,361.0,0.00027075
SNGLS/BTC,1584779308963,2020-03-21T08:28:28.963Z,buy,7.5e-07,361.0,0.00027075
SNGLS/BTC,1584779471759,2020-03-21T08:31:11.759Z,sell,7.4e-07,381.0,0.00028194
SNGLS/BTC,1584779640992,2020-03-21T08:34:00.992Z,buy,7.5e-07,359.0,0.00026925
SNGLS/BTC,1584779804548,2020-03-21T08:36:44.548Z,sell,7.4e-07,360.0,0.0002664
SNGLS/BTC,1584779975466,2020-03-21T08:39:35.466Z,buy,7.5e-07,373.0,0.00027975
SNGLS/BTC,1584780132292,2020-03-21T08:42:12.292Z,buy,7.5e-07,371.0,0.00027825
SNGLS/BTC,1584780287255,2020-03-21T08:44:47.255Z,sell,7.4e-07,367.0,0.00027158
SNGLS/BTC,1584780455741,2020-03-21T08:47:35.741Z,sell,7.4e-07,351.0,0.00025974
SNGLS/BTC,1584780628866,2020-03-21T08:50:28.866Z,sell,7.4e-07,382.0,0.00028268
SNGLS/BTC,1584780797169,2020-03-21T08:53:17.169Z,sell,7.4e-07,374.0,0.00027676
SNGLS/BTC,1584780860412,2020-03-21T08:54:20.412Z,buy,7.5e-07,174814.0,0.1311105
SNGLS/BTC,1584780967666,2020-03-21T08:56:07.666Z,buy,7.6e-07,374.0,0.00028424
SNGLS/BTC,1584781143904,2020-03-21T08:59:03.904Z,buy,7.6e-07,383.0,0.00029108
SNGLS/BTC,1584781322853,2020-03-21T09:02:02.853Z,buy,7.6e-07,374.0,0.00028424
SNGLS/BTC,1584781398359,2020-03-21T09:03:18.359Z,buy,7.6e-07,120299.0,0.09142724
SNGLS/BTC,1584781417654,2020-03-21T09:03:37.654Z,sell,7.6e-07,7231.0,0.00549556
SNGLS/BTC,1584781418617,2020-03-21T09:03:38.617Z,sell,7.6e-07,651.0,0.00049476
SNGLS/BTC,1584781425216,2020-03-21T09:03:45.216Z,sell,7.6e-07,4054.0,0.00308104
SNGLS/BTC,1584781499316,2020-03-21T09:04:59.316Z,buy,7.7e-07,385.0,0.00029645
SNGLS/BTC,1584781507298,2020-03-21T09:05:07.298Z,buy,7.7e-07,390.0,0.0003003
SNGLS/BTC,1584781658837,2020-03-21T09:07:38.837Z,sell,7.6e-07,358.0,0.00027208
SNGLS/BTC,1584781658837,2020-03-21T09:07:38.837Z,sell,7.6e-07,1347.0,0.00102372
SNGLS/BTC,1584781813277,2020-03-21T09:10:13.277Z,buy,7.7e-07,353.0,0.00027181
SNGLS/BTC,1584781924367,2020-03-21T09:12:04.367Z,sell,7.6e-07,14174.0,0.01077224
SNGLS/BTC,1584781969247,2020-03-21T09:12:49.247Z,sell,7.5e-07,364.0,0.000273
SNGLS/BTC,1584782138694,2020-03-21T09:15:38.694Z,sell,7.5e-07,371.0,0.00027825
SNGLS/BTC,1584782296697,2020-03-21T09:18:16.697Z,buy,7.6e-07,352.0,0.00026752
SNGLS/BTC,1584782472803,2020-03-21T09:21:12.803Z,sell,7.5e-07,350.0,0.0002625
SNGLS/BTC,1584782651471,2020-03-21T09:24:11.471Z,buy,7.6e-07,355.0,0.0002698
SNGLS/BTC,1584782806339,2020-03-21T09:26:46.339Z,buy,7.6e-07,351.0,0.00026676
SNGLS/BTC,1584782830007,2020-03-21T09:27:10.007Z,sell,7.5e-07,102382.0,0.0767865
SNGLS/BTC,1584782830491,2020-03-21T09:27:10.491Z,buy,7.6e-07,133.0,0.00010108
SNGLS/BTC,1584782834977,2020-03-21T09:27:14.977Z,sell,7.4e-07,45475.0,0.0336515
SNGLS/BTC,1584782889275,2020-03-21T09:28:09.275Z,buy,7.5e-07,266.0,0.0001995
SNGLS/BTC,1584782889275,2020-03-21T09:28:09.275Z,buy,7.5e-07,266.0,0.0001995
SNGLS/BTC,1584782964472,2020-03-21T09:29:24.472Z,buy,7.5e-07,376.0,0.000282
SNGLS/BTC,1584783134239,2020-03-21T09:32:14.239Z,buy,7.5e-07,363.0,0.00027225
SNGLS/BTC,1584783297894,2020-03-21T09:34:57.894Z,sell,7.4e-07,7472.0,0.00552928
SNGLS/BTC,1584783303537,2020-03-21T09:35:03.537Z,sell,7.4e-07,373.0,0.00027602
SNGLS/BTC,1584783479123,2020-03-21T09:37:59.123Z,buy,7.5e-07,366.0,0.0002745
SNGLS/BTC,1584783634685,2020-03-21T09:40:34.685Z,sell,7.4e-07,353.0,0.00026122
SNGLS/BTC,1584783811814,2020-03-21T09:43:31.814Z,sell,7.4e-07,380.0,0.0002812
SNGLS/BTC,1584783982074,2020-03-21T09:46:22.074Z,buy,7.5e-07,383.0,0.00028725
SNGLS/BTC,1584784146810,2020-03-21T09:49:06.810Z,sell,7.4e-07,14728.0,0.01089872
SNGLS/BTC,1584784149167,2020-03-21T09:49:09.167Z,sell,7.4e-07,367.0,0.00027158
SNGLS/BTC,1584784310226,2020-03-21T09:51:50.226Z,sell,7.4e-07,374.0,0.00027676
SNGLS/BTC,1584784396083,2020-03-21T09:53:16.083Z,sell,7.4e-07,115108.0,0.08517992
SNGLS/BTC,1584784478937,2020-03-21T09:54:38.937Z,buy,7.4e-07,362.0,0.00026788
SNGLS/BTC,1584784650578,2020-03-21T09:57:30.578Z,sell,7.3e-07,380.0,0.0002774
SNGLS/BTC,1584784816538,2020-03-21T10:00:16.538Z,sell,7.3e-07,361.0,0.00026353
SNGLS/BTC,1584784975554,2020-03-21T10:02:55.554Z,buy,7.4e-07,369.0,0.00027306
SNGLS/BTC,1584784985147,2020-03-21T10:03:05.147Z,buy,7.4e-07,27026.0,0.01999924
SNGLS/BTC,1584785145983,2020-03-21T10:05:45.983Z,sell,7.3e-07,372.0,0.00027156
SNGLS/BTC,1584785312618,2020-03-21T10:08:32.618Z,buy,7.4e-07,369.0,0.00027306
SNGLS/BTC,1584785482302,2020-03-21T10:11:22.302Z,sell,7.3e-07,383.0,0.00027959
SNGLS/BTC,1584785659460,2020-03-21T10:14:19.460Z,sell,7.3e-07,381.0,0.00027813
SNGLS/BTC,1584785838802,2020-03-21T10:17:18.802Z,buy,7.4e-07,1399.0,0.00103526
SNGLS/BTC,1584786065864,2020-03-21T10:21:05.864Z,sell,7.4e-07,1525.0,0.0011285
SNGLS/BTC,1584786104991,2020-03-21T10:21:44.991Z,sell,7.3e-07,359.0,0.00026207
SNGLS/BTC,1584786273327,2020-03-21T10:24:33.327Z,buy,7.4e-07,378.0,0.00027972
SNGLS/BTC,1584786425851,2020-03-21T10:27:05.851Z,sell,7.3e-07,371.0,0.00027083
SNGLS/BTC,1584786425851,2020-03-21T10:27:05.851Z,sell,7.3e-07,371.0,0.00027083
SNGLS/BTC,1584786597051,2020-03-21T10:29:57.051Z,sell,7.3e-07,377.0,0.00027521
SNGLS/BTC,1584786763104,2020-03-21T10:32:43.104Z,sell,7.3e-07,356.0,0.00025988
SNGLS/BTC,1584786830807,2020-03-21T10:33:50.807Z,buy,7.4e-07,212.0,0.00015688
SNGLS/BTC,1584786918325,2020-03-21T10:35:18.325Z,buy,7.4e-07,182.0,0.00013468
SNGLS/BTC,1584786936601,2020-03-21T10:35:36.601Z,sell,7.3e-07,353.0,0.00025769
SNGLS/BTC,1584787096409,2020-03-21T10:38:16.409Z,buy,7.4e-07,365.0,0.0002701
SNGLS/BTC,1584787259663,2020-03-21T10:40:59.663Z,buy,7.4e-07,352.0,0.00026048
SNGLS/BTC,1584787439146,2020-03-21T10:43:59.146Z,sell,7.4e-07,1343.0,0.00099382
SNGLS/BTC,1584787651680,2020-03-21T10:47:31.680Z,buy,7.4e-07,352.0,0.00026048
SNGLS/BTC,1584787821334,2020-03-21T10:50:21.334Z,buy,7.4e-07,353.0,0.00026122
SNGLS/BTC,1584787973763,2020-03-21T10:52:53.763Z,buy,7.4e-07,368.0,0.00027232
SNGLS/BTC,1584788152073,2020-03-21T10:55:52.073Z,buy,7.4e-07,358.0,0.00026492
SNGLS/BTC,1584788308888,2020-03-21T10:58:28.888Z,buy,7.4e-07,376.0,0.00027824
SNGLS/BTC,1584788471205,2020-03-21T11:01:11.205Z,sell,7.3e-07,372.0,0.00027156
SNGLS/BTC,1584788616752,2020-03-21T11:03:36.752Z,buy,7.4e-07,68638.0,0.05079212
SNGLS/BTC,1584788645271,2020-03-21T11:04:05.271Z,sell,7.4e-07,377.0,0.00027898
SNGLS/BTC,1584788718129,2020-03-21T11:05:18.129Z,sell,7.4e-07,14551.0,0.01076774
SNGLS/BTC,1584788776596,2020-03-21T11:06:16.596Z,buy,7.4e-07,7047.0,0.00521478
SNGLS/BTC,1584788823278,2020-03-21T11:07:03.278Z,sell,7.4e-07,372.0,0.00027528
SNGLS/BTC,1584789001123,2020-03-21T11:10:01.123Z,sell,7.4e-07,350.0,0.000259
SNGLS/BTC,1584789170088,2020-03-21T11:12:50.088Z,sell,7.4e-07,363.0,0.00026862
SNGLS/BTC,1584789333627,2020-03-21T11:15:33.627Z,buy,7.5e-07,375.0,0.00028125
SNGLS/BTC,1584789495494,2020-03-21T11:18:15.494Z,buy,7.5e-07,362.0,0.0002715
SNGLS/BTC,1584789664135,2020-03-21T11:21:04.135Z,sell,7.4e-07,382.0,0.00028268
SNGLS/BTC,1584789815421,2020-03-21T11:23:35.421Z,buy,7.5e-07,357.0,0.00026775
SNGLS/BTC,1584789985001,2020-03-21T11:26:25.001Z,sell,7.4e-07,378.0,0.00027972
SNGLS/BTC,1584789985001,2020-03-21T11:26:25.001Z,sell,7.4e-07,378.0,0.00027972
SNGLS/BTC,1584790139024,2020-03-21T11:28:59.024Z,buy,7.5e-07,13333.0,0.00999975
SNGLS/BTC,1584790150097,2020-03-21T11:29:10.097Z,sell,7.4e-07,377.0,0.00027898
SNGLS/BTC,1584790320209,2020-03-21T11:32:00.209Z,sell,7.4e-07,377.0,0.00027898
SNGLS/BTC,1584790491045,2020-03-21T11:34:51.045Z,buy,7.5e-07,382.0,0.0002865
SNGLS/BTC,1584790496899,2020-03-21T11:34:56.899Z,sell,7.4e-07,286.0,0.00021164
SNGLS/BTC,1584790643124,2020-03-21T11:37:23.124Z,buy,7.5e-07,367.0,0.00027525
SNGLS/BTC,1584790797927,2020-03-21T11:39:57.927Z,buy,7.5e-07,371.0,0.00027825
SNGLS/BTC,1584790964797,2020-03-21T11:42:44.797Z,buy,7.5e-07,382.0,0.0002865
SNGLS/BTC,1584791129331,2020-03-21T11:45:29.331Z,buy,7.5e-07,384.0,0.000288
SNGLS/BTC,1584791288425,2020-03-21T11:48:08.425Z,buy,7.5e-07,365.0,0.00027375
SNGLS/BTC,1584791318129,2020-03-21T11:48:38.129Z,sell,7.4e-07,299.0,0.00022126
SNGLS/BTC,1584791460286,2020-03-21T11:51:00.286Z,buy,7.5e-07,355.0,0.00026625
SNGLS/BTC,1584791633882,2020-03-21T11:53:53.882Z,sell,7.4e-07,383.0,0.00028342
SNGLS/BTC,1584791785469,2020-03-21T11:56:25.469Z,sell,7.4e-07,354.0,0.00026196
SNGLS/BTC,1584791957070,2020-03-21T11:59:17.070Z,buy,7.5e-07,368.0,0.000276
SNGLS/BTC,1584792130017,2020-03-21T12:02:10.017Z,buy,7.5e-07,379.0,0.00028425
SNGLS/BTC,1584792287938,2020-03-21T12:04:47.938Z,buy,7.5e-07,373.0,0.00027975
SNGLS/BTC,1584792444192,2020-03-21T12:07:24.192Z,sell,7.4e-07,370.0,0.0002738
SNGLS/BTC,1584792619737,2020-03-21T12:10:19.737Z,sell,7.4e-07,359.0,0.00026566
SNGLS/BTC,1584792772744,2020-03-21T12:12:52.744Z,sell,7.4e-07,361.0,0.00026714
SNGLS/BTC,1584792935121,2020-03-21T12:15:35.121Z,buy,7.5e-07,382.0,0.0002865
SNGLS/BTC,1584793087454,2020-03-21T12:18:07.454Z,buy,7.5e-07,360.0,0.00027
SNGLS/BTC,1584793267856,2020-03-21T12:21:07.856Z,sell,7.4e-07,358.0,0.00026492
SNGLS/BTC,1584793445272,2020-03-21T12:24:05.272Z,sell,7.4e-07,356.0,0.00026344
SNGLS/BTC,1584793445272,2020-03-21T12:24:05.272Z,sell,7.4e-07,356.0,0.00026344
SNGLS/BTC,1584793606553,2020-03-21T12:26:46.553Z,buy,7.5e-07,371.0,0.00027825
SNGLS/BTC,1584793765428,2020-03-21T12:29:25.428Z,buy,7.5e-07,352.0,0.000264
SNGLS/BTC,1584793936401,2020-03-21T12:32:16.401Z,sell,7.4e-07,374.0,0.00027676
SNGLS/BTC,1584794093240,2020-03-21T12:34:53.240Z,buy,7.5e-07,358.0,0.0002685
SNGLS/BTC,1584794134769,2020-03-21T12:35:34.769Z,buy,7.5e-07,184.0,0.000138
SNGLS/BTC,1584794140586,2020-03-21T12:35:40.586Z,buy,7.5e-07,135.0,0.00010125
SNGLS/BTC,1584794258016,2020-03-21T12:37:38.016Z,buy,7.5e-07,364.0,0.000273
SNGLS/BTC,1584794427364,2020-03-21T12:40:27.364Z,sell,7.4e-07,373.0,0.00027602
SNGLS/BTC,1584794447771,2020-03-21T12:40:47.771Z,buy,7.5e-07,1334.0,0.0010005
SNGLS/BTC,1584794596656,2020-03-21T12:43:16.656Z,sell,7.4e-07,4303.0,0.00318422
SNGLS/BTC,1584794607949,2020-03-21T12:43:27.949Z,sell,7.4e-07,374.0,0.00027676
SNGLS/BTC,1584794773734,2020-03-21T12:46:13.734Z,sell,7.4e-07,371.0,0.00027454
SNGLS/BTC,1584794927052,2020-03-21T12:48:47.052Z,buy,7.5e-07,351.0,0.00026325
SNGLS/BTC,1584794962705,2020-03-21T12:49:22.705Z,buy,7.5e-07,5105.0,0.00382875
SNGLS/BTC,1584795094246,2020-03-21T12:51:34.246Z,buy,7.5e-07,364.0,0.000273
SNGLS/BTC,1584795267544,2020-03-21T12:54:27.544Z,buy,7.5e-07,367.0,0.00027525
SNGLS/BTC,1584795418556,2020-03-21T12:56:58.556Z,sell,7.4e-07,383.0,0.00028342
SNGLS/BTC,1584795593807,2020-03-21T12:59:53.807Z,buy,7.5e-07,375.0,0.00028125
SNGLS/BTC,1584795750972,2020-03-21T13:02:30.972Z,buy,7.5e-07,375.0,0.00028125
SNGLS/BTC,1584795925280,2020-03-21T13:05:25.280Z,buy,7.5e-07,378.0,0.0002835
SNGLS/BTC,1584796072802,2020-03-21T13:07:52.802Z,sell,7.4e-07,85279.0,0.06310646
SNGLS/BTC,1584796075473,2020-03-21T13:07:55.473Z,buy,7.4e-07,136.0,0.00010064
SNGLS/BTC,1584796083439,2020-03-21T13:08:03.439Z,buy,7.4e-07,363.0,0.00026862
SNGLS/BTC,1584796260189,2020-03-21T13:11:00.189Z,buy,7.4e-07,359.0,0.00026566
SNGLS/BTC,1584796336561,2020-03-21T13:12:16.561Z,buy,7.4e-07,136.0,0.00010064
SNGLS/BTC,1584796354242,2020-03-21T13:12:34.242Z,buy,7.4e-07,137.0,0.00010138
SNGLS/BTC,1584796388572,2020-03-21T13:13:08.572Z,buy,7.4e-07,136.0,0.00010064
SNGLS/BTC,1584796437055,2020-03-21T13:13:57.055Z,buy,7.4e-07,353.0,0.00026122
SNGLS/BTC,1584796455618,2020-03-21T13:14:15.618Z,buy,7.4e-07,136.0,0.00010064
SNGLS/BTC,1584796510564,2020-03-21T13:15:10.564Z,buy,7.4e-07,136.0,0.00010064
SNGLS/BTC,1584796605156,2020-03-21T13:16:45.156Z,buy,7.4e-07,359.0,0.00026566
SNGLS/BTC,1584796757834,2020-03-21T13:19:17.834Z,buy,7.4e-07,372.0,0.00027528
SNGLS/BTC,1584796912565,2020-03-21T13:21:52.565Z,sell,7.3e-07,362.0,0.00026426
SNGLS/BTC,1584796912565,2020-03-21T13:21:52.565Z,sell,7.3e-07,362.0,0.00026426
SNGLS/BTC,1584797090345,2020-03-21T13:24:50.345Z,buy,7.4e-07,366.0,0.00027084
SNGLS/BTC,1584797263216,2020-03-21T13:27:43.216Z,buy,7.4e-07,385.0,0.0002849
SNGLS/BTC,1584797424353,2020-03-21T13:30:24.353Z,sell,7.3e-07,374.0,0.00027302
SNGLS/BTC,1584797588712,2020-03-21T13:33:08.712Z,buy,7.4e-07,354.0,0.00026196
SNGLS/BTC,1584797714650,2020-03-21T13:35:14.650Z,buy,7.4e-07,302.0,0.00022348
SNGLS/BTC,1584797769403,2020-03-21T13:36:09.403Z,buy,7.4e-07,365.0,0.0002701
SNGLS/BTC,1584797924877,2020-03-21T13:38:44.877Z,sell,7.3e-07,350.0,0.0002555
SNGLS/BTC,1584798100704,2020-03-21T13:41:40.704Z,buy,7.4e-07,353.0,0.00026122
SNGLS/BTC,1584798244670,2020-03-21T13:44:04.670Z,sell,7.3e-07,5100.0,0.003723
SNGLS/BTC,1584798280631,2020-03-21T13:44:40.631Z,sell,7.3e-07,371.0,0.00027083
SNGLS/BTC,1584798434580,2020-03-21T13:47:14.580Z,buy,7.4e-07,381.0,0.00028194
SNGLS/BTC,1584798604576,2020-03-21T13:50:04.576Z,buy,7.4e-07,380.0,0.0002812
SNGLS/BTC,1584798765603,2020-03-21T13:52:45.603Z,sell,7.3e-07,5778.0,0.00421794
SNGLS/BTC,1584798770334,2020-03-21T13:52:50.334Z,sell,7.3e-07,360.0,0.0002628
SNGLS/BTC,1584798948111,2020-03-21T13:55:48.111Z,sell,7.3e-07,354.0,0.00025842
SNGLS/BTC,1584799120526,2020-03-21T13:58:40.526Z,buy,7.4e-07,358.0,0.00026492
SNGLS/BTC,1584799224543,2020-03-21T14:00:24.543Z,sell,7.3e-07,315947.0,0.23064131
SNGLS/BTC,1584799282937,2020-03-21T14:01:22.937Z,sell,7.3e-07,375.0,0.00027375
SNGLS/BTC,1584799435380,2020-03-21T14:03:55.380Z,buy,7.4e-07,382.0,0.00028268
SNGLS/BTC,1584799591609,2020-03-21T14:06:31.609Z,sell,7.3e-07,382.0,0.00027886
SNGLS/BTC,1584799761818,2020-03-21T14:09:21.818Z,buy,7.4e-07,7336.0,0.00542864
SNGLS/BTC,1584799768353,2020-03-21T14:09:28.353Z,buy,7.4e-07,369.0,0.00027306
SNGLS/BTC,1584799937761,2020-03-21T14:12:17.761Z,sell,7.3e-07,352.0,0.00025696
SNGLS/BTC,1584800099298,2020-03-21T14:14:59.298Z,sell,7.3e-07,366.0,0.00026718
SNGLS/BTC,1584800191211,2020-03-21T14:16:31.211Z,buy,7.4e-07,200.0,0.000148
SNGLS/BTC,1584800263974,2020-03-21T14:17:43.974Z,sell,7.3e-07,370.0,0.0002701
SNGLS/BTC,1584800326204,2020-03-21T14:18:46.204Z,buy,7.4e-07,293.0,0.00021682
SNGLS/BTC,1584800346079,2020-03-21T14:19:06.079Z,buy,7.4e-07,219.0,0.00016206
SNGLS/BTC,1584800444270,2020-03-21T14:20:44.270Z,sell,7.3e-07,361.0,0.00026353
SNGLS/BTC,1584800444270,2020-03-21T14:20:44.270Z,sell,7.3e-07,361.0,0.00026353
SNGLS/BTC,1584800615347,2020-03-21T14:23:35.347Z,sell,7.3e-07,357.0,0.00026061
SNGLS/BTC,1584800775023,2020-03-21T14:26:15.023Z,buy,7.4e-07,371.0,0.00027454
SNGLS/BTC,1584800831335,2020-03-21T14:27:11.335Z,buy,7.4e-07,2550.0,0.001887
SNGLS/BTC,1584800955430,2020-03-21T14:29:15.430Z,sell,7.3e-07,364.0,0.00026572
SNGLS/BTC,1584801116387,2020-03-21T14:31:56.387Z,buy,7.4e-07,360.0,0.0002664
SNGLS/BTC,1584801213356,2020-03-21T14:33:33.356Z,buy,7.4e-07,1200.0,0.000888
SNGLS/BTC,1584801223859,2020-03-21T14:33:43.859Z,buy,7.4e-07,780.0,0.0005772
SNGLS/BTC,1584801239204,2020-03-21T14:33:59.204Z,buy,7.4e-07,267.0,0.00019758
SNGLS/BTC,1584801253880,2020-03-21T14:34:13.880Z,buy,7.4e-07,1344.0,0.00099456
SNGLS/BTC,1584801292049,2020-03-21T14:34:52.049Z,sell,7.3e-07,353.0,0.00025769
SNGLS/BTC,1584801326477,2020-03-21T14:35:26.477Z,buy,7.4e-07,224.0,0.00016576
SNGLS/BTC,1584801449536,2020-03-21T14:37:29.536Z,sell,7.3e-07,362.0,0.00026426
SNGLS/BTC,1584801609944,2020-03-21T14:40:09.944Z,sell,7.3e-07,373.0,0.00027229
SNGLS/BTC,1584801777035,2020-03-21T14:42:57.035Z,sell,7.3e-07,379.0,0.00027667
SNGLS/BTC,1584801937274,2020-03-21T14:45:37.274Z,buy,7.4e-07,376.0,0.00027824
SNGLS/BTC,1584802054425,2020-03-21T14:47:34.425Z,buy,7.4e-07,62731.0,0.04642094
SNGLS/BTC,1584802090814,2020-03-21T14:48:10.814Z,buy,7.5e-07,381.0,0.00028575
SNGLS/BTC,1584802262922,2020-03-21T14:51:02.922Z,sell,7.4e-07,372.0,0.00027528
SNGLS/BTC,1584802428657,2020-03-21T14:53:48.657Z,sell,7.4e-07,377.0,0.00027898
SNGLS/BTC,1584802579847,2020-03-21T14:56:19.847Z,buy,7.5e-07,372.0,0.000279
SNGLS/BTC,1584802709369,2020-03-21T14:58:29.369Z,buy,7.5e-07,378843.0,0.28413225
SNGLS/BTC,1584802720961,2020-03-21T14:58:40.961Z,buy,7.6e-07,522403.0,0.39702628
SNGLS/BTC,1584802742250,2020-03-21T14:59:02.250Z,sell,7.5e-07,31234.0,0.0234255
SNGLS/BTC,1584802742551,2020-03-21T14:59:02.551Z,buy,7.7e-07,154509.0,0.11897193
SNGLS/BTC,1584802742551,2020-03-21T14:59:02.551Z,buy,7.8e-07,52686.0,0.04109508
SNGLS/BTC,1584802743667,2020-03-21T14:59:03.667Z,sell,7.6e-07,14109.0,0.01072284
SNGLS/BTC,1584802749997,2020-03-21T14:59:09.997Z,buy,7.7e-07,730.0,0.0005621
SNGLS/BTC,1584802760426,2020-03-21T14:59:20.426Z,sell,7.6e-07,359.0,0.00027284
SNGLS/BTC,1584802770938,2020-03-21T14:59:30.938Z,sell,7.6e-07,14089.0,0.01070764
SNGLS/BTC,1584802780189,2020-03-21T14:59:40.189Z,buy,7.6e-07,1200.0,0.000912
SNGLS/BTC,1584802781677,2020-03-21T14:59:41.677Z,buy,7.6e-07,1200.0,0.000912
SNGLS/BTC,1584802808930,2020-03-21T15:00:08.930Z,sell,7.5e-07,542.0,0.0004065
SNGLS/BTC,1584802848100,2020-03-21T15:00:48.100Z,buy,7.6e-07,395.0,0.0003002
SNGLS/BTC,1584802884811,2020-03-21T15:01:24.811Z,sell,7.5e-07,596.0,0.000447
SNGLS/BTC,1584802922766,2020-03-21T15:02:02.766Z,sell,7.5e-07,365.0,0.00027375
SNGLS/BTC,1584803082964,2020-03-21T15:04:42.964Z,buy,7.6e-07,359.0,0.00027284
SNGLS/BTC,1584803255415,2020-03-21T15:07:35.415Z,sell,7.5e-07,358.0,0.0002685
SNGLS/BTC,1584803426683,2020-03-21T15:10:26.683Z,buy,7.6e-07,378.0,0.00028728
SNGLS/BTC,1584803590034,2020-03-21T15:13:10.034Z,buy,7.6e-07,370.0,0.0002812
SNGLS/BTC,1584803742728,2020-03-21T15:15:42.728Z,buy,7.6e-07,30049.0,0.02283724
SNGLS/BTC,1584803742856,2020-03-21T15:15:42.856Z,sell,7.6e-07,364.0,0.00027664
SNGLS/BTC,1584803921108,2020-03-21T15:18:41.108Z,sell,7.6e-07,351.0,0.00026676
SNGLS/BTC,1584803974370,2020-03-21T15:19:34.370Z,sell,7.6e-07,257.0,0.00019532
SNGLS/BTC,1584803974370,2020-03-21T15:19:34.370Z,sell,7.6e-07,257.0,0.00019532
SNGLS/BTC,1584804101320,2020-03-21T15:21:41.320Z,buy,7.7e-07,356.0,0.00027412
SNGLS/BTC,1584804279898,2020-03-21T15:24:39.898Z,sell,7.6e-07,358.0,0.00027208
SNGLS/BTC,1584804455713,2020-03-21T15:27:35.713Z,sell,7.6e-07,370.0,0.0002812
SNGLS/BTC,1584804632902,2020-03-21T15:30:32.902Z,buy,7.7e-07,374.0,0.00028798
SNGLS/BTC,1584804761287,2020-03-21T15:32:41.287Z,buy,7.7e-07,63953.0,0.04924381
SNGLS/BTC,1584804792311,2020-03-21T15:33:12.311Z,buy,7.7e-07,370.0,0.0002849
SNGLS/BTC,1584804835540,2020-03-21T15:33:55.540Z,buy,7.7e-07,3243.0,0.00249711
SNGLS/BTC,1584804861249,2020-03-21T15:34:21.249Z,buy,7.7e-07,390.0,0.0003003
SNGLS/BTC,1584804902522,2020-03-21T15:35:02.522Z,sell,7.6e-07,376.0,0.00028576
SNGLS/BTC,1584804972034,2020-03-21T15:36:12.034Z,sell,7.6e-07,362.0,0.00027512
SNGLS/BTC,1584805148382,2020-03-21T15:39:08.382Z,sell,7.6e-07,374.0,0.00028424
SNGLS/BTC,1584805326028,2020-03-21T15:42:06.028Z,buy,7.7e-07,361.0,0.00027797
SNGLS/BTC,1584805489874,2020-03-21T15:44:49.874Z,sell,7.6e-07,354.0,0.00026904
SNGLS/BTC,1584805660795,2020-03-21T15:47:40.795Z,sell,7.6e-07,384.0,0.00029184
SNGLS/BTC,1584805725892,2020-03-21T15:48:45.892Z,sell,7.6e-07,2283.0,0.00173508
SNGLS/BTC,1584805742295,2020-03-21T15:49:02.295Z,buy,7.7e-07,144.0,0.00011088
SNGLS/BTC,1584805823401,2020-03-21T15:50:23.401Z,buy,7.7e-07,364.0,0.00028028
SNGLS/BTC,1584805938506,2020-03-21T15:52:18.506Z,buy,7.7e-07,15376.0,0.01183952
SNGLS/BTC,1584805963547,2020-03-21T15:52:43.547Z,sell,7.7e-07,1965.0,0.00151305
SNGLS/BTC,1584805972970,2020-03-21T15:52:52.970Z,sell,7.7e-07,194.0,0.00014938
SNGLS/BTC,1584805981684,2020-03-21T15:53:01.684Z,sell,7.7e-07,373.0,0.00028721
SNGLS/BTC,1584806133530,2020-03-21T15:55:33.530Z,sell,7.7e-07,355.0,0.00027335
SNGLS/BTC,1584806195652,2020-03-21T15:56:35.652Z,sell,7.7e-07,7336.0,0.00564872
SNGLS/BTC,1584806236493,2020-03-21T15:57:16.493Z,sell,7.7e-07,10272.0,0.00790944
SNGLS/BTC,1584806285032,2020-03-21T15:58:05.032Z,buy,7.8e-07,370.0,0.0002886
SNGLS/BTC,1584806394888,2020-03-21T15:59:54.888Z,buy,7.8e-07,22803.0,0.01778634
SNGLS/BTC,1584806413878,2020-03-21T16:00:13.878Z,sell,7.7e-07,2454.0,0.00188958
SNGLS/BTC,1584806439205,2020-03-21T16:00:39.205Z,sell,7.7e-07,381.0,0.00029337
SNGLS/BTC,1584806443046,2020-03-21T16:00:43.046Z,sell,7.7e-07,89744.0,0.06910288
SNGLS/BTC,1584806596899,2020-03-21T16:03:16.899Z,sell,7.7e-07,359.0,0.00027643
SNGLS/BTC,1584806665333,2020-03-21T16:04:25.333Z,sell,7.7e-07,315.0,0.00024255
SNGLS/BTC,1584806764956,2020-03-21T16:06:04.956Z,buy,7.8e-07,272.0,0.00021216
SNGLS/BTC,1584806861306,2020-03-21T16:07:41.306Z,sell,7.7e-07,23858.0,0.01837066
SNGLS/BTC,1584806903016,2020-03-21T16:08:23.016Z,sell,7.7e-07,32016.0,0.02465232
SNGLS/BTC,1584806916738,2020-03-21T16:08:36.738Z,buy,7.8e-07,259.0,0.00020202
SNGLS/BTC,1584806932030,2020-03-21T16:08:52.030Z,sell,7.7e-07,1420.0,0.0010934
SNGLS/BTC,1584807070053,2020-03-21T16:11:10.053Z,sell,7.7e-07,263.0,0.00020251
SNGLS/BTC,1584807219907,2020-03-21T16:13:39.907Z,sell,7.7e-07,63480.0,0.0488796
SNGLS/BTC,1584807250212,2020-03-21T16:14:10.212Z,sell,7.7e-07,275.0,0.00021175
SNGLS/BTC,1584807312993,2020-03-21T16:15:12.993Z,buy,7.8e-07,33101.0,0.02581878
SNGLS/BTC,1584807324455,2020-03-21T16:15:24.455Z,buy,7.8e-07,11737.0,0.00915486
SNGLS/BTC,1584807410613,2020-03-21T16:16:50.613Z,buy,7.8e-07,255.0,0.0001989
SNGLS/BTC,1584807536792,2020-03-21T16:18:56.792Z,buy,7.8e-07,77422.0,0.06038916
SNGLS/BTC,1584807536792,2020-03-21T16:18:56.792Z,buy,7.8e-07,77422.0,0.06038916
SNGLS/BTC,1584807585235,2020-03-21T16:19:45.235Z,sell,7.7e-07,264.0,0.00020328
SNGLS/BTC,1584807747994,2020-03-21T16:22:27.994Z,sell,7.7e-07,1532.0,0.00117964
SNGLS/BTC,1584807760492,2020-03-21T16:22:40.492Z,buy,7.8e-07,250.0,0.000195
SNGLS/BTC,1584807893437,2020-03-21T16:24:53.437Z,buy,7.8e-07,60749.0,0.04738422
SNGLS/BTC,1584807933880,2020-03-21T16:25:33.880Z,sell,7.7e-07,250.0,0.0001925
SNGLS/BTC,1584808091857,2020-03-21T16:28:11.857Z,sell,7.7e-07,254.0,0.00019558
SNGLS/BTC,1584808126884,2020-03-21T16:28:46.884Z,buy,7.8e-07,32410.0,0.0252798
SNGLS/BTC,1584808199719,2020-03-21T16:29:59.719Z,buy,7.8e-07,839389.0,0.6547234200000001
SNGLS/BTC,1584808199719,2020-03-21T16:29:59.719Z,buy,7.9e-07,204618.0,0.1616482199999999
SNGLS/BTC,1584808199719,2020-03-21T16:29:59.719Z,buy,8e-07,334981.0,0.2679847999999999
SNGLS/BTC,1584808199719,2020-03-21T16:29:59.719Z,buy,8.1e-07,85302.0,0.06909462
SNGLS/BTC,1584808199719,2020-03-21T16:29:59.719Z,buy,8.2e-07,114785.0,0.0941237
SNGLS/BTC,1584808199719,2020-03-21T16:29:59.719Z,buy,8.3e-07,412711.0,0.34255013
SNGLS/BTC,1584808199719,2020-03-21T16:29:59.719Z,buy,8.4e-07,33258.0,0.02793672
SNGLS/BTC,1584808199719,2020-03-21T16:29:59.719Z,buy,8.5e-07,650067.0,0.55255695
SNGLS/BTC,1584808199719,2020-03-21T16:29:59.719Z,buy,8.6e-07,95784.0,0.08237424
SNGLS/BTC,1584808199719,2020-03-21T16:29:59.719Z,buy,8.7e-07,216067.0,0.18797829
SNGLS/BTC,1584808199719,2020-03-21T16:29:59.719Z,buy,8.8e-07,74854.0,0.06587152
SNGLS/BTC,1584808199719,2020-03-21T16:29:59.719Z,buy,8.9e-07,1674504.0,1.49030856
SNGLS/BTC,1584808199719,2020-03-21T16:29:59.719Z,buy,9e-07,314185.0,0.2827665
SNGLS/BTC,1584808200023,2020-03-21T16:30:00.023Z,buy,8.1e-07,250.0,0.0002025
SNGLS/BTC,1584808200035,2020-03-21T16:30:00.035Z,buy,8.1e-07,250.0,0.0002025
SNGLS/BTC,1584808200136,2020-03-21T16:30:00.136Z,buy,8.1e-07,250.0,0.0002025
SNGLS/BTC,1584808200306,2020-03-21T16:30:00.306Z,buy,8.1e-07,18365.0,0.0148756499999999
SNGLS/BTC,1584808201201,2020-03-21T16:30:01.201Z,sell,8.5e-07,250.0,0.0002125
SNGLS/BTC,1584808201506,2020-03-21T16:30:01.506Z,sell,8.6e-07,238.0,0.00020468
SNGLS/BTC,1584808201610,2020-03-21T16:30:01.610Z,sell,8.6e-07,9.0,7.74e-06
SNGLS/BTC,1584808201610,2020-03-21T16:30:01.610Z,sell,8.5e-07,241.0,0.00020485
SNGLS/BTC,1584808201887,2020-03-21T16:30:01.887Z,buy,8.7e-07,137.0,0.00011919
SNGLS/BTC,1584808202021,2020-03-21T16:30:02.021Z,buy,8.7e-07,286226.0,0.24901662
SNGLS/BTC,1584808203389,2020-03-21T16:30:03.389Z,sell,8.9e-07,180.0,0.0001602
SNGLS/BTC,1584808203389,2020-03-21T16:30:03.389Z,sell,8.8e-07,66.0,5.808e-05
SNGLS/BTC,1584808204053,2020-03-21T16:30:04.053Z,sell,8.9e-07,162.0,0.00014418
SNGLS/BTC,1584808204493,2020-03-21T16:30:04.493Z,sell,8.8e-07,33750.0,0.0297
SNGLS/BTC,1584808204493,2020-03-21T16:30:04.493Z,sell,8.7e-07,1725.0,0.00150075
SNGLS/BTC,1584808204493,2020-03-21T16:30:04.493Z,sell,8.5e-07,61955.0,0.05266175
SNGLS/BTC,1584808205103,2020-03-21T16:30:05.103Z,buy,8.9e-07,4622.0,0.0041135799999999
SNGLS/BTC,1584808205103,2020-03-21T16:30:05.103Z,buy,9e-07,80150.0,0.0721349999999999
SNGLS/BTC,1584808206902,2020-03-21T16:30:06.902Z,sell,8.8e-07,730.0,0.0006424
SNGLS/BTC,1584808209058,2020-03-21T16:30:09.058Z,buy,8.9e-07,9633.0,0.00857337
SNGLS/BTC,1584808209058,2020-03-21T16:30:09.058Z,buy,9e-07,80089.0,0.0720801
SNGLS/BTC,1584808209122,2020-03-21T16:30:09.122Z,sell,8.8e-07,18464.0,0.01624832
SNGLS/BTC,1584808211883,2020-03-21T16:30:11.883Z,buy,8.8e-07,654.0,0.00057552
SNGLS/BTC,1584808212718,2020-03-21T16:30:12.718Z,buy,8.8e-07,6586.0,0.00579568
SNGLS/BTC,1584808212718,2020-03-21T16:30:12.718Z,buy,8.9e-07,99275.0,0.08835475
SNGLS/BTC,1584808212718,2020-03-21T16:30:12.718Z,buy,9e-07,358523.0,0.3226707
SNGLS/BTC,1584808212718,2020-03-21T16:30:12.718Z,buy,9.1e-07,258653.0,0.23537423
SNGLS/BTC,1584808214307,2020-03-21T16:30:14.307Z,sell,8.9e-07,10034.0,0.0089302599999999
SNGLS/BTC,1584808214686,2020-03-21T16:30:14.686Z,buy,8.9e-07,23034.0,0.02050026
SNGLS/BTC,1584808214686,2020-03-21T16:30:14.686Z,buy,9e-07,43784.0,0.0394056
SNGLS/BTC,1584808214686,2020-03-21T16:30:14.686Z,buy,9.1e-07,80157.0,0.0729428699999999
SNGLS/BTC,1584808214686,2020-03-21T16:30:14.686Z,buy,9.2e-07,273219.0,0.2513614799999999
SNGLS/BTC,1584808214686,2020-03-21T16:30:14.686Z,buy,9.3e-07,16498.0,0.01534314
SNGLS/BTC,1584808214686,2020-03-21T16:30:14.686Z,buy,9.4e-07,22998.0,0.02161812
SNGLS/BTC,1584808214686,2020-03-21T16:30:14.686Z,buy,9.5e-07,105997.0,0.10069715
SNGLS/BTC,1584808215242,2020-03-21T16:30:15.242Z,sell,9.2e-07,1264.0,0.00116288
SNGLS/BTC,1584808216174,2020-03-21T16:30:16.174Z,sell,9.4e-07,654.0,0.00061476
SNGLS/BTC,1584808219219,2020-03-21T16:30:19.219Z,buy,9.5e-07,23833.0,0.02264135
SNGLS/BTC,1584808219219,2020-03-21T16:30:19.219Z,buy,9.6e-07,94728.0,0.0909388799999999
SNGLS/BTC,1584808220215,2020-03-21T16:30:20.215Z,sell,9.6e-07,24025.0,0.0230639999999999
SNGLS/BTC,1584808220928,2020-03-21T16:30:20.928Z,sell,9.6e-07,95431.0,0.0916137599999999
SNGLS/BTC,1584808221307,2020-03-21T16:30:21.307Z,sell,9.5e-07,20842.0,0.0197999
SNGLS/BTC,1584808222614,2020-03-21T16:30:22.614Z,buy,9.5e-07,11818.0,0.0112271
SNGLS/BTC,1584808223553,2020-03-21T16:30:23.553Z,sell,9.4e-07,309.0,0.00029046
SNGLS/BTC,1584808223553,2020-03-21T16:30:23.553Z,sell,9.4e-07,3127.0,0.00293938
SNGLS/BTC,1584808223623,2020-03-21T16:30:23.623Z,buy,9.5e-07,60498.0,0.0574731
SNGLS/BTC,1584808223623,2020-03-21T16:30:23.623Z,buy,9.7e-07,348833.0,0.33836801
SNGLS/BTC,1584808223927,2020-03-21T16:30:23.927Z,sell,9.4e-07,8211.0,0.00771834
SNGLS/BTC,1584808224013,2020-03-21T16:30:24.013Z,sell,9.4e-07,312.0,0.00029328
SNGLS/BTC,1584808227274,2020-03-21T16:30:27.274Z,buy,9.6e-07,2891.0,0.0027753599999999
SNGLS/BTC,1584808228853,2020-03-21T16:30:28.853Z,sell,9.5e-07,137.0,0.00013015
SNGLS/BTC,1584808231747,2020-03-21T16:30:31.747Z,sell,9.4e-07,26692.0,0.02509048
SNGLS/BTC,1584808232773,2020-03-21T16:30:32.773Z,buy,9.4e-07,2532.0,0.00238008
SNGLS/BTC,1584808232990,2020-03-21T16:30:32.990Z,buy,9.4e-07,22851.0,0.02147994
SNGLS/BTC,1584808233896,2020-03-21T16:30:33.896Z,sell,9.3e-07,137.0,0.00012741
SNGLS/BTC,1584808233896,2020-03-21T16:30:33.896Z,sell,9.2e-07,51869.0,0.04771948
SNGLS/BTC,1584808233896,2020-03-21T16:30:33.896Z,sell,9.1e-07,7065.0,0.00642915
SNGLS/BTC,1584808236889,2020-03-21T16:30:36.889Z,buy,9.3e-07,5960.0,0.0055428
SNGLS/BTC,1584808236889,2020-03-21T16:30:36.889Z,buy,9.4e-07,41752.0,0.03924688
SNGLS/BTC,1584808238971,2020-03-21T16:30:38.971Z,sell,9.2e-07,2345.0,0.0021574
SNGLS/BTC,1584808239041,2020-03-21T16:30:39.041Z,buy,9.3e-07,137.0,0.00012741
SNGLS/BTC,1584808239041,2020-03-21T16:30:39.041Z,buy,9.4e-07,2819.0,0.00264986
SNGLS/BTC,1584808239809,2020-03-21T16:30:39.809Z,sell,9.3e-07,183.0,0.00017019
SNGLS/BTC,1584808240072,2020-03-21T16:30:40.072Z,sell,9.3e-07,2345.0,0.00218085
SNGLS/BTC,1584808241655,2020-03-21T16:30:41.655Z,buy,9.4e-07,3306.0,0.00310764
SNGLS/BTC,1584808241655,2020-03-21T16:30:41.655Z,buy,9.5e-07,194.0,0.0001843
SNGLS/BTC,1584808242162,2020-03-21T16:30:42.162Z,buy,9.3e-07,572.0,0.0005319599999999
SNGLS/BTC,1584808243077,2020-03-21T16:30:43.077Z,buy,9.3e-07,835.0,0.00077655
SNGLS/BTC,1584808243302,2020-03-21T16:30:43.302Z,buy,9.3e-07,19242.0,0.01789506
SNGLS/BTC,1584808244543,2020-03-21T16:30:44.543Z,buy,9.5e-07,4227.0,0.00401565
SNGLS/BTC,1584808244543,2020-03-21T16:30:44.543Z,buy,9.6e-07,49.0,4.704e-05
SNGLS/BTC,1584808246176,2020-03-21T16:30:46.176Z,buy,9.6e-07,2026.0,0.00194496
SNGLS/BTC,1584808246248,2020-03-21T16:30:46.248Z,buy,9.6e-07,1146.0,0.00110016
SNGLS/BTC,1584808247113,2020-03-21T16:30:47.113Z,sell,9.5e-07,12555.0,0.01192725
SNGLS/BTC,1584808247607,2020-03-21T16:30:47.607Z,buy,9.5e-07,1563.0,0.00148485
SNGLS/BTC,1584808248768,2020-03-21T16:30:48.768Z,buy,9.5e-07,109833.0,0.10434135
SNGLS/BTC,1584808248768,2020-03-21T16:30:48.768Z,buy,9.6e-07,429432.0,0.4122547199999999
SNGLS/BTC,1584808248841,2020-03-21T16:30:48.841Z,buy,9.6e-07,1024.0,0.00098304
SNGLS/BTC,1584808250016,2020-03-21T16:30:50.016Z,sell,9.5e-07,12560.0,0.011932
SNGLS/BTC,1584808250189,2020-03-21T16:30:50.189Z,buy,9.5e-07,1003.0,0.00095285
SNGLS/BTC,1584808250294,2020-03-21T16:30:50.294Z,buy,9.5e-07,43518.0,0.0413421
SNGLS/BTC,1584808251638,2020-03-21T16:30:51.638Z,buy,9.5e-07,304437.0,0.28921515
SNGLS/BTC,1584808253600,2020-03-21T16:30:53.600Z,sell,9.5e-07,76787.0,0.07294765
SNGLS/BTC,1584808254114,2020-03-21T16:30:54.114Z,buy,9.5e-07,31578.0,0.0299991
SNGLS/BTC,1584808254741,2020-03-21T16:30:54.741Z,sell,9.4e-07,1383.0,0.00130002
SNGLS/BTC,1584808255855,2020-03-21T16:30:55.855Z,sell,9.3e-07,10240.0,0.0095231999999999
SNGLS/BTC,1584808255855,2020-03-21T16:30:55.855Z,sell,9.2e-07,8345.0,0.0076774
SNGLS/BTC,1584808255855,2020-03-21T16:30:55.855Z,sell,9.1e-07,28436.0,0.02587676
SNGLS/BTC,1584808255855,2020-03-21T16:30:55.855Z,sell,9e-07,21870.0,0.019683
SNGLS/BTC,1584808255855,2020-03-21T16:30:55.855Z,sell,8.9e-07,137.0,0.0001219299999999
SNGLS/BTC,1584808255855,2020-03-21T16:30:55.855Z,sell,8.8e-07,14621.0,0.01286648
SNGLS/BTC,1584808256014,2020-03-21T16:30:56.014Z,buy,9e-07,6024.0,0.0054215999999999
SNGLS/BTC,1584808256364,2020-03-21T16:30:56.364Z,buy,9e-07,11786.0,0.0106074
SNGLS/BTC,1584808256976,2020-03-21T16:30:56.976Z,buy,9e-07,12461.0,0.0112149
SNGLS/BTC,1584808258151,2020-03-21T16:30:58.151Z,sell,8.9e-07,1143.0,0.00101727
SNGLS/BTC,1584808258323,2020-03-21T16:30:58.323Z,sell,8.9e-07,12691.0,0.01129499
SNGLS/BTC,1584808258323,2020-03-21T16:30:58.323Z,sell,8.8e-07,642.0,0.00056496
SNGLS/BTC,1584808261248,2020-03-21T16:31:01.248Z,sell,8.9e-07,6982.0,0.00621398
SNGLS/BTC,1584808263032,2020-03-21T16:31:03.032Z,buy,9e-07,29530.0,0.026577
SNGLS/BTC,1584808263286,2020-03-21T16:31:03.286Z,buy,9e-07,1484.0,0.0013356
SNGLS/BTC,1584808263543,2020-03-21T16:31:03.543Z,sell,8.9e-07,6220.0,0.0055358
SNGLS/BTC,1584808263614,2020-03-21T16:31:03.614Z,buy,8.9e-07,131422.0,0.11696558
SNGLS/BTC,1584808263645,2020-03-21T16:31:03.645Z,sell,8.8e-07,8345.0,0.0073436
SNGLS/BTC,1584808266205,2020-03-21T16:31:06.205Z,sell,8.9e-07,252.0,0.00022428
SNGLS/BTC,1584808266555,2020-03-21T16:31:06.555Z,buy,9e-07,1500.0,0.0013499999999999
SNGLS/BTC,1584808266634,2020-03-21T16:31:06.634Z,buy,9e-07,124157.0,0.1117413
SNGLS/BTC,1584808267458,2020-03-21T16:31:07.458Z,buy,9e-07,12310.0,0.011079
SNGLS/BTC,1584808268764,2020-03-21T16:31:08.764Z,sell,9e-07,19012.0,0.0171108
SNGLS/BTC,1584808268771,2020-03-21T16:31:08.771Z,sell,9e-07,38507.0,0.0346563
SNGLS/BTC,1584808268780,2020-03-21T16:31:08.780Z,buy,9.1e-07,7054.0,0.0064191399999999
SNGLS/BTC,1584808268876,2020-03-21T16:31:08.876Z,buy,9.1e-07,1500.0,0.001365
SNGLS/BTC,1584808268944,2020-03-21T16:31:08.944Z,buy,9.1e-07,3369.0,0.00306579
SNGLS/BTC,1584808269622,2020-03-21T16:31:09.622Z,sell,9.1e-07,1970.0,0.0017927
SNGLS/BTC,1584808271671,2020-03-21T16:31:11.671Z,buy,9.2e-07,1500.0,0.00138
SNGLS/BTC,1584808273441,2020-03-21T16:31:13.441Z,buy,9.2e-07,1500.0,0.00138
SNGLS/BTC,1584808274705,2020-03-21T16:31:14.705Z,sell,9.1e-07,17750.0,0.0161525
SNGLS/BTC,1584808274845,2020-03-21T16:31:14.845Z,buy,9.1e-07,9905.0,0.00901355
SNGLS/BTC,1584808275969,2020-03-21T16:31:15.969Z,buy,9.1e-07,1875.0,0.0017062499999999
SNGLS/BTC,1584808275969,2020-03-21T16:31:15.969Z,buy,9.2e-07,35150.0,0.032338
SNGLS/BTC,1584808276148,2020-03-21T16:31:16.148Z,buy,9.2e-07,1970.0,0.0018124
SNGLS/BTC,1584808276336,2020-03-21T16:31:16.336Z,sell,9.2e-07,35372.0,0.03254224
SNGLS/BTC,1584808276336,2020-03-21T16:31:16.336Z,sell,9.1e-07,14867.0,0.01352897
SNGLS/BTC,1584808276336,2020-03-21T16:31:16.336Z,sell,9e-07,20938.0,0.0188442
SNGLS/BTC,1584808276802,2020-03-21T16:31:16.802Z,buy,9e-07,11407.0,0.0102662999999999
SNGLS/BTC,1584808276882,2020-03-21T16:31:16.882Z,buy,9e-07,64091.0,0.0576818999999999
SNGLS/BTC,1584808277092,2020-03-21T16:31:17.092Z,buy,9e-07,1500.0,0.0013499999999999
SNGLS/BTC,1584808277118,2020-03-21T16:31:17.118Z,buy,9e-07,10122.0,0.0091098
SNGLS/BTC,1584808277382,2020-03-21T16:31:17.382Z,buy,9e-07,10172.0,0.0091548
SNGLS/BTC,1584808277954,2020-03-21T16:31:17.954Z,buy,9e-07,16535.0,0.0148814999999999
SNGLS/BTC,1584808278283,2020-03-21T16:31:18.283Z,buy,9e-07,1500.0,0.0013499999999999
SNGLS/BTC,1584808278585,2020-03-21T16:31:18.585Z,buy,9e-07,413496.0,0.3721464
SNGLS/BTC,1584808278585,2020-03-21T16:31:18.585Z,buy,9.1e-07,12153.0,0.01105923
SNGLS/BTC,1584808278585,2020-03-21T16:31:18.585Z,buy,9.2e-07,23785.0,0.0218822
SNGLS/BTC,1584808278585,2020-03-21T16:31:18.585Z,buy,9.3e-07,12734.0,0.01184262
SNGLS/BTC,1584808278585,2020-03-21T16:31:18.585Z,buy,9.4e-07,1617.0,0.00151998
SNGLS/BTC,1584808278791,2020-03-21T16:31:18.791Z,sell,9.4e-07,11786.0,0.01107884
SNGLS/BTC,1584808279187,2020-03-21T16:31:19.187Z,sell,9.4e-07,11407.0,0.01072258
SNGLS/BTC,1584808279455,2020-03-21T16:31:19.455Z,sell,9.4e-07,6155.0,0.0057857
SNGLS/BTC,1584808279815,2020-03-21T16:31:19.815Z,sell,9.4e-07,52855.0,0.0496837
SNGLS/BTC,1584808280151,2020-03-21T16:31:20.151Z,buy,9.4e-07,7915.0,0.0074401
SNGLS/BTC,1584808281251,2020-03-21T16:31:21.251Z,buy,9.4e-07,20751.0,0.01950594
SNGLS/BTC,1584808281251,2020-03-21T16:31:21.251Z,buy,9.5e-07,100014.0,0.0950133
SNGLS/BTC,1584808281286,2020-03-21T16:31:21.286Z,sell,9.2e-07,33116.0,0.03046672
SNGLS/BTC,1584808281286,2020-03-21T16:31:21.286Z,sell,9.1e-07,11733.0,0.0106770299999999
SNGLS/BTC,1584808281286,2020-03-21T16:31:21.286Z,sell,9e-07,8341.0,0.0075068999999999
SNGLS/BTC,1584808281286,2020-03-21T16:31:21.286Z,sell,8.9e-07,95583.0,0.0850688699999999
SNGLS/BTC,1584808281439,2020-03-21T16:31:21.439Z,buy,9.1e-07,3992.0,0.00363272
SNGLS/BTC,1584808281566,2020-03-21T16:31:21.566Z,buy,9.3e-07,320.0,0.0002975999999999
SNGLS/BTC,1584808281606,2020-03-21T16:31:21.606Z,buy,9.3e-07,1979.0,0.00184047
SNGLS/BTC,1584808281921,2020-03-21T16:31:21.921Z,sell,9.2e-07,2098.0,0.00193016
SNGLS/BTC,1584808281921,2020-03-21T16:31:21.921Z,sell,9e-07,15184.0,0.0136656
SNGLS/BTC,1584808281959,2020-03-21T16:31:21.959Z,buy,9.2e-07,11407.0,0.0104944399999999
SNGLS/BTC,1584808282536,2020-03-21T16:31:22.536Z,buy,9.2e-07,139.0,0.00012788
SNGLS/BTC,1584808283089,2020-03-21T16:31:23.089Z,buy,9.2e-07,3044.0,0.0028004799999999
SNGLS/BTC,1584808284098,2020-03-21T16:31:24.098Z,buy,9.2e-07,594.0,0.00054648
SNGLS/BTC,1584808284954,2020-03-21T16:31:24.954Z,sell,9.2e-07,137.0,0.00012604
SNGLS/BTC,1584808285400,2020-03-21T16:31:25.400Z,sell,9.2e-07,13072.0,0.01202624
SNGLS/BTC,1584808287020,2020-03-21T16:31:27.020Z,buy,9.1e-07,25600.0,0.023296
SNGLS/BTC,1584808287020,2020-03-21T16:31:27.020Z,buy,9.3e-07,4173.0,0.00388089
SNGLS/BTC,1584808287619,2020-03-21T16:31:27.619Z,buy,9.3e-07,1522.0,0.00141546
SNGLS/BTC,1584808289670,2020-03-21T16:31:29.670Z,buy,9.2e-07,744.0,0.00068448
SNGLS/BTC,1584808291159,2020-03-21T16:31:31.159Z,buy,9.2e-07,761.0,0.0007001199999999
SNGLS/BTC,1584808291926,2020-03-21T16:31:31.926Z,buy,9.2e-07,4585.0,0.0042182
SNGLS/BTC,1584808292765,2020-03-21T16:31:32.765Z,sell,9.2e-07,2790.0,0.0025668
SNGLS/BTC,1584808293551,2020-03-21T16:31:33.551Z,buy,9.3e-07,45196.0,0.04203228
SNGLS/BTC,1584808295125,2020-03-21T16:31:35.125Z,buy,9.4e-07,213.0,0.00020022
SNGLS/BTC,1584808295128,2020-03-21T16:31:35.128Z,buy,9.4e-07,88700.0,0.083378
SNGLS/BTC,1584808295792,2020-03-21T16:31:35.792Z,sell,9.3e-07,7054.0,0.00656022
SNGLS/BTC,1584808296203,2020-03-21T16:31:36.203Z,sell,9.3e-07,3369.0,0.00313317
SNGLS/BTC,1584808296740,2020-03-21T16:31:36.740Z,sell,9.3e-07,5000.0,0.00465
SNGLS/BTC,1584808298217,2020-03-21T16:31:38.217Z,buy,9.4e-07,24849.0,0.02335806
SNGLS/BTC,1584808301672,2020-03-21T16:31:41.672Z,sell,9.4e-07,52744.0,0.04957936
SNGLS/BTC,1584808301672,2020-03-21T16:31:41.672Z,sell,9.3e-07,11408.0,0.01060944
SNGLS/BTC,1584808304198,2020-03-21T16:31:44.198Z,buy,9.3e-07,117085.0,0.10888905
SNGLS/BTC,1584808304198,2020-03-21T16:31:44.198Z,buy,9.4e-07,11408.0,0.01072352
SNGLS/BTC,1584808305476,2020-03-21T16:31:45.476Z,sell,9.4e-07,13513.0,0.01270222
SNGLS/BTC,1584808306275,2020-03-21T16:31:46.275Z,sell,9.4e-07,2000.0,0.00188
SNGLS/BTC,1584808307398,2020-03-21T16:31:47.398Z,sell,9.4e-07,181237.0,0.17036278
SNGLS/BTC,1584808308126,2020-03-21T16:31:48.126Z,buy,9.5e-07,29068.0,0.0276146
SNGLS/BTC,1584808309900,2020-03-21T16:31:49.900Z,sell,9.4e-07,3496.0,0.00328624
SNGLS/BTC,1584808312803,2020-03-21T16:31:52.803Z,buy,9.5e-07,27087.0,0.02573265
SNGLS/BTC,1584808314806,2020-03-21T16:31:54.806Z,buy,9.5e-07,223567.0,0.21238865
SNGLS/BTC,1584808314955,2020-03-21T16:31:54.955Z,buy,9.5e-07,11911.0,0.01131545
SNGLS/BTC,1584808315863,2020-03-21T16:31:55.863Z,buy,9.5e-07,10338.0,0.0098211
SNGLS/BTC,1584808316731,2020-03-21T16:31:56.731Z,sell,9.4e-07,6451.0,0.00606394
SNGLS/BTC,1584808317099,2020-03-21T16:31:57.099Z,buy,9.5e-07,18980.0,0.018031
SNGLS/BTC,1584808318836,2020-03-21T16:31:58.836Z,sell,9.4e-07,181237.0,0.17036278
SNGLS/BTC,1584808320077,2020-03-21T16:32:00.077Z,sell,9.4e-07,181237.0,0.17036278
SNGLS/BTC,1584808320870,2020-03-21T16:32:00.870Z,sell,9.4e-07,181237.0,0.17036278
SNGLS/BTC,1584808320960,2020-03-21T16:32:00.960Z,sell,9.4e-07,252736.0,0.23757184
SNGLS/BTC,1584808322007,2020-03-21T16:32:02.007Z,buy,9.5e-07,3885.0,0.00369075
SNGLS/BTC,1584808322173,2020-03-21T16:32:02.173Z,sell,9.4e-07,181237.0,0.17036278
SNGLS/BTC,1584808322260,2020-03-21T16:32:02.260Z,buy,9.5e-07,9333.0,0.00886635
SNGLS/BTC,1584808322310,2020-03-21T16:32:02.310Z,sell,9.5e-07,55124.0,0.0523678
SNGLS/BTC,1584808322310,2020-03-21T16:32:02.310Z,sell,9.4e-07,126113.0,0.11854622
SNGLS/BTC,1584808323693,2020-03-21T16:32:03.693Z,sell,9.5e-07,181237.0,0.17217515
SNGLS/BTC,1584808325438,2020-03-21T16:32:05.438Z,sell,9.5e-07,49055.0,0.04660225
SNGLS/BTC,1584808325438,2020-03-21T16:32:05.438Z,sell,9.4e-07,132182.0,0.12425108
SNGLS/BTC,1584808329242,2020-03-21T16:32:09.242Z,sell,9.5e-07,10000.0,0.0095
SNGLS/BTC,1584808329242,2020-03-21T16:32:09.242Z,sell,9.4e-07,171237.0,0.16096278
SNGLS/BTC,1584808331033,2020-03-21T16:32:11.033Z,sell,9.5e-07,22826.0,0.0216847
SNGLS/BTC,1584808331033,2020-03-21T16:32:11.033Z,sell,9.4e-07,158411.0,0.14890634
SNGLS/BTC,1584808332520,2020-03-21T16:32:12.520Z,buy,9.5e-07,5930.0,0.0056335
SNGLS/BTC,1584808332525,2020-03-21T16:32:12.525Z,sell,9.4e-07,181237.0,0.17036278
SNGLS/BTC,1584808333416,2020-03-21T16:32:13.416Z,sell,9.4e-07,181237.0,0.17036278
SNGLS/BTC,1584808334254,2020-03-21T16:32:14.254Z,buy,9.5e-07,56852.0,0.0540094
SNGLS/BTC,1584808334679,2020-03-21T16:32:14.679Z,sell,9.5e-07,2000.0,0.0019
SNGLS/BTC,1584808337957,2020-03-21T16:32:17.957Z,sell,9.5e-07,130049.0,0.12354655
SNGLS/BTC,1584808338649,2020-03-21T16:32:18.649Z,sell,9.4e-07,60113.0,0.05650622
SNGLS/BTC,1584808338649,2020-03-21T16:32:18.649Z,sell,9.3e-07,39940.0,0.0371442
SNGLS/BTC,1584808340767,2020-03-21T16:32:20.767Z,sell,9.2e-07,75647.0,0.06959524
SNGLS/BTC,1584808342630,2020-03-21T16:32:22.630Z,sell,9.2e-07,1420.0,0.0013063999999999
SNGLS/BTC,1584808344207,2020-03-21T16:32:24.207Z,sell,9.2e-07,13178.0,0.0121237599999999
SNGLS/BTC,1584808344207,2020-03-21T16:32:24.207Z,sell,9.1e-07,49063.0,0.04464733
SNGLS/BTC,1584808344207,2020-03-21T16:32:24.207Z,sell,9e-07,73442.0,0.0660978
SNGLS/BTC,1584808344207,2020-03-21T16:32:24.207Z,sell,8.9e-07,41824.0,0.03722336
SNGLS/BTC,1584808345062,2020-03-21T16:32:25.062Z,buy,9.2e-07,1313.0,0.00120796
SNGLS/BTC,1584808348997,2020-03-21T16:32:28.997Z,sell,9e-07,327.0,0.0002943
SNGLS/BTC,1584808349968,2020-03-21T16:32:29.968Z,buy,9e-07,23979.0,0.0215811
SNGLS/BTC,1584808352603,2020-03-21T16:32:32.603Z,buy,9.1e-07,11923.0,0.0108499299999999
SNGLS/BTC,1584808362751,2020-03-21T16:32:42.751Z,buy,9.2e-07,36281.0,0.03337852
SNGLS/BTC,1584808363121,2020-03-21T16:32:43.121Z,sell,9.2e-07,10127.0,0.00931684
SNGLS/BTC,1584808365484,2020-03-21T16:32:45.484Z,buy,9.3e-07,24273.0,0.02257389
SNGLS/BTC,1584808366363,2020-03-21T16:32:46.363Z,buy,9.3e-07,10765.0,0.01001145
SNGLS/BTC,1584808367851,2020-03-21T16:32:47.851Z,sell,9.3e-07,2000.0,0.0018599999999999
SNGLS/BTC,1584808370817,2020-03-21T16:32:50.817Z,sell,9.3e-07,1500.0,0.001395
SNGLS/BTC,1584808371995,2020-03-21T16:32:51.995Z,sell,9.3e-07,1500.0,0.001395
SNGLS/BTC,1584808373307,2020-03-21T16:32:53.307Z,sell,9.3e-07,2000.0,0.0018599999999999
SNGLS/BTC,1584808373402,2020-03-21T16:32:53.402Z,sell,9.3e-07,498.0,0.00046314
SNGLS/BTC,1584808374997,2020-03-21T16:32:54.997Z,sell,9.3e-07,6038.0,0.00561534
SNGLS/BTC,1584808377112,2020-03-21T16:32:57.112Z,buy,9.3e-07,261.0,0.00024273
SNGLS/BTC,1584808379567,2020-03-21T16:32:59.567Z,sell,9.2e-07,34661.0,0.03188812
SNGLS/BTC,1584808380054,2020-03-21T16:33:00.054Z,sell,9.2e-07,788324.0,0.72525808
SNGLS/BTC,1584808380054,2020-03-21T16:33:00.054Z,sell,9.1e-07,61650.0,0.0561015
SNGLS/BTC,1584808380054,2020-03-21T16:33:00.054Z,sell,9e-07,213195.0,0.1918755
SNGLS/BTC,1584808380054,2020-03-21T16:33:00.054Z,sell,8.9e-07,553257.0,0.4923987299999999
SNGLS/BTC,1584808383591,2020-03-21T16:33:03.591Z,buy,8.9e-07,5223.0,0.00464847
SNGLS/BTC,1584808384355,2020-03-21T16:33:04.355Z,buy,8.9e-07,9959.0,0.00886351
SNGLS/BTC,1584808386703,2020-03-21T16:33:06.703Z,buy,8.9e-07,84619.0,0.07531091
SNGLS/BTC,1584808386703,2020-03-21T16:33:06.703Z,buy,9.1e-07,11923.0,0.0108499299999999
SNGLS/BTC,1584808386703,2020-03-21T16:33:06.703Z,buy,9.2e-07,18907.0,0.01739444
SNGLS/BTC,1584808386703,2020-03-21T16:33:06.703Z,buy,9.3e-07,2290.0,0.0021297
SNGLS/BTC,1584808387219,2020-03-21T16:33:07.219Z,sell,9e-07,20976.0,0.0188784
SNGLS/BTC,1584808387219,2020-03-21T16:33:07.219Z,sell,8.9e-07,81827.0,0.07282603
SNGLS/BTC,1584808387219,2020-03-21T16:33:07.219Z,sell,8.8e-07,73984.0,0.06510592
SNGLS/BTC,1584808387219,2020-03-21T16:33:07.219Z,sell,8.7e-07,180925.0,0.15740475
SNGLS/BTC,1584808388782,2020-03-21T16:33:08.782Z,sell,9e-07,11981.0,0.0107829
SNGLS/BTC,1584808389293,2020-03-21T16:33:09.293Z,sell,9e-07,5992.0,0.0053928
SNGLS/BTC,1584808389293,2020-03-21T16:33:09.293Z,sell,8.8e-07,6186.0,0.00544368
SNGLS/BTC,1584808389806,2020-03-21T16:33:09.806Z,sell,8.9e-07,5530.0,0.0049216999999999
SNGLS/BTC,1584808393528,2020-03-21T16:33:13.528Z,sell,8.9e-07,11818.0,0.01051802
SNGLS/BTC,1584808400296,2020-03-21T16:33:20.296Z,sell,8.9e-07,3317.0,0.00295213
SNGLS/BTC,1584808401452,2020-03-21T16:33:21.452Z,buy,9e-07,17348.0,0.0156131999999999
SNGLS/BTC,1584808404975,2020-03-21T16:33:24.975Z,sell,9e-07,27370.0,0.024633
SNGLS/BTC,1584808406948,2020-03-21T16:33:26.948Z,sell,8.9e-07,20049.0,0.01784361
SNGLS/BTC,1584808406948,2020-03-21T16:33:26.948Z,sell,8.8e-07,2709.0,0.00238392
SNGLS/BTC,1584808409726,2020-03-21T16:33:29.726Z,sell,8.9e-07,13789.0,0.0122722099999999
SNGLS/BTC,1584808412187,2020-03-21T16:33:32.187Z,buy,9e-07,5936.0,0.0053424
SNGLS/BTC,1584808418141,2020-03-21T16:33:38.141Z,sell,8.9e-07,158073.0,0.14068497
SNGLS/BTC,1584808418141,2020-03-21T16:33:38.141Z,sell,8.8e-07,79944.0,0.07035072
SNGLS/BTC,1584808418241,2020-03-21T16:33:38.241Z,sell,8.8e-07,1264.0,0.00111232
SNGLS/BTC,1584808418594,2020-03-21T16:33:38.594Z,sell,8.8e-07,67500.0,0.0594
SNGLS/BTC,1584808418762,2020-03-21T16:33:38.762Z,buy,8.8e-07,504.0,0.00044352
SNGLS/BTC,1584808418859,2020-03-21T16:33:38.859Z,buy,8.8e-07,4139.0,0.00364232
SNGLS/BTC,1584808419669,2020-03-21T16:33:39.669Z,buy,8.8e-07,9064.0,0.00797632
SNGLS/BTC,1584808423393,2020-03-21T16:33:43.393Z,sell,8.7e-07,3565.0,0.00310155
SNGLS/BTC,1584808425793,2020-03-21T16:33:45.793Z,sell,8.7e-07,7545.0,0.00656415
SNGLS/BTC,1584808427917,2020-03-21T16:33:47.917Z,buy,8.8e-07,6896.0,0.00606848
SNGLS/BTC,1584808433835,2020-03-21T16:33:53.835Z,buy,8.8e-07,34843.0,0.03066184
SNGLS/BTC,1584808436373,2020-03-21T16:33:56.373Z,buy,8.8e-07,2958.0,0.00260304
SNGLS/BTC,1584808437035,2020-03-21T16:33:57.035Z,sell,8.8e-07,22799.0,0.02006312
SNGLS/BTC,1584808438770,2020-03-21T16:33:58.770Z,sell,8.7e-07,260.0,0.0002262
SNGLS/BTC,1584808439517,2020-03-21T16:33:59.517Z,buy,8.8e-07,968.0,0.00085184
SNGLS/BTC,1584808439638,2020-03-21T16:33:59.638Z,buy,8.8e-07,1500.0,0.00132
SNGLS/BTC,1584808440163,2020-03-21T16:34:00.163Z,sell,8.7e-07,29068.0,0.02528916
SNGLS/BTC,1584808440261,2020-03-21T16:34:00.261Z,sell,8.7e-07,6889.0,0.00599343
SNGLS/BTC,1584808440821,2020-03-21T16:34:00.821Z,buy,8.8e-07,1500.0,0.00132
SNGLS/BTC,1584808442368,2020-03-21T16:34:02.368Z,buy,8.8e-07,1500.0,0.00132
SNGLS/BTC,1584808442485,2020-03-21T16:34:02.485Z,buy,8.8e-07,1493.0,0.00131384
SNGLS/BTC,1584808447853,2020-03-21T16:34:07.853Z,buy,8.8e-07,40939.0,0.03602632
SNGLS/BTC,1584808451389,2020-03-21T16:34:11.389Z,buy,8.8e-07,48077.0,0.04230776
SNGLS/BTC,1584808455080,2020-03-21T16:34:15.080Z,buy,8.9e-07,7235.0,0.0064391499999999
SNGLS/BTC,1584808463230,2020-03-21T16:34:23.230Z,buy,8.9e-07,421.0,0.00037469
SNGLS/BTC,1584808468078,2020-03-21T16:34:28.078Z,buy,8.9e-07,11244.0,0.01000716
SNGLS/BTC,1584808469476,2020-03-21T16:34:29.476Z,buy,8.9e-07,280.0,0.0002492
SNGLS/BTC,1584808474286,2020-03-21T16:34:34.286Z,sell,8.8e-07,52036.0,0.04579168
SNGLS/BTC,1584808479014,2020-03-21T16:34:39.014Z,buy,8.8e-07,198264.0,0.17447232
SNGLS/BTC,1584808480776,2020-03-21T16:34:40.776Z,sell,8.7e-07,4786.0,0.00416382
SNGLS/BTC,1584808489287,2020-03-21T16:34:49.287Z,sell,8.7e-07,42036.0,0.03657132
SNGLS/BTC,1584808492327,2020-03-21T16:34:52.327Z,sell,8.7e-07,9729.0,0.00846423
SNGLS/BTC,1584808502644,2020-03-21T16:35:02.644Z,sell,8.7e-07,14381.0,0.01251147
SNGLS/BTC,1584808514060,2020-03-21T16:35:14.060Z,buy,8.7e-07,2349.0,0.00204363
SNGLS/BTC,1584808515158,2020-03-21T16:35:15.158Z,sell,8.6e-07,43838.0,0.03770068
SNGLS/BTC,1584808515158,2020-03-21T16:35:15.158Z,sell,8.5e-07,259305.0,0.22040925
SNGLS/BTC,1584808517455,2020-03-21T16:35:17.455Z,sell,8.4e-07,2070.0,0.0017388
SNGLS/BTC,1584808520577,2020-03-21T16:35:20.577Z,buy,8.5e-07,200956.0,0.1708126
SNGLS/BTC,1584808520927,2020-03-21T16:35:20.927Z,sell,8.4e-07,24534.0,0.02060856
SNGLS/BTC,1584808520962,2020-03-21T16:35:20.962Z,buy,8.5e-07,9957.0,0.00846345
SNGLS/BTC,1584808520976,2020-03-21T16:35:20.976Z,buy,8.5e-07,1500.0,0.001275
