symbol,timestamp,datetime,side,price,amount,btc_volume
SNGLS/BTC,1609362427402,2020-12-30T21:07:07.402Z,buy,1.5e-07,4295.0,0.00064425
SNGLS/BTC,1609362537407,2020-12-30T21:08:57.407Z,buy,1.5e-07,57072.0,0.0085608
SNGLS/BTC,1609362734088,2020-12-30T21:12:14.088Z,buy,1.5e-07,57462.0,0.0086193
SNGLS/BTC,1609363029846,2020-12-30T21:17:09.846Z,buy,1.5e-07,3457.0,0.00051855
SNGLS/BTC,1609365547876,2020-12-30T21:59:07.876Z,buy,1.5e-07,4353.0,0.00065295
SNGLS/BTC,1609365547876,2020-12-30T21:59:07.876Z,buy,1.5e-07,4353.0,0.00065295
SNGLS/BTC,1609366509610,2020-12-30T22:15:09.610Z,buy,1.5e-07,1892.0,0.0002838
SNGLS/BTC,1609366524592,2020-12-30T22:15:24.592Z,buy,1.5e-07,1845.0,0.00027675
SNGLS/BTC,1609366547565,2020-12-30T22:15:47.565Z,sell,1.4e-07,3733.0,0.00052262
SNGLS/BTC,1609366554500,2020-12-30T22:15:54.500Z,sell,1.4e-07,750.0,0.000105
SNGLS/BTC,1609366838186,2020-12-30T22:20:38.186Z,sell,1.4e-07,7110.0,0.0009954
SNGLS/BTC,1609368854990,2020-12-30T22:54:14.990Z,sell,1.4e-07,88463.0,0.01238482
SNGLS/BTC,1609369102300,2020-12-30T22:58:22.300Z,sell,1.4e-07,5673.0,0.00079422
SNGLS/BTC,1609369102300,2020-12-30T22:58:22.300Z,sell,1.4e-07,5673.0,0.00079422
SNGLS/BTC,1609369819329,2020-12-30T23:10:19.329Z,sell,1.4e-07,2997.0,0.00041958
SNGLS/BTC,1609369871102,2020-12-30T23:11:11.102Z,buy,1.5e-07,666.0,9.99e-05
SNGLS/BTC,1609370062018,2020-12-30T23:14:22.018Z,buy,1.5e-07,2666.0,0.0003998999999999
SNGLS/BTC,1609370148206,2020-12-30T23:15:48.206Z,sell,1.4e-07,3328.0,0.00046592
SNGLS/BTC,1609370148206,2020-12-30T23:15:48.206Z,sell,1.4e-07,3328.0,0.00046592
SNGLS/BTC,1609373734757,2020-12-31T00:15:34.757Z,buy,1.5e-07,2666.0,0.0003998999999999
SNGLS/BTC,1609373734757,2020-12-31T00:15:34.757Z,buy,1.5e-07,2666.0,0.0003998999999999
SNGLS/BTC,1609373795271,2020-12-31T00:16:35.271Z,buy,1.5e-07,2666.0,0.0003998999999999
SNGLS/BTC,1609373800382,2020-12-31T00:16:40.382Z,buy,1.5e-07,2666.0,0.0003998999999999
SNGLS/BTC,1609373806643,2020-12-31T00:16:46.643Z,buy,1.5e-07,2666.0,0.0003998999999999
SNGLS/BTC,1609373812836,2020-12-31T00:16:52.836Z,buy,1.5e-07,2666.0,0.0003998999999999
SNGLS/BTC,1609373816374,2020-12-31T00:16:56.374Z,buy,1.5e-07,2666.0,0.0003998999999999
SNGLS/BTC,1609373824862,2020-12-31T00:17:04.862Z,buy,1.5e-07,2666.0,0.0003998999999999
SNGLS/BTC,1609373828882,2020-12-31T00:17:08.882Z,buy,1.5e-07,2666.0,0.0003998999999999
SNGLS/BTC,1609373834201,2020-12-31T00:17:14.201Z,buy,1.5e-07,2666.0,0.0003998999999999
SNGLS/BTC,1609373847145,2020-12-31T00:17:27.145Z,buy,1.5e-07,2666.0,0.0003998999999999
SNGLS/BTC,1609373849564,2020-12-31T00:17:29.564Z,buy,1.5e-07,2666.0,0.0003998999999999
SNGLS/BTC,1609373855856,2020-12-31T00:17:35.856Z,buy,1.5e-07,2666.0,0.0003998999999999
SNGLS/BTC,1609373862890,2020-12-31T00:17:42.890Z,buy,1.5e-07,2666.0,0.0003998999999999
SNGLS/BTC,1609373879094,2020-12-31T00:17:59.094Z,sell,1.4e-07,34624.0,0.00484736
SNGLS/BTC,1609374223407,2020-12-31T00:23:43.407Z,buy,1.5e-07,1171.0,0.00017565
SNGLS/BTC,1609375168915,2020-12-31T00:39:28.915Z,sell,1.4e-07,7134.0,0.00099876
SNGLS/BTC,1609375168915,2020-12-31T00:39:28.915Z,sell,1.4e-07,7134.0,0.00099876
SNGLS/BTC,1609378066520,2020-12-31T01:27:46.520Z,sell,1.4e-07,29970.0,0.0041958
SNGLS/BTC,1609378066520,2020-12-31T01:27:46.520Z,sell,1.4e-07,29970.0,0.0041958
SNGLS/BTC,1609383173146,2020-12-31T02:52:53.146Z,sell,1.4e-07,1018.0,0.00014252
SNGLS/BTC,1609383173146,2020-12-31T02:52:53.146Z,sell,1.4e-07,1018.0,0.00014252
SNGLS/BTC,1609384359451,2020-12-31T03:12:39.451Z,sell,1.4e-07,1100000.0,0.154
SNGLS/BTC,1609384367382,2020-12-31T03:12:47.382Z,sell,1.4e-07,28568.0,0.00399952
SNGLS/BTC,1609384410348,2020-12-31T03:13:30.348Z,sell,1.4e-07,300000.0,0.042
SNGLS/BTC,1609384453709,2020-12-31T03:14:13.709Z,sell,1.4e-07,50561.0,0.00707854
SNGLS/BTC,1609384584110,2020-12-31T03:16:24.110Z,buy,1.4e-07,33331.0,0.00466634
SNGLS/BTC,1609385079382,2020-12-31T03:24:39.382Z,buy,1.4e-07,35668.0,0.00499352
SNGLS/BTC,1609385079382,2020-12-31T03:24:39.382Z,buy,1.4e-07,35668.0,0.00499352
SNGLS/BTC,1609386937600,2020-12-31T03:55:37.600Z,sell,1.3e-07,9203.0,0.00119639
SNGLS/BTC,1609387057404,2020-12-31T03:57:37.404Z,buy,1.4e-07,4400.0,0.000616
SNGLS/BTC,1609387133619,2020-12-31T03:58:53.619Z,buy,1.4e-07,2704.0,0.00037856
SNGLS/BTC,1609387392866,2020-12-31T04:03:12.866Z,buy,1.4e-07,715.0,0.0001001
SNGLS/BTC,1609387924391,2020-12-31T04:12:04.391Z,sell,1.3e-07,11180.0,0.0014534
SNGLS/BTC,1609387924391,2020-12-31T04:12:04.391Z,sell,1.3e-07,11180.0,0.0014534
SNGLS/BTC,1609389347945,2020-12-31T04:35:47.945Z,buy,1.4e-07,28570.0,0.0039998
SNGLS/BTC,1609390369056,2020-12-31T04:52:49.056Z,sell,1.3e-07,40000.0,0.0052
SNGLS/BTC,1609391171620,2020-12-31T05:06:11.620Z,sell,1.3e-07,6481.0,0.00084253
SNGLS/BTC,1609391171620,2020-12-31T05:06:11.620Z,sell,1.3e-07,6481.0,0.00084253
SNGLS/BTC,1609393036800,2020-12-31T05:37:16.800Z,buy,1.4e-07,7893.0,0.00110502
SNGLS/BTC,1609393316898,2020-12-31T05:41:56.898Z,buy,1.4e-07,811.0,0.00011354
SNGLS/BTC,1609393783681,2020-12-31T05:49:43.681Z,sell,1.3e-07,7885.0,0.00102505
SNGLS/BTC,1609394557886,2020-12-31T06:02:37.886Z,sell,1.3e-07,50259.0,0.00653367
SNGLS/BTC,1609394557886,2020-12-31T06:02:37.886Z,sell,1.3e-07,50259.0,0.00653367
SNGLS/BTC,1609394832044,2020-12-31T06:07:12.044Z,sell,1.3e-07,49113.0,0.00638469
SNGLS/BTC,1609398030058,2020-12-31T07:00:30.058Z,sell,1.3e-07,28542.0,0.00371046
SNGLS/BTC,1609398030058,2020-12-31T07:00:30.058Z,sell,1.3e-07,28542.0,0.00371046
SNGLS/BTC,1609402577063,2020-12-31T08:16:17.063Z,sell,1.3e-07,24271.0,0.00315523
SNGLS/BTC,1609402577063,2020-12-31T08:16:17.063Z,sell,1.3e-07,24271.0,0.00315523
SNGLS/BTC,1609404150930,2020-12-31T08:42:30.930Z,buy,1.4e-07,8964.0,0.00125496
SNGLS/BTC,1609404233745,2020-12-31T08:43:53.745Z,buy,1.4e-07,7143.0,0.00100002
SNGLS/BTC,1609404285071,2020-12-31T08:44:45.071Z,sell,1.3e-07,11184.0,0.00145392
SNGLS/BTC,1609404566141,2020-12-31T08:49:26.141Z,sell,1.3e-07,71356.0,0.00927628
SNGLS/BTC,1609406002134,2020-12-31T09:13:22.134Z,sell,1.3e-07,1048.0,0.00013624
SNGLS/BTC,1609406002134,2020-12-31T09:13:22.134Z,sell,1.3e-07,1048.0,0.00013624
SNGLS/BTC,1609406899873,2020-12-31T09:28:19.873Z,buy,1.4e-07,44698.0,0.00625772
SNGLS/BTC,1609407194695,2020-12-31T09:33:14.695Z,buy,1.4e-07,595337.0,0.08334718
SNGLS/BTC,1609407200749,2020-12-31T09:33:20.749Z,buy,1.4e-07,6744.0,0.00094416
SNGLS/BTC,1609407904406,2020-12-31T09:45:04.406Z,buy,1.4e-07,33571.0,0.00469994
SNGLS/BTC,1609408232792,2020-12-31T09:50:32.792Z,buy,1.4e-07,164984.0,0.02309776
SNGLS/BTC,1609408232792,2020-12-31T09:50:32.792Z,buy,1.4e-07,164984.0,0.02309776
SNGLS/BTC,1609410914913,2020-12-31T10:35:14.913Z,buy,1.4e-07,2259.0,0.00031626
SNGLS/BTC,1609411485818,2020-12-31T10:44:45.818Z,buy,1.4e-07,1400.0,0.000196
SNGLS/BTC,1609411485818,2020-12-31T10:44:45.818Z,buy,1.4e-07,1400.0,0.000196
SNGLS/BTC,1609413709557,2020-12-31T11:21:49.557Z,buy,1.4e-07,12267.0,0.00171738
SNGLS/BTC,1609414219612,2020-12-31T11:30:19.612Z,buy,1.4e-07,28571.0,0.00399994
SNGLS/BTC,1609414439387,2020-12-31T11:33:59.387Z,buy,1.4e-07,55721.0,0.00780094
SNGLS/BTC,1609414977829,2020-12-31T11:42:57.829Z,buy,1.4e-07,1000.0,0.00014
SNGLS/BTC,1609414977829,2020-12-31T11:42:57.829Z,buy,1.4e-07,1000.0,0.00014
SNGLS/BTC,1609419976554,2020-12-31T13:06:16.554Z,buy,1.4e-07,17230.0,0.0024122
SNGLS/BTC,1609419976554,2020-12-31T13:06:16.554Z,buy,1.4e-07,17230.0,0.0024122
SNGLS/BTC,1609421732265,2020-12-31T13:35:32.265Z,buy,1.4e-07,6828.0,0.00095592
SNGLS/BTC,1609422704092,2020-12-31T13:51:44.092Z,sell,1.3e-07,2259.0,0.00029367
SNGLS/BTC,1609423255593,2020-12-31T14:00:55.593Z,buy,1.4e-07,720.0,0.0001008
SNGLS/BTC,1609423255593,2020-12-31T14:00:55.593Z,buy,1.4e-07,720.0,0.0001008
SNGLS/BTC,1609423629915,2020-12-31T14:07:09.915Z,sell,1.3e-07,1147472.0,0.14917136
SNGLS/BTC,1609424704335,2020-12-31T14:25:04.335Z,sell,1.3e-07,1000.0,0.00013
SNGLS/BTC,1609424717592,2020-12-31T14:25:17.592Z,sell,1.3e-07,7038.0,0.00091494
SNGLS/BTC,1609424833776,2020-12-31T14:27:13.776Z,sell,1.3e-07,27744.0,0.00360672
SNGLS/BTC,1609425078206,2020-12-31T14:31:18.206Z,buy,1.4e-07,1006508.0,0.14091112
SNGLS/BTC,1609425987666,2020-12-31T14:46:27.666Z,buy,1.4e-07,90934.0,0.01273076
SNGLS/BTC,1609426185351,2020-12-31T14:49:45.351Z,buy,1.4e-07,2857.0,0.00039998
SNGLS/BTC,1609426226654,2020-12-31T14:50:26.654Z,buy,1.4e-07,2857.0,0.00039998
SNGLS/BTC,1609426344319,2020-12-31T14:52:24.319Z,sell,1.3e-07,5348.0,0.00069524
SNGLS/BTC,1609426380726,2020-12-31T14:53:00.726Z,buy,1.4e-07,2857.0,0.00039998
SNGLS/BTC,1609426436663,2020-12-31T14:53:56.663Z,sell,1.3e-07,3214.0,0.00041782
SNGLS/BTC,1609426455388,2020-12-31T14:54:15.388Z,buy,1.4e-07,2857.0,0.00039998
SNGLS/BTC,1609426613841,2020-12-31T14:56:53.841Z,buy,1.4e-07,1428.0,0.00019992
SNGLS/BTC,1609426645421,2020-12-31T14:57:25.421Z,sell,1.3e-07,1428.0,0.00018564
SNGLS/BTC,1609426645421,2020-12-31T14:57:25.421Z,sell,1.3e-07,1428.0,0.00018564
SNGLS/BTC,1609426982160,2020-12-31T15:03:02.160Z,buy,1.4e-07,2857.0,0.00039998
SNGLS/BTC,1609426987000,2020-12-31T15:03:07.000Z,buy,1.4e-07,2857.0,0.00039998
SNGLS/BTC,1609427022155,2020-12-31T15:03:42.155Z,sell,1.3e-07,8562.0,0.00111306
SNGLS/BTC,1609427423253,2020-12-31T15:10:23.253Z,sell,1.3e-07,48676.0,0.00632788
SNGLS/BTC,1609428260179,2020-12-31T15:24:20.179Z,sell,1.3e-07,2100.0,0.000273
SNGLS/BTC,1609428480213,2020-12-31T15:28:00.213Z,sell,1.3e-07,551816.0,0.07173608
SNGLS/BTC,1609428480213,2020-12-31T15:28:00.213Z,sell,1.3e-07,551816.0,0.07173608
SNGLS/BTC,1609432448263,2020-12-31T16:34:08.263Z,buy,1.4e-07,1428.0,0.00019992
SNGLS/BTC,1609432448263,2020-12-31T16:34:08.263Z,buy,1.4e-07,1428.0,0.00019992
SNGLS/BTC,1609433147306,2020-12-31T16:45:47.306Z,buy,1.4e-07,1428.0,0.00019992
SNGLS/BTC,1609433199323,2020-12-31T16:46:39.323Z,buy,1.4e-07,5714.0,0.00079996
SNGLS/BTC,1609433208606,2020-12-31T16:46:48.606Z,sell,1.3e-07,1428.0,0.00018564
SNGLS/BTC,1609433251334,2020-12-31T16:47:31.334Z,buy,1.4e-07,5714.0,0.00079996
SNGLS/BTC,1609433254764,2020-12-31T16:47:34.764Z,buy,1.4e-07,5714.0,0.00079996
SNGLS/BTC,1609433278216,2020-12-31T16:47:58.216Z,sell,1.3e-07,17125.0,0.00222625
SNGLS/BTC,1609433381792,2020-12-31T16:49:41.792Z,sell,1.3e-07,776.0,0.00010088
SNGLS/BTC,1609433394608,2020-12-31T16:49:54.608Z,sell,1.3e-07,776.0,0.00010088
SNGLS/BTC,1609433448323,2020-12-31T16:50:48.323Z,buy,1.4e-07,28878.0,0.00404292
SNGLS/BTC,1609433489151,2020-12-31T16:51:29.151Z,buy,1.4e-07,1538.0,0.00021532
SNGLS/BTC,1609433493332,2020-12-31T16:51:33.332Z,buy,1.4e-07,1319.0,0.00018466
SNGLS/BTC,1609433534541,2020-12-31T16:52:14.541Z,sell,1.3e-07,1426.0,0.00018538
SNGLS/BTC,1609433563821,2020-12-31T16:52:43.821Z,buy,1.4e-07,1428.0,0.00019992
SNGLS/BTC,1609433710490,2020-12-31T16:55:10.490Z,buy,1.4e-07,3028.0,0.00042392
SNGLS/BTC,1609433877725,2020-12-31T16:57:57.725Z,sell,1.3e-07,1427.0,0.00018551
SNGLS/BTC,1609434417219,2020-12-31T17:06:57.219Z,buy,1.4e-07,2000.0,0.00028
SNGLS/BTC,1609434771445,2020-12-31T17:12:51.445Z,buy,1.4e-07,1428.0,0.00019992
SNGLS/BTC,1609434867504,2020-12-31T17:14:27.504Z,sell,1.3e-07,1426.0,0.00018538
SNGLS/BTC,1609435083407,2020-12-31T17:18:03.407Z,sell,1.3e-07,1080157.0,0.14042041
SNGLS/BTC,1609435830749,2020-12-31T17:30:30.749Z,sell,1.3e-07,28542.0,0.00371046
SNGLS/BTC,1609435850601,2020-12-31T17:30:50.601Z,sell,1.3e-07,20000.0,0.0026
SNGLS/BTC,1609435850601,2020-12-31T17:30:50.601Z,sell,1.3e-07,20000.0,0.0026
SNGLS/BTC,1609436712329,2020-12-31T17:45:12.329Z,sell,1.3e-07,25641.0,0.00333333
SNGLS/BTC,1609438532972,2020-12-31T18:15:32.972Z,buy,1.4e-07,5663.0,0.00079282
SNGLS/BTC,1609438537426,2020-12-31T18:15:37.426Z,buy,1.4e-07,4855.0,0.0006797
SNGLS/BTC,1609438693368,2020-12-31T18:18:13.368Z,buy,1.4e-07,1800.0,0.000252
SNGLS/BTC,1609438693368,2020-12-31T18:18:13.368Z,buy,1.4e-07,1800.0,0.000252
SNGLS/BTC,1609439601177,2020-12-31T18:33:21.177Z,buy,1.4e-07,2857.0,0.00039998
SNGLS/BTC,1609439610111,2020-12-31T18:33:30.111Z,buy,1.4e-07,2857.0,0.00039998
SNGLS/BTC,1609439613575,2020-12-31T18:33:33.575Z,buy,1.4e-07,2857.0,0.00039998
SNGLS/BTC,1609439697095,2020-12-31T18:34:57.095Z,sell,1.3e-07,8563.0,0.00111319
SNGLS/BTC,1609440126327,2020-12-31T18:42:06.327Z,buy,1.4e-07,2857.0,0.00039998
SNGLS/BTC,1609440135842,2020-12-31T18:42:15.842Z,buy,1.4e-07,2857.0,0.00039998
SNGLS/BTC,1609440146534,2020-12-31T18:42:26.534Z,buy,1.4e-07,2857.0,0.00039998
SNGLS/BTC,1609440171166,2020-12-31T18:42:51.166Z,buy,1.4e-07,2857.0,0.00039998
SNGLS/BTC,1609440378671,2020-12-31T18:46:18.671Z,sell,1.3e-07,2845.0,0.00036985
SNGLS/BTC,1609440430734,2020-12-31T18:47:10.734Z,sell,1.3e-07,8571.0,0.00111423
SNGLS/BTC,1609441051555,2020-12-31T18:57:31.555Z,buy,1.4e-07,13284.0,0.00185976
SNGLS/BTC,1609441642428,2020-12-31T19:07:22.428Z,sell,1.3e-07,73985.0,0.00961805
SNGLS/BTC,1609441642428,2020-12-31T19:07:22.428Z,sell,1.3e-07,73985.0,0.00961805
SNGLS/BTC,1609443815646,2020-12-31T19:43:35.646Z,buy,1.4e-07,83259.0,0.01165626
SNGLS/BTC,1609444798899,2020-12-31T19:59:58.899Z,buy,1.4e-07,253889.0,0.03554446
SNGLS/BTC,1609445035763,2020-12-31T20:03:55.763Z,sell,1.3e-07,11504.0,0.00149552
SNGLS/BTC,1609445097594,2020-12-31T20:04:57.594Z,sell,1.3e-07,29584.0,0.00384592
SNGLS/BTC,1609445097594,2020-12-31T20:04:57.594Z,sell,1.3e-07,29584.0,0.00384592
SNGLS/BTC,1609446548411,2020-12-31T20:29:08.411Z,buy,1.4e-07,4694.0,0.00065716
SNGLS/BTC,1609448377956,2020-12-31T20:59:37.956Z,sell,1.3e-07,17634.0,0.00229242
SNGLS/BTC,1609448377956,2020-12-31T20:59:37.956Z,sell,1.3e-07,17634.0,0.00229242
SNGLS/BTC,1609449175399,2020-12-31T21:12:55.399Z,sell,1.3e-07,1998.0,0.00025974
SNGLS/BTC,1609449875745,2020-12-31T21:24:35.745Z,buy,1.4e-07,2867.0,0.00040138
SNGLS/BTC,1609449933459,2020-12-31T21:25:33.459Z,sell,1.3e-07,2867.0,0.00037271
SNGLS/BTC,1609449967374,2020-12-31T21:26:07.374Z,buy,1.4e-07,2757.0,0.00038598
SNGLS/BTC,1609449978973,2020-12-31T21:26:18.973Z,sell,1.3e-07,2757.0,0.00035841
SNGLS/BTC,1609449985062,2020-12-31T21:26:25.062Z,buy,1.4e-07,2651.0,0.00037114
SNGLS/BTC,1609449995102,2020-12-31T21:26:35.102Z,sell,1.3e-07,2651.0,0.00034463
SNGLS/BTC,1609450179102,2020-12-31T21:29:39.102Z,buy,1.4e-07,3881.0,0.00054334
SNGLS/BTC,1609450433042,2020-12-31T21:33:53.042Z,buy,1.4e-07,124072.0,0.01737008
SNGLS/BTC,1609450528202,2020-12-31T21:35:28.202Z,sell,1.3e-07,1202.0,0.00015626
SNGLS/BTC,1609451383446,2020-12-31T21:49:43.446Z,sell,1.3e-07,800.0,0.000104
SNGLS/BTC,1609451383446,2020-12-31T21:49:43.446Z,sell,1.3e-07,800.0,0.000104
SNGLS/BTC,1609453301187,2020-12-31T22:21:41.187Z,sell,1.3e-07,13875.0,0.00180375
SNGLS/BTC,1609453301187,2020-12-31T22:21:41.187Z,sell,1.3e-07,13875.0,0.00180375
SNGLS/BTC,1609455287718,2020-12-31T22:54:47.718Z,buy,1.4e-07,714.0,9.996e-05
SNGLS/BTC,1609455287718,2020-12-31T22:54:47.718Z,buy,1.4e-07,714.0,9.996e-05
SNGLS/BTC,1609457424438,2020-12-31T23:30:24.438Z,buy,1.4e-07,28570.0,0.0039998
SNGLS/BTC,1609458595910,2020-12-31T23:49:55.910Z,buy,1.4e-07,828.0,0.00011592
SNGLS/BTC,1609458870845,2020-12-31T23:54:30.845Z,buy,1.4e-07,630336.0,0.08824704
SNGLS/BTC,1609458870845,2020-12-31T23:54:30.845Z,buy,1.4e-07,630336.0,0.08824704
SNGLS/BTC,1609462078227,2021-01-01T00:47:58.227Z,buy,1.4e-07,8547.0,0.00119658
SNGLS/BTC,1609462078227,2021-01-01T00:47:58.227Z,buy,1.4e-07,8547.0,0.00119658
SNGLS/BTC,1609463359831,2021-01-01T01:09:19.831Z,sell,1.3e-07,60183.0,0.00782379
SNGLS/BTC,1609463873437,2021-01-01T01:17:53.437Z,sell,1.3e-07,315168.0,0.04097184
SNGLS/BTC,1609464168897,2021-01-01T01:22:48.897Z,buy,1.4e-07,25000.0,0.0035
SNGLS/BTC,1609465025482,2021-01-01T01:37:05.482Z,sell,1.3e-07,315168.0,0.04097184
SNGLS/BTC,1609465089905,2021-01-01T01:38:09.905Z,buy,1.4e-07,800.0,0.000112
SNGLS/BTC,1609465359592,2021-01-01T01:42:39.592Z,sell,1.3e-07,610926.0,0.07942038
SNGLS/BTC,1609465456163,2021-01-01T01:44:16.163Z,sell,1.3e-07,9231.0,0.00120003
SNGLS/BTC,1609465456163,2021-01-01T01:44:16.163Z,sell,1.3e-07,9231.0,0.00120003
SNGLS/BTC,1609466690690,2021-01-01T02:04:50.690Z,buy,1.4e-07,800.0,0.000112
SNGLS/BTC,1609467053752,2021-01-01T02:10:53.752Z,sell,1.3e-07,183802.0,0.02389426
SNGLS/BTC,1609467749143,2021-01-01T02:22:29.143Z,sell,1.3e-07,1600.0,0.000208
SNGLS/BTC,1609468744822,2021-01-01T02:39:04.822Z,buy,1.4e-07,800.0,0.000112
SNGLS/BTC,1609468744822,2021-01-01T02:39:04.822Z,buy,1.4e-07,800.0,0.000112
SNGLS/BTC,1609469188928,2021-01-01T02:46:28.928Z,sell,1.3e-07,8527.0,0.00110851
SNGLS/BTC,1609469465090,2021-01-01T02:51:05.090Z,sell,1.3e-07,22501.0,0.00292513
SNGLS/BTC,1609470021713,2021-01-01T03:00:21.713Z,buy,1.4e-07,1115365.0,0.1561511
SNGLS/BTC,1609470080642,2021-01-01T03:01:20.642Z,buy,1.4e-07,100000.0,0.014
SNGLS/BTC,1609470168999,2021-01-01T03:02:48.999Z,buy,1.4e-07,571428.0,0.07999992
SNGLS/BTC,1609470181128,2021-01-01T03:03:01.128Z,buy,1.4e-07,55555.0,0.0077777
SNGLS/BTC,1609470189048,2021-01-01T03:03:09.048Z,buy,1.4e-07,40000.0,0.0056
SNGLS/BTC,1609470197207,2021-01-01T03:03:17.207Z,buy,1.4e-07,1081.0,0.00015134
SNGLS/BTC,1609470197207,2021-01-01T03:03:17.207Z,buy,1.5e-07,19.0,2.85e-06
SNGLS/BTC,1609471231904,2021-01-01T03:20:31.904Z,buy,1.5e-07,1500.0,0.000225
SNGLS/BTC,1609472316561,2021-01-01T03:38:36.561Z,sell,1.4e-07,24413.0,0.00341782
SNGLS/BTC,1609472316561,2021-01-01T03:38:36.561Z,sell,1.4e-07,24413.0,0.00341782
SNGLS/BTC,1609472545835,2021-01-01T03:42:25.835Z,buy,1.5e-07,1000.0,0.00015
SNGLS/BTC,1609472596943,2021-01-01T03:43:16.943Z,buy,1.5e-07,714.0,0.0001071
SNGLS/BTC,1609473372233,2021-01-01T03:56:12.233Z,buy,1.5e-07,667.0,0.0001000499999999
SNGLS/BTC,1609473427851,2021-01-01T03:57:07.851Z,sell,1.4e-07,16981.0,0.00237734
SNGLS/BTC,1609473803197,2021-01-01T04:03:23.197Z,buy,1.5e-07,1005.0,0.00015075
SNGLS/BTC,1609473847516,2021-01-01T04:04:07.516Z,buy,1.5e-07,222302.0,0.0333453
SNGLS/BTC,1609474246857,2021-01-01T04:10:46.857Z,buy,1.5e-07,13342.0,0.0020012999999999
SNGLS/BTC,1609475180499,2021-01-01T04:26:20.499Z,sell,1.4e-07,14879.0,0.00208306
SNGLS/BTC,1609475180499,2021-01-01T04:26:20.499Z,sell,1.4e-07,14879.0,0.00208306
SNGLS/BTC,1609476522207,2021-01-01T04:48:42.207Z,sell,1.4e-07,770.0,0.0001078
SNGLS/BTC,1609476734459,2021-01-01T04:52:14.459Z,sell,1.4e-07,16151.0,0.00226114
SNGLS/BTC,1609477640844,2021-01-01T05:07:20.844Z,buy,1.5e-07,2304.0,0.0003456
SNGLS/BTC,1609477660220,2021-01-01T05:07:40.220Z,sell,1.4e-07,24492.0,0.00342888
SNGLS/BTC,1609477660220,2021-01-01T05:07:40.220Z,sell,1.4e-07,24492.0,0.00342888
SNGLS/BTC,1609479529594,2021-01-01T05:38:49.594Z,sell,1.4e-07,13342.0,0.00186788
SNGLS/BTC,1609479580758,2021-01-01T05:39:40.758Z,sell,1.4e-07,4086.0,0.00057204
SNGLS/BTC,1609481228277,2021-01-01T06:07:08.277Z,sell,1.4e-07,24428.0,0.00341992
SNGLS/BTC,1609481228277,2021-01-01T06:07:08.277Z,sell,1.4e-07,24428.0,0.00341992
SNGLS/BTC,1609481566594,2021-01-01T06:12:46.594Z,sell,1.4e-07,1743409.0,0.24407726
SNGLS/BTC,1609481857755,2021-01-01T06:17:37.755Z,sell,1.4e-07,7000.0,0.00098
SNGLS/BTC,1609481952179,2021-01-01T06:19:12.179Z,sell,1.4e-07,1900386.0,0.26605404
SNGLS/BTC,1609482281402,2021-01-01T06:24:41.402Z,sell,1.4e-07,344503.0,0.04823042
SNGLS/BTC,1609482673056,2021-01-01T06:31:13.056Z,sell,1.4e-07,136828.0,0.01915592
SNGLS/BTC,1609483928552,2021-01-01T06:52:08.552Z,sell,1.3e-07,10515.0,0.00136695
SNGLS/BTC,1609483928552,2021-01-01T06:52:08.552Z,sell,1.3e-07,10515.0,0.00136695
SNGLS/BTC,1609487698339,2021-01-01T07:54:58.339Z,buy,1.4e-07,4782.0,0.00066948
SNGLS/BTC,1609487698339,2021-01-01T07:54:58.339Z,buy,1.4e-07,4782.0,0.00066948
SNGLS/BTC,1609488243684,2021-01-01T08:04:03.684Z,buy,1.4e-07,62629.0,0.00876806
SNGLS/BTC,1609488421460,2021-01-01T08:07:01.460Z,sell,1.3e-07,14122.0,0.00183586
SNGLS/BTC,1609488677155,2021-01-01T08:11:17.155Z,buy,1.4e-07,21803.0,0.00305242
SNGLS/BTC,1609488716829,2021-01-01T08:11:56.829Z,buy,1.4e-07,5850.0,0.000819
SNGLS/BTC,1609489547004,2021-01-01T08:25:47.004Z,sell,1.3e-07,4782.0,0.00062166
SNGLS/BTC,1609489700397,2021-01-01T08:28:20.397Z,buy,1.4e-07,3428.0,0.00047992
SNGLS/BTC,1609489712730,2021-01-01T08:28:32.730Z,buy,1.4e-07,2326.0,0.00032564
SNGLS/BTC,1609489719911,2021-01-01T08:28:39.911Z,buy,1.4e-07,3490.0,0.0004886
SNGLS/BTC,1609489726675,2021-01-01T08:28:46.675Z,buy,1.4e-07,3491.0,0.00048874
SNGLS/BTC,1609489808276,2021-01-01T08:30:08.276Z,buy,1.4e-07,7591.0,0.00106274
SNGLS/BTC,1609489934568,2021-01-01T08:32:14.568Z,buy,1.4e-07,1898486.0,0.26578804
SNGLS/BTC,1609490105693,2021-01-01T08:35:05.693Z,buy,1.4e-07,22792.0,0.00319088
SNGLS/BTC,1609490187416,2021-01-01T08:36:27.416Z,buy,1.4e-07,566651.0,0.07933114
SNGLS/BTC,1609490208814,2021-01-01T08:36:48.814Z,buy,1.4e-07,573052.0,0.08022728
SNGLS/BTC,1609490334046,2021-01-01T08:38:54.046Z,buy,1.4e-07,1000000.0,0.14
SNGLS/BTC,1609490340510,2021-01-01T08:39:00.510Z,buy,1.4e-07,110650.0,0.015491
SNGLS/BTC,1609490359822,2021-01-01T08:39:19.822Z,buy,1.5e-07,1800.0,0.00027
SNGLS/BTC,1609490360661,2021-01-01T08:39:20.661Z,sell,1.4e-07,721.0,0.00010094
SNGLS/BTC,1609490629668,2021-01-01T08:43:49.668Z,sell,1.4e-07,572479.0,0.08014706
SNGLS/BTC,1609490690013,2021-01-01T08:44:50.013Z,buy,1.5e-07,1000.0,0.00015
SNGLS/BTC,1609490788427,2021-01-01T08:46:28.427Z,buy,1.5e-07,673.0,0.00010095
SNGLS/BTC,1609491233572,2021-01-01T08:53:53.572Z,buy,1.5e-07,9764.0,0.0014646
SNGLS/BTC,1609491233572,2021-01-01T08:53:53.572Z,buy,1.5e-07,9764.0,0.0014646
SNGLS/BTC,1609491540624,2021-01-01T08:59:00.624Z,sell,1.4e-07,12557.0,0.00175798
SNGLS/BTC,1609491555740,2021-01-01T08:59:15.740Z,sell,1.4e-07,48942.0,0.00685188
SNGLS/BTC,1609491666542,2021-01-01T09:01:06.542Z,buy,1.5e-07,845.0,0.00012675
SNGLS/BTC,1609491719409,2021-01-01T09:01:59.409Z,sell,1.4e-07,4689.0,0.00065646
SNGLS/BTC,1609492927573,2021-01-01T09:22:07.573Z,buy,1.5e-07,84070.0,0.0126105
SNGLS/BTC,1609493390054,2021-01-01T09:29:50.054Z,buy,1.5e-07,667.0,0.0001000499999999
SNGLS/BTC,1609494496752,2021-01-01T09:48:16.752Z,buy,1.5e-07,1821600.0,0.27324
SNGLS/BTC,1609494496752,2021-01-01T09:48:16.752Z,buy,1.5e-07,1821600.0,0.27324
SNGLS/BTC,1609495492813,2021-01-01T10:04:52.813Z,buy,1.5e-07,13583.0,0.00203745
SNGLS/BTC,1609495666573,2021-01-01T10:07:46.573Z,buy,1.5e-07,100393.0,0.01505895
SNGLS/BTC,1609495842948,2021-01-01T10:10:42.948Z,buy,1.5e-07,1844.0,0.0002766
SNGLS/BTC,1609495897700,2021-01-01T10:11:37.700Z,buy,1.5e-07,227147.0,0.03407205
SNGLS/BTC,1609495945029,2021-01-01T10:12:25.029Z,buy,1.5e-07,1848.0,0.0002771999999999
SNGLS/BTC,1609495985770,2021-01-01T10:13:05.770Z,buy,1.5e-07,4009.0,0.00060135
SNGLS/BTC,1609496061055,2021-01-01T10:14:21.055Z,buy,1.5e-07,165920.0,0.024888
SNGLS/BTC,1609496785102,2021-01-01T10:26:25.102Z,buy,1.5e-07,111829.0,0.01677435
SNGLS/BTC,1609497888949,2021-01-01T10:44:48.949Z,buy,1.5e-07,185097.0,0.02776455
SNGLS/BTC,1609497956622,2021-01-01T10:45:56.622Z,buy,1.5e-07,3420.0,0.000513
SNGLS/BTC,1609497973440,2021-01-01T10:46:13.440Z,buy,1.5e-07,48973.0,0.0073459499999999
SNGLS/BTC,1609498094579,2021-01-01T10:48:14.579Z,buy,1.5e-07,898319.0,0.13474785
SNGLS/BTC,1609498094579,2021-01-01T10:48:14.579Z,buy,1.5e-07,898319.0,0.13474785
SNGLS/BTC,1609498222575,2021-01-01T10:50:22.575Z,sell,1.5e-07,4400.0,0.00066
SNGLS/BTC,1609498264823,2021-01-01T10:51:04.823Z,sell,1.5e-07,1000.0,0.00015
SNGLS/BTC,1609498270554,2021-01-01T10:51:10.554Z,buy,1.6e-07,937.0,0.00014992
SNGLS/BTC,1609498274108,2021-01-01T10:51:14.108Z,sell,1.5e-07,673.0,0.00010095
SNGLS/BTC,1609498312475,2021-01-01T10:51:52.475Z,sell,1.5e-07,1000.0,0.00015
SNGLS/BTC,1609498318409,2021-01-01T10:51:58.409Z,buy,1.6e-07,936.0,0.00014976
SNGLS/BTC,1609498504115,2021-01-01T10:55:04.115Z,buy,1.6e-07,240846.0,0.03853536
SNGLS/BTC,1609498505049,2021-01-01T10:55:05.049Z,sell,1.5e-07,83836.0,0.0125753999999999
SNGLS/BTC,1609498542360,2021-01-01T10:55:42.360Z,buy,1.6e-07,800.0,0.000128
SNGLS/BTC,1609498792951,2021-01-01T10:59:52.951Z,buy,1.6e-07,1147911.0,0.18366576
SNGLS/BTC,1609498886381,2021-01-01T11:01:26.381Z,sell,1.5e-07,384231.0,0.0576346499999999
SNGLS/BTC,1609498931991,2021-01-01T11:02:11.991Z,sell,1.5e-07,594741.0,0.0892111499999999
SNGLS/BTC,1609498961775,2021-01-01T11:02:41.775Z,buy,1.6e-07,954.0,0.00015264
SNGLS/BTC,1609498973882,2021-01-01T11:02:53.882Z,buy,1.6e-07,1458.0,0.00023328
SNGLS/BTC,1609498980498,2021-01-01T11:03:00.498Z,buy,1.6e-07,724682.0,0.11594912
SNGLS/BTC,1609498995159,2021-01-01T11:03:15.159Z,buy,1.6e-07,68000.0,0.01088
SNGLS/BTC,1609499000019,2021-01-01T11:03:20.019Z,buy,1.6e-07,933.0,0.00014928
SNGLS/BTC,1609499000019,2021-01-01T11:03:20.019Z,buy,1.7e-07,67.0,1.139e-05
SNGLS/BTC,1609499000019,2021-01-01T11:03:20.019Z,buy,1.7e-07,589.0,0.0001001299999999
SNGLS/BTC,1609499023309,2021-01-01T11:03:43.309Z,buy,1.6e-07,7219.0,0.00115504
SNGLS/BTC,1609499090157,2021-01-01T11:04:50.157Z,buy,1.6e-07,209970.0,0.0335952
SNGLS/BTC,1609499091158,2021-01-01T11:04:51.158Z,sell,1.6e-07,21366.0,0.00341856
SNGLS/BTC,1609499114692,2021-01-01T11:05:14.692Z,buy,1.7e-07,985.0,0.0001674499999999
SNGLS/BTC,1609499144614,2021-01-01T11:05:44.614Z,buy,1.7e-07,2564.0,0.00043588
SNGLS/BTC,1609499173708,2021-01-01T11:06:13.708Z,sell,1.6e-07,12000.0,0.00192
SNGLS/BTC,1609499217590,2021-01-01T11:06:57.590Z,sell,1.6e-07,11000.0,0.00176
SNGLS/BTC,1609499253140,2021-01-01T11:07:33.140Z,sell,1.6e-07,318951.0,0.05103216
SNGLS/BTC,1609499267106,2021-01-01T11:07:47.106Z,sell,1.5e-07,49947.0,0.0074920499999999
SNGLS/BTC,1609499292909,2021-01-01T11:08:12.909Z,sell,1.5e-07,59816.0,0.0089724
SNGLS/BTC,1609499293734,2021-01-01T11:08:13.734Z,sell,1.5e-07,6654.0,0.0009981
SNGLS/BTC,1609499356269,2021-01-01T11:09:16.269Z,buy,1.6e-07,10709.0,0.00171344
SNGLS/BTC,1609499876400,2021-01-01T11:17:56.400Z,buy,1.6e-07,182825.0,0.029252
SNGLS/BTC,1609499881690,2021-01-01T11:18:01.690Z,buy,1.6e-07,10000.0,0.0016
SNGLS/BTC,1609500006518,2021-01-01T11:20:06.518Z,buy,1.6e-07,1000.0,0.00016
SNGLS/BTC,1609500010366,2021-01-01T11:20:10.366Z,buy,1.6e-07,1000.0,0.00016
SNGLS/BTC,1609500013447,2021-01-01T11:20:13.447Z,buy,1.6e-07,1000.0,0.00016
SNGLS/BTC,1609500016604,2021-01-01T11:20:16.604Z,buy,1.6e-07,1000.0,0.00016
SNGLS/BTC,1609500020320,2021-01-01T11:20:20.320Z,buy,1.6e-07,1000.0,0.00016
SNGLS/BTC,1609500023933,2021-01-01T11:20:23.933Z,buy,1.6e-07,1000.0,0.00016
SNGLS/BTC,1609500027418,2021-01-01T11:20:27.418Z,buy,1.6e-07,1000.0,0.00016
SNGLS/BTC,1609500030828,2021-01-01T11:20:30.828Z,buy,1.6e-07,1000.0,0.00016
SNGLS/BTC,1609500108567,2021-01-01T11:21:48.567Z,buy,1.6e-07,107262.0,0.01716192
SNGLS/BTC,1609500382980,2021-01-01T11:26:22.980Z,buy,1.6e-07,23047.0,0.00368752
SNGLS/BTC,1609500455901,2021-01-01T11:27:35.901Z,sell,1.5e-07,235553.0,0.03533295
SNGLS/BTC,1609500480605,2021-01-01T11:28:00.605Z,buy,1.6e-07,308458.0,0.04935328
SNGLS/BTC,1609500480605,2021-01-01T11:28:00.605Z,buy,1.7e-07,1542.0,0.0002621399999999
SNGLS/BTC,1609500509648,2021-01-01T11:28:29.648Z,buy,1.6e-07,13000.0,0.00208
SNGLS/BTC,1609500509648,2021-01-01T11:28:29.648Z,buy,1.7e-07,2000.0,0.0003399999999999
SNGLS/BTC,1609500709969,2021-01-01T11:31:49.969Z,buy,1.6e-07,74925.0,0.011988
SNGLS/BTC,1609500741178,2021-01-01T11:32:21.178Z,buy,1.6e-07,41633.0,0.00666128
SNGLS/BTC,1609500741775,2021-01-01T11:32:21.775Z,sell,1.6e-07,1563.0,0.00025008
SNGLS/BTC,1609500778073,2021-01-01T11:32:58.073Z,buy,1.7e-07,1500.0,0.0002549999999999
SNGLS/BTC,1609500796445,2021-01-01T11:33:16.445Z,buy,1.7e-07,8344.0,0.00141848
SNGLS/BTC,1609500821720,2021-01-01T11:33:41.720Z,sell,1.6e-07,64389.0,0.01030224
SNGLS/BTC,1609500844351,2021-01-01T11:34:04.351Z,sell,1.6e-07,159226.0,0.02547616
SNGLS/BTC,1609500849452,2021-01-01T11:34:09.452Z,buy,1.7e-07,1000.0,0.0001699999999999
SNGLS/BTC,1609500918973,2021-01-01T11:35:18.973Z,sell,1.6e-07,565282.0,0.09044512
SNGLS/BTC,1609500928670,2021-01-01T11:35:28.670Z,sell,1.5e-07,21220.0,0.003183
SNGLS/BTC,1609501352740,2021-01-01T11:42:32.740Z,buy,1.6e-07,1000.0,0.00016
SNGLS/BTC,1609501376880,2021-01-01T11:42:56.880Z,buy,1.6e-07,34236.0,0.00547776
SNGLS/BTC,1609501668056,2021-01-01T11:47:48.056Z,buy,1.6e-07,2558.0,0.00040928
SNGLS/BTC,1609501668056,2021-01-01T11:47:48.056Z,buy,1.6e-07,2558.0,0.00040928
SNGLS/BTC,1609502051419,2021-01-01T11:54:11.419Z,buy,1.6e-07,1467.0,0.00023472
SNGLS/BTC,1609502293864,2021-01-01T11:58:13.864Z,buy,1.6e-07,4306.0,0.00068896
SNGLS/BTC,1609502422129,2021-01-01T12:00:22.129Z,buy,1.6e-07,19805.0,0.0031688
SNGLS/BTC,1609502521893,2021-01-01T12:02:01.893Z,buy,1.6e-07,4077.0,0.00065232
SNGLS/BTC,1609502584117,2021-01-01T12:03:04.117Z,buy,1.6e-07,38827.0,0.00621232
SNGLS/BTC,1609502697259,2021-01-01T12:04:57.259Z,buy,1.6e-07,8312.0,0.00132992
SNGLS/BTC,1609502700011,2021-01-01T12:05:00.011Z,buy,1.6e-07,20153.0,0.00322448
SNGLS/BTC,1609502800291,2021-01-01T12:06:40.291Z,buy,1.6e-07,984493.0,0.15751888
SNGLS/BTC,1609502841884,2021-01-01T12:07:21.884Z,sell,1.6e-07,457938.0,0.07327008
SNGLS/BTC,1609502848506,2021-01-01T12:07:28.506Z,buy,1.6e-07,1000.0,0.00016
SNGLS/BTC,1609502904716,2021-01-01T12:08:24.716Z,buy,1.6e-07,154615.0,0.0247384
SNGLS/BTC,1609502917127,2021-01-01T12:08:37.127Z,buy,1.6e-07,1249.0,0.00019984
SNGLS/BTC,1609502919701,2021-01-01T12:08:39.701Z,buy,1.6e-07,33278.0,0.00532448
SNGLS/BTC,1609502921944,2021-01-01T12:08:41.944Z,buy,1.6e-07,516563.0,0.08265008
SNGLS/BTC,1609502940243,2021-01-01T12:09:00.243Z,buy,1.7e-07,1000.0,0.0001699999999999
SNGLS/BTC,1609502940411,2021-01-01T12:09:00.411Z,buy,1.7e-07,58239.0,0.0099006299999999
SNGLS/BTC,1609502999330,2021-01-01T12:09:59.330Z,sell,1.6e-07,618637.0,0.09898192
SNGLS/BTC,1609503006969,2021-01-01T12:10:06.969Z,buy,1.6e-07,62389.0,0.00998224
SNGLS/BTC,1609503043691,2021-01-01T12:10:43.691Z,buy,1.6e-07,1220.0,0.0001952
SNGLS/BTC,1609503121113,2021-01-01T12:12:01.113Z,buy,1.6e-07,31823.0,0.00509168
SNGLS/BTC,1609503156688,2021-01-01T12:12:36.688Z,buy,1.6e-07,1925.0,0.000308
SNGLS/BTC,1609503226611,2021-01-01T12:13:46.611Z,buy,1.6e-07,12594.0,0.00201504
SNGLS/BTC,1609503382811,2021-01-01T12:16:22.811Z,buy,1.6e-07,1481.0,0.00023696
SNGLS/BTC,1609503454613,2021-01-01T12:17:34.613Z,buy,1.6e-07,10662.0,0.00170592
SNGLS/BTC,1609503688873,2021-01-01T12:21:28.873Z,buy,1.6e-07,6377.0,0.00102032
SNGLS/BTC,1609503775111,2021-01-01T12:22:55.111Z,buy,1.6e-07,14117.0,0.00225872
SNGLS/BTC,1609503835313,2021-01-01T12:23:55.313Z,buy,1.6e-07,812.0,0.00012992
SNGLS/BTC,1609503886382,2021-01-01T12:24:46.382Z,buy,1.6e-07,1155.0,0.0001848
SNGLS/BTC,1609504002937,2021-01-01T12:26:42.937Z,buy,1.6e-07,2403.0,0.00038448
SNGLS/BTC,1609504291554,2021-01-01T12:31:31.554Z,buy,1.6e-07,41470.0,0.0066352
SNGLS/BTC,1609504402725,2021-01-01T12:33:22.725Z,buy,1.6e-07,188290.0,0.0301264
SNGLS/BTC,1609504672421,2021-01-01T12:37:52.421Z,buy,1.6e-07,1256.0,0.00020096
SNGLS/BTC,1609504776356,2021-01-01T12:39:36.356Z,sell,1.5e-07,2400.0,0.0003599999999999
SNGLS/BTC,1609504776356,2021-01-01T12:39:36.356Z,sell,1.5e-07,8312.0,0.0012468
SNGLS/BTC,1609504776356,2021-01-01T12:39:36.356Z,sell,1.5e-07,395828.0,0.0593741999999999
SNGLS/BTC,1609504793532,2021-01-01T12:39:53.532Z,buy,1.6e-07,54554.0,0.00872864
SNGLS/BTC,1609504881379,2021-01-01T12:41:21.379Z,sell,1.5e-07,740072.0,0.1110107999999999
SNGLS/BTC,1609504895717,2021-01-01T12:41:35.717Z,sell,1.5e-07,1579672.0,0.2369508
SNGLS/BTC,1609504987839,2021-01-01T12:43:07.839Z,buy,1.5e-07,667.0,0.0001000499999999
SNGLS/BTC,1609505006902,2021-01-01T12:43:26.902Z,buy,1.5e-07,1110.0,0.0001664999999999
SNGLS/BTC,1609505035628,2021-01-01T12:43:55.628Z,buy,1.5e-07,11365.0,0.0017047499999999
SNGLS/BTC,1609505112281,2021-01-01T12:45:12.281Z,buy,1.5e-07,786571.0,0.11798565
SNGLS/BTC,1609505150850,2021-01-01T12:45:50.850Z,buy,1.5e-07,1513341.0,0.2270011499999999
SNGLS/BTC,1609505170492,2021-01-01T12:46:10.492Z,sell,1.5e-07,548596.0,0.0822894
SNGLS/BTC,1609505194888,2021-01-01T12:46:34.888Z,buy,1.5e-07,1500.0,0.000225
SNGLS/BTC,1609505202351,2021-01-01T12:46:42.351Z,sell,1.4e-07,1125.0,0.0001575
SNGLS/BTC,1609505202351,2021-01-01T12:46:42.351Z,sell,1.4e-07,1125.0,0.0001575
SNGLS/BTC,1609505484355,2021-01-01T12:51:24.355Z,buy,1.5e-07,667.0,0.0001000499999999
SNGLS/BTC,1609505526558,2021-01-01T12:52:06.558Z,buy,1.5e-07,104090.0,0.0156134999999999
SNGLS/BTC,1609505545347,2021-01-01T12:52:25.347Z,buy,1.5e-07,250000.0,0.0375
SNGLS/BTC,1609505546918,2021-01-01T12:52:26.918Z,buy,1.5e-07,155480.0,0.023322
SNGLS/BTC,1609505616399,2021-01-01T12:53:36.399Z,sell,1.5e-07,8000.0,0.0012
SNGLS/BTC,1609506037172,2021-01-01T13:00:37.172Z,buy,1.6e-07,101945.0,0.0163112
SNGLS/BTC,1609506046198,2021-01-01T13:00:46.198Z,buy,1.6e-07,19115.0,0.0030584
SNGLS/BTC,1609506053840,2021-01-01T13:00:53.840Z,buy,1.6e-07,4779.0,0.00076464
SNGLS/BTC,1609506155721,2021-01-01T13:02:35.721Z,buy,1.6e-07,6792.0,0.00108672
SNGLS/BTC,1609506483231,2021-01-01T13:08:03.231Z,buy,1.6e-07,22168.0,0.00354688
SNGLS/BTC,1609506822799,2021-01-01T13:13:42.799Z,buy,1.6e-07,251079.0,0.04017264
SNGLS/BTC,1609506885613,2021-01-01T13:14:45.613Z,sell,1.5e-07,1481.0,0.0002221499999999
SNGLS/BTC,1609507091803,2021-01-01T13:18:11.803Z,buy,1.6e-07,1300.0,0.000208
SNGLS/BTC,1609507498489,2021-01-01T13:24:58.489Z,buy,1.6e-07,80969.0,0.01295504
SNGLS/BTC,1609507603616,2021-01-01T13:26:43.616Z,sell,1.5e-07,1249.0,0.00018735
SNGLS/BTC,1609507636059,2021-01-01T13:27:16.059Z,sell,1.5e-07,14135.0,0.0021202499999999
SNGLS/BTC,1609507967808,2021-01-01T13:32:47.808Z,sell,1.5e-07,1111.0,0.0001666499999999
SNGLS/BTC,1609507972897,2021-01-01T13:32:52.897Z,buy,1.6e-07,1041.0,0.00016656
SNGLS/BTC,1609508085054,2021-01-01T13:34:45.054Z,sell,1.5e-07,865.0,0.0001297499999999
SNGLS/BTC,1609508228019,2021-01-01T13:37:08.019Z,sell,1.5e-07,78413.0,0.01176195
SNGLS/BTC,1609508524030,2021-01-01T13:42:04.030Z,buy,1.6e-07,86825.0,0.013892
SNGLS/BTC,1609508675946,2021-01-01T13:44:35.946Z,sell,1.5e-07,16152.0,0.0024227999999999
SNGLS/BTC,1609508696946,2021-01-01T13:44:56.946Z,sell,1.5e-07,1400.0,0.0002099999999999
SNGLS/BTC,1609508727046,2021-01-01T13:45:27.046Z,sell,1.5e-07,4000.0,0.0006
SNGLS/BTC,1609508727046,2021-01-01T13:45:27.046Z,sell,1.5e-07,4000.0,0.0006
SNGLS/BTC,1609508827478,2021-01-01T13:47:07.478Z,sell,1.5e-07,4982.0,0.0007473
SNGLS/BTC,1609509019053,2021-01-01T13:50:19.053Z,sell,1.5e-07,34201.0,0.00513015
SNGLS/BTC,1609509228480,2021-01-01T13:53:48.480Z,buy,1.6e-07,4200.0,0.000672
SNGLS/BTC,1609509242761,2021-01-01T13:54:02.761Z,buy,1.6e-07,4193.0,0.00067088
SNGLS/BTC,1609509262170,2021-01-01T13:54:22.170Z,buy,1.6e-07,4493.0,0.00071888
SNGLS/BTC,1609509293598,2021-01-01T13:54:53.598Z,buy,1.6e-07,1604548.0,0.25672768
SNGLS/BTC,1609509400137,2021-01-01T13:56:40.137Z,buy,1.6e-07,500000.0,0.08
SNGLS/BTC,1609509493066,2021-01-01T13:58:13.066Z,buy,1.6e-07,626.0,0.00010016
SNGLS/BTC,1609509566253,2021-01-01T13:59:26.253Z,buy,1.6e-07,39552.0,0.00632832
SNGLS/BTC,1609509568229,2021-01-01T13:59:28.229Z,buy,1.6e-07,157038.0,0.02512608
SNGLS/BTC,1609509584516,2021-01-01T13:59:44.516Z,buy,1.6e-07,7044.0,0.00112704
SNGLS/BTC,1609509613812,2021-01-01T14:00:13.812Z,buy,1.6e-07,24999.0,0.00399984
SNGLS/BTC,1609509650257,2021-01-01T14:00:50.257Z,buy,1.6e-07,268750.0,0.043
SNGLS/BTC,1609509661275,2021-01-01T14:01:01.275Z,buy,1.6e-07,221055.0,0.0353688
SNGLS/BTC,1609509725812,2021-01-01T14:02:05.812Z,buy,1.6e-07,8827.0,0.00141232
SNGLS/BTC,1609509772454,2021-01-01T14:02:52.454Z,buy,1.6e-07,1168.0,0.00018688
SNGLS/BTC,1609509781759,2021-01-01T14:03:01.759Z,buy,1.6e-07,163425.0,0.026148
SNGLS/BTC,1609509853168,2021-01-01T14:04:13.168Z,sell,1.5e-07,45607.0,0.0068410499999999
SNGLS/BTC,1609509950546,2021-01-01T14:05:50.546Z,buy,1.6e-07,1000.0,0.00016
SNGLS/BTC,1609510058401,2021-01-01T14:07:38.401Z,buy,1.6e-07,43599.0,0.00697584
SNGLS/BTC,1609510065640,2021-01-01T14:07:45.640Z,buy,1.6e-07,8096.0,0.00129536
SNGLS/BTC,1609510144480,2021-01-01T14:09:04.480Z,buy,1.6e-07,500000.0,0.08
SNGLS/BTC,1609510195629,2021-01-01T14:09:55.629Z,buy,1.6e-07,403838.0,0.06461408
SNGLS/BTC,1609510219567,2021-01-01T14:10:19.567Z,sell,1.6e-07,1000.0,0.00016
SNGLS/BTC,1609510224484,2021-01-01T14:10:24.484Z,buy,1.7e-07,940.0,0.0001597999999999
SNGLS/BTC,1609510238465,2021-01-01T14:10:38.465Z,buy,1.7e-07,31855.0,0.0054153499999999
SNGLS/BTC,1609510241556,2021-01-01T14:10:41.556Z,buy,1.7e-07,4531.0,0.00077027
SNGLS/BTC,1609510262559,2021-01-01T14:11:02.559Z,buy,1.7e-07,2344.0,0.00039848
SNGLS/BTC,1609510275908,2021-01-01T14:11:15.908Z,sell,1.6e-07,14000.0,0.00224
SNGLS/BTC,1609510290692,2021-01-01T14:11:30.692Z,sell,1.6e-07,200000.0,0.032
SNGLS/BTC,1609510324608,2021-01-01T14:12:04.608Z,sell,1.6e-07,4493.0,0.00071888
SNGLS/BTC,1609510386613,2021-01-01T14:13:06.613Z,sell,1.6e-07,1168.0,0.00018688
SNGLS/BTC,1609510468359,2021-01-01T14:14:28.359Z,sell,1.6e-07,1000.0,0.00016
SNGLS/BTC,1609510474889,2021-01-01T14:14:34.889Z,buy,1.7e-07,940.0,0.0001597999999999
SNGLS/BTC,1609510496967,2021-01-01T14:14:56.967Z,buy,1.7e-07,200179.0,0.03403043
SNGLS/BTC,1609510533045,2021-01-01T14:15:33.045Z,buy,1.7e-07,4176.0,0.00070992
SNGLS/BTC,1609510533928,2021-01-01T14:15:33.928Z,buy,1.7e-07,658883.0,0.11201011
SNGLS/BTC,1609510557312,2021-01-01T14:15:57.312Z,buy,1.7e-07,16995.0,0.0028891499999999
SNGLS/BTC,1609510604014,2021-01-01T14:16:44.014Z,buy,1.7e-07,29473.0,0.00501041
SNGLS/BTC,1609510604627,2021-01-01T14:16:44.627Z,buy,1.7e-07,16945.0,0.00288065
SNGLS/BTC,1609510683616,2021-01-01T14:18:03.616Z,buy,1.7e-07,50773.0,0.0086314099999999
SNGLS/BTC,1609510713005,2021-01-01T14:18:33.005Z,sell,1.6e-07,16995.0,0.0027192
SNGLS/BTC,1609510753730,2021-01-01T14:19:13.730Z,sell,1.6e-07,2341.0,0.00037456
SNGLS/BTC,1609510788076,2021-01-01T14:19:48.076Z,buy,1.7e-07,1000.0,0.0001699999999999
SNGLS/BTC,1609510795590,2021-01-01T14:19:55.590Z,buy,1.7e-07,44117.0,0.0074998899999999
SNGLS/BTC,1609510799928,2021-01-01T14:19:59.928Z,buy,1.7e-07,1000.0,0.0001699999999999
SNGLS/BTC,1609510816899,2021-01-01T14:20:16.899Z,buy,1.7e-07,55157.0,0.00937669
SNGLS/BTC,1609510829442,2021-01-01T14:20:29.442Z,buy,1.7e-07,1437750.0,0.2444174999999999
SNGLS/BTC,1609510846826,2021-01-01T14:20:46.826Z,buy,1.7e-07,520117.0,0.0884198899999999
SNGLS/BTC,1609510848474,2021-01-01T14:20:48.474Z,buy,1.7e-07,294118.0,0.05000006
SNGLS/BTC,1609510864656,2021-01-01T14:21:04.656Z,buy,1.7e-07,210335.0,0.0357569499999999
SNGLS/BTC,1609510871851,2021-01-01T14:21:11.851Z,sell,1.7e-07,180750.0,0.0307274999999999
SNGLS/BTC,1609510912675,2021-01-01T14:21:52.675Z,sell,1.7e-07,341872.0,0.0581182399999999
SNGLS/BTC,1609510920103,2021-01-01T14:22:00.103Z,sell,1.6e-07,714.0,0.00011424
SNGLS/BTC,1609510920889,2021-01-01T14:22:00.889Z,sell,1.6e-07,667.0,0.00010672
SNGLS/BTC,1609510941190,2021-01-01T14:22:21.190Z,sell,1.6e-07,664.0,0.00010624
SNGLS/BTC,1609510942095,2021-01-01T14:22:22.095Z,buy,1.7e-07,216641.0,0.0368289699999999
SNGLS/BTC,1609510943510,2021-01-01T14:22:23.510Z,sell,1.6e-07,17552.0,0.00280832
SNGLS/BTC,1609510950431,2021-01-01T14:22:30.431Z,buy,1.7e-07,117897.0,0.02004249
SNGLS/BTC,1609510952855,2021-01-01T14:22:32.855Z,buy,1.7e-07,19504.0,0.0033156799999999
SNGLS/BTC,1609510961564,2021-01-01T14:22:41.564Z,sell,1.6e-07,15582.0,0.00249312
SNGLS/BTC,1609510999746,2021-01-01T14:23:19.746Z,buy,1.7e-07,85562.0,0.01454554
SNGLS/BTC,1609511020231,2021-01-01T14:23:40.231Z,sell,1.7e-07,411398.0,0.06993766
SNGLS/BTC,1609511030601,2021-01-01T14:23:50.601Z,buy,1.7e-07,6895.0,0.0011721499999999
SNGLS/BTC,1609511037166,2021-01-01T14:23:57.166Z,buy,1.7e-07,160269.0,0.02724573
SNGLS/BTC,1609511056632,2021-01-01T14:24:16.632Z,buy,1.7e-07,17850.0,0.0030345
SNGLS/BTC,1609511075822,2021-01-01T14:24:35.822Z,buy,1.7e-07,5000.0,0.00085
SNGLS/BTC,1609511103208,2021-01-01T14:25:03.208Z,buy,1.7e-07,6487.0,0.00110279
SNGLS/BTC,1609511134013,2021-01-01T14:25:34.013Z,buy,1.7e-07,7113.0,0.0012092099999999
SNGLS/BTC,1609511142497,2021-01-01T14:25:42.497Z,buy,1.7e-07,964.0,0.0001638799999999
SNGLS/BTC,1609511174866,2021-01-01T14:26:14.866Z,buy,1.7e-07,150809.0,0.02563753
SNGLS/BTC,1609511225361,2021-01-01T14:27:05.361Z,sell,1.7e-07,3996.0,0.00067932
SNGLS/BTC,1609511261556,2021-01-01T14:27:41.556Z,sell,1.7e-07,845613.0,0.14375421
SNGLS/BTC,1609511366549,2021-01-01T14:29:26.549Z,sell,1.6e-07,160109.0,0.02561744
SNGLS/BTC,1609511447570,2021-01-01T14:30:47.570Z,buy,1.7e-07,132753.0,0.02256801
SNGLS/BTC,1609511454582,2021-01-01T14:30:54.582Z,buy,1.7e-07,47062.0,0.0080005399999999
SNGLS/BTC,1609511530173,2021-01-01T14:32:10.173Z,buy,1.7e-07,17583.0,0.0029891099999999
SNGLS/BTC,1609511607822,2021-01-01T14:33:27.822Z,buy,1.7e-07,35408.0,0.00601936
SNGLS/BTC,1609511691173,2021-01-01T14:34:51.173Z,buy,1.7e-07,27966.0,0.00475422
SNGLS/BTC,1609511802328,2021-01-01T14:36:42.328Z,buy,1.7e-07,19333.0,0.0032866099999999
SNGLS/BTC,1609511813726,2021-01-01T14:36:53.726Z,buy,1.7e-07,9005.0,0.0015308499999999
SNGLS/BTC,1609511816675,2021-01-01T14:36:56.675Z,buy,1.7e-07,31469.0,0.00534973
SNGLS/BTC,1609511892603,2021-01-01T14:38:12.603Z,buy,1.7e-07,1000.0,0.0001699999999999
SNGLS/BTC,1609511961343,2021-01-01T14:39:21.343Z,buy,1.7e-07,1000.0,0.0001699999999999
SNGLS/BTC,1609511969314,2021-01-01T14:39:29.314Z,sell,1.6e-07,999.0,0.00015984
SNGLS/BTC,1609512020055,2021-01-01T14:40:20.055Z,sell,1.6e-07,31437.0,0.00502992
SNGLS/BTC,1609512067557,2021-01-01T14:41:07.557Z,buy,1.7e-07,3230.0,0.0005491
SNGLS/BTC,1609512076487,2021-01-01T14:41:16.487Z,buy,1.7e-07,1000.0,0.0001699999999999
SNGLS/BTC,1609512083358,2021-01-01T14:41:23.358Z,buy,1.7e-07,1139.0,0.0001936299999999
SNGLS/BTC,1609512121422,2021-01-01T14:42:01.422Z,buy,1.7e-07,2175.0,0.0003697499999999
SNGLS/BTC,1609512126306,2021-01-01T14:42:06.306Z,buy,1.7e-07,5100.0,0.0008669999999999
SNGLS/BTC,1609512173923,2021-01-01T14:42:53.923Z,buy,1.7e-07,5000.0,0.00085
SNGLS/BTC,1609512264696,2021-01-01T14:44:24.696Z,buy,1.7e-07,69057.0,0.0117396899999999
SNGLS/BTC,1609512301266,2021-01-01T14:45:01.266Z,sell,1.6e-07,9764.0,0.00156224
SNGLS/BTC,1609512313737,2021-01-01T14:45:13.737Z,sell,1.6e-07,35408.0,0.00566528
SNGLS/BTC,1609512313737,2021-01-01T14:45:13.737Z,sell,1.6e-07,35408.0,0.00566528
SNGLS/BTC,1609512416959,2021-01-01T14:46:56.959Z,sell,1.6e-07,47014.0,0.00752224
SNGLS/BTC,1609512473269,2021-01-01T14:47:53.269Z,sell,1.6e-07,62326.0,0.00997216
SNGLS/BTC,1609512745725,2021-01-01T14:52:25.725Z,sell,1.6e-07,29443.0,0.00471088
SNGLS/BTC,1609512874170,2021-01-01T14:54:34.170Z,sell,1.6e-07,11766.0,0.00188256
SNGLS/BTC,1609513013655,2021-01-01T14:56:53.655Z,sell,1.6e-07,13000.0,0.00208
SNGLS/BTC,1609513025374,2021-01-01T14:57:05.374Z,sell,1.6e-07,182000.0,0.02912
SNGLS/BTC,1609513034933,2021-01-01T14:57:14.933Z,sell,1.6e-07,825.0,0.000132
SNGLS/BTC,1609513166804,2021-01-01T14:59:26.804Z,sell,1.6e-07,4995.0,0.0007992
SNGLS/BTC,1609513330068,2021-01-01T15:02:10.068Z,sell,1.6e-07,55101.0,0.00881616
SNGLS/BTC,1609513396387,2021-01-01T15:03:16.387Z,sell,1.6e-07,1139.0,0.00018224
SNGLS/BTC,1609513402578,2021-01-01T15:03:22.578Z,sell,1.6e-07,199992.0,0.03199872
SNGLS/BTC,1609513455120,2021-01-01T15:04:15.120Z,sell,1.6e-07,13618.0,0.00217888
SNGLS/BTC,1609513554404,2021-01-01T15:05:54.404Z,sell,1.6e-07,8995.0,0.0014392
SNGLS/BTC,1609513707009,2021-01-01T15:08:27.009Z,sell,1.6e-07,7105.0,0.0011368
SNGLS/BTC,1609513714760,2021-01-01T15:08:34.760Z,sell,1.6e-07,541981.0,0.08671696
SNGLS/BTC,1609513721258,2021-01-01T15:08:41.258Z,sell,1.6e-07,24974.0,0.00399584
SNGLS/BTC,1609513723081,2021-01-01T15:08:43.081Z,sell,1.6e-07,31823.0,0.00509168
SNGLS/BTC,1609513795501,2021-01-01T15:09:55.501Z,buy,1.7e-07,98250.0,0.0167025
SNGLS/BTC,1609513840962,2021-01-01T15:10:40.962Z,buy,1.7e-07,39437.0,0.00670429
SNGLS/BTC,1609513866571,2021-01-01T15:11:06.571Z,buy,1.7e-07,11392.0,0.0019366399999999
SNGLS/BTC,1609513873918,2021-01-01T15:11:13.918Z,buy,1.7e-07,25044.0,0.0042574799999999
SNGLS/BTC,1609513913301,2021-01-01T15:11:53.301Z,buy,1.7e-07,56934.0,0.00967878
SNGLS/BTC,1609513961505,2021-01-01T15:12:41.505Z,buy,1.7e-07,689.0,0.0001171299999999
SNGLS/BTC,1609514081021,2021-01-01T15:14:41.021Z,buy,1.7e-07,1003.0,0.00017051
SNGLS/BTC,1609514095857,2021-01-01T15:14:55.857Z,buy,1.7e-07,56367.0,0.00958239
SNGLS/BTC,1609514097636,2021-01-01T15:14:57.636Z,buy,1.7e-07,31322.0,0.00532474
SNGLS/BTC,1609514117825,2021-01-01T15:15:17.825Z,buy,1.7e-07,5882.0,0.00099994
SNGLS/BTC,1609514123698,2021-01-01T15:15:23.698Z,buy,1.7e-07,588235.0,0.0999999499999999
SNGLS/BTC,1609514151666,2021-01-01T15:15:51.666Z,buy,1.7e-07,39299.0,0.00668083
SNGLS/BTC,1609514160113,2021-01-01T15:16:00.113Z,buy,1.7e-07,1530069.0,0.26011173
SNGLS/BTC,1609514168257,2021-01-01T15:16:08.257Z,sell,1.7e-07,401314.0,0.06822338
SNGLS/BTC,1609514175192,2021-01-01T15:16:15.192Z,buy,1.7e-07,2556.0,0.00043452
SNGLS/BTC,1609514175686,2021-01-01T15:16:15.686Z,buy,1.7e-07,1029.0,0.0001749299999999
SNGLS/BTC,1609514213467,2021-01-01T15:16:53.467Z,buy,1.7e-07,9324.0,0.0015850799999999
SNGLS/BTC,1609514247463,2021-01-01T15:17:27.463Z,buy,1.7e-07,5989.0,0.00101813
SNGLS/BTC,1609514293249,2021-01-01T15:18:13.249Z,buy,1.7e-07,238646.0,0.04056982
SNGLS/BTC,1609514294369,2021-01-01T15:18:14.369Z,buy,1.7e-07,17739.0,0.0030156299999999
SNGLS/BTC,1609514307910,2021-01-01T15:18:27.910Z,buy,1.7e-07,659630.0,0.1121370999999999
SNGLS/BTC,1609514308569,2021-01-01T15:18:28.569Z,buy,1.7e-07,593.0,0.0001008099999999
SNGLS/BTC,1609514311499,2021-01-01T15:18:31.499Z,sell,1.6e-07,14548.0,0.00232768
SNGLS/BTC,1609514324899,2021-01-01T15:18:44.899Z,sell,1.6e-07,9862.0,0.00157792
SNGLS/BTC,1609514338147,2021-01-01T15:18:58.147Z,sell,1.6e-07,238407.0,0.03814512
SNGLS/BTC,1609514355100,2021-01-01T15:19:15.100Z,sell,1.6e-07,6480.0,0.0010368
SNGLS/BTC,1609514408085,2021-01-01T15:20:08.085Z,buy,1.7e-07,149583.0,0.0254291099999999
SNGLS/BTC,1609514439186,2021-01-01T15:20:39.186Z,buy,1.7e-07,224159.0,0.03810703
SNGLS/BTC,1609514443845,2021-01-01T15:20:43.845Z,buy,1.7e-07,3623.0,0.00061591
SNGLS/BTC,1609514457203,2021-01-01T15:20:57.203Z,buy,1.7e-07,55499.0,0.00943483
SNGLS/BTC,1609514470534,2021-01-01T15:21:10.534Z,sell,1.6e-07,39715.0,0.0063544
SNGLS/BTC,1609514474799,2021-01-01T15:21:14.799Z,sell,1.6e-07,587646.0,0.09402336
SNGLS/BTC,1609514502218,2021-01-01T15:21:42.218Z,sell,1.6e-07,39259.0,0.00628144
SNGLS/BTC,1609514520129,2021-01-01T15:22:00.129Z,sell,1.6e-07,19484.0,0.00311744
SNGLS/BTC,1609514529907,2021-01-01T15:22:09.907Z,sell,1.6e-07,54334.0,0.00869344
SNGLS/BTC,1609514538440,2021-01-01T15:22:18.440Z,sell,1.6e-07,692.0,0.00011072
SNGLS/BTC,1609514559489,2021-01-01T15:22:39.489Z,sell,1.6e-07,61716.0,0.00987456
SNGLS/BTC,1609514579674,2021-01-01T15:22:59.674Z,buy,1.6e-07,750926.0,0.12014816
SNGLS/BTC,1609514587331,2021-01-01T15:23:07.331Z,sell,1.6e-07,723961.0,0.11583376
SNGLS/BTC,1609514590847,2021-01-01T15:23:10.847Z,sell,1.6e-07,10416.0,0.00166656
SNGLS/BTC,1609514607445,2021-01-01T15:23:27.445Z,sell,1.6e-07,73362.0,0.01173792
SNGLS/BTC,1609514614619,2021-01-01T15:23:34.619Z,sell,1.6e-07,156880.0,0.0251008
SNGLS/BTC,1609514616477,2021-01-01T15:23:36.477Z,sell,1.6e-07,1109.0,0.00017744
SNGLS/BTC,1609514647278,2021-01-01T15:24:07.278Z,sell,1.6e-07,17565.0,0.0028104
SNGLS/BTC,1609514654199,2021-01-01T15:24:14.199Z,sell,1.6e-07,17721.0,0.00283536
SNGLS/BTC,1609514664824,2021-01-01T15:24:24.824Z,sell,1.6e-07,62111.0,0.00993776
SNGLS/BTC,1609514747923,2021-01-01T15:25:47.923Z,sell,1.6e-07,56310.0,0.0090096
SNGLS/BTC,1609514814387,2021-01-01T15:26:54.387Z,sell,1.6e-07,2741.0,0.00043856
SNGLS/BTC,1609514836759,2021-01-01T15:27:16.759Z,sell,1.6e-07,847072.0,0.13553152
SNGLS/BTC,1609514856118,2021-01-01T15:27:36.118Z,sell,1.6e-07,1002303.0,0.16036848
SNGLS/BTC,1609514861586,2021-01-01T15:27:41.586Z,sell,1.5e-07,3213.0,0.00048195
SNGLS/BTC,1609514876469,2021-01-01T15:27:56.469Z,buy,1.6e-07,953926.0,0.15262816
SNGLS/BTC,1609514877255,2021-01-01T15:27:57.255Z,sell,1.6e-07,24974.0,0.00399584
SNGLS/BTC,1609514890229,2021-01-01T15:28:10.229Z,sell,1.6e-07,800.0,0.000128
SNGLS/BTC,1609514898406,2021-01-01T15:28:18.406Z,sell,1.6e-07,56877.0,0.00910032
SNGLS/BTC,1609514945121,2021-01-01T15:29:05.121Z,buy,1.7e-07,355837.0,0.06049229
SNGLS/BTC,1609514974026,2021-01-01T15:29:34.026Z,buy,1.7e-07,2215.0,0.0003765499999999
SNGLS/BTC,1609514987747,2021-01-01T15:29:47.747Z,buy,1.7e-07,3193.0,0.0005428099999999
SNGLS/BTC,1609515024256,2021-01-01T15:30:24.256Z,buy,1.7e-07,2457.0,0.0004176899999999
SNGLS/BTC,1609515053917,2021-01-01T15:30:53.917Z,sell,1.6e-07,1300.0,0.000208
SNGLS/BTC,1609515054803,2021-01-01T15:30:54.803Z,sell,1.6e-07,68987.0,0.01103792
SNGLS/BTC,1609515126113,2021-01-01T15:32:06.113Z,sell,1.6e-07,3189.0,0.00051024
SNGLS/BTC,1609515321434,2021-01-01T15:35:21.434Z,sell,1.6e-07,3131582.0,0.50105312
SNGLS/BTC,1609515343088,2021-01-01T15:35:43.088Z,sell,1.6e-07,24974.0,0.00399584
SNGLS/BTC,1609515450540,2021-01-01T15:37:30.540Z,sell,1.6e-07,6886.0,0.00110176
SNGLS/BTC,1609515710146,2021-01-01T15:41:50.146Z,buy,1.7e-07,1674.0,0.00028458
SNGLS/BTC,1609515746007,2021-01-01T15:42:26.007Z,sell,1.6e-07,2080.0,0.0003328
SNGLS/BTC,1609515795419,2021-01-01T15:43:15.419Z,sell,1.6e-07,658224.0,0.10531584
SNGLS/BTC,1609515795419,2021-01-01T15:43:15.419Z,sell,1.6e-07,658224.0,0.10531584
SNGLS/BTC,1609515917770,2021-01-01T15:45:17.770Z,sell,1.6e-07,142211.0,0.02275376
SNGLS/BTC,1609515944731,2021-01-01T15:45:44.731Z,sell,1.6e-07,7474.0,0.00119584
SNGLS/BTC,1609515984293,2021-01-01T15:46:24.293Z,sell,1.6e-07,7144.0,0.00114304
SNGLS/BTC,1609516057572,2021-01-01T15:47:37.572Z,sell,1.6e-07,134998.0,0.02159968
SNGLS/BTC,1609516082413,2021-01-01T15:48:02.413Z,sell,1.6e-07,129821.0,0.02077136
SNGLS/BTC,1609516163552,2021-01-01T15:49:23.552Z,sell,1.6e-07,11380.0,0.0018208
SNGLS/BTC,1609516371101,2021-01-01T15:52:51.101Z,sell,1.6e-07,291937.0,0.04670992
SNGLS/BTC,1609516515277,2021-01-01T15:55:15.277Z,sell,1.6e-07,176404.0,0.02822464
SNGLS/BTC,1609516528050,2021-01-01T15:55:28.050Z,sell,1.6e-07,149972.0,0.02399552
SNGLS/BTC,1609516551560,2021-01-01T15:55:51.560Z,buy,1.6e-07,4938.0,0.00079008
SNGLS/BTC,1609516623081,2021-01-01T15:57:03.081Z,buy,1.6e-07,169636.0,0.02714176
SNGLS/BTC,1609516735033,2021-01-01T15:58:55.033Z,sell,1.5e-07,689.0,0.0001033499999999
SNGLS/BTC,1609516801362,2021-01-01T16:00:01.362Z,sell,1.5e-07,14289.0,0.00214335
SNGLS/BTC,1609516804919,2021-01-01T16:00:04.919Z,sell,1.5e-07,1716.0,0.0002573999999999
SNGLS/BTC,1609516819076,2021-01-01T16:00:19.076Z,buy,1.6e-07,626.0,0.00010016
SNGLS/BTC,1609516854343,2021-01-01T16:00:54.343Z,sell,1.5e-07,725.0,0.00010875
SNGLS/BTC,1609516999226,2021-01-01T16:03:19.226Z,sell,1.5e-07,163261.0,0.0244891499999999
SNGLS/BTC,1609517348144,2021-01-01T16:09:08.144Z,sell,1.5e-07,19313.0,0.0028969499999999
SNGLS/BTC,1609517500174,2021-01-01T16:11:40.174Z,sell,1.5e-07,31290.0,0.0046935
SNGLS/BTC,1609517937293,2021-01-01T16:18:57.293Z,buy,1.6e-07,29234.0,0.00467744
SNGLS/BTC,1609518177460,2021-01-01T16:22:57.460Z,sell,1.5e-07,223935.0,0.0335902499999999
SNGLS/BTC,1609518448709,2021-01-01T16:27:28.709Z,buy,1.6e-07,1138424.0,0.18214784
SNGLS/BTC,1609518974204,2021-01-01T16:36:14.204Z,sell,1.6e-07,421963.0,0.06751408
SNGLS/BTC,1609519226267,2021-01-01T16:40:26.267Z,sell,1.6e-07,191797.0,0.03068752
SNGLS/BTC,1609519238335,2021-01-01T16:40:38.335Z,sell,1.6e-07,5541.0,0.00088656
SNGLS/BTC,1609519256571,2021-01-01T16:40:56.571Z,buy,1.7e-07,1500.0,0.0002549999999999
SNGLS/BTC,1609519263814,2021-01-01T16:41:03.814Z,buy,1.7e-07,13038.0,0.00221646
SNGLS/BTC,1609519263814,2021-01-01T16:41:03.814Z,buy,1.7e-07,13038.0,0.00221646
SNGLS/BTC,1609519479216,2021-01-01T16:44:39.216Z,buy,1.7e-07,72923.0,0.0123969099999999
SNGLS/BTC,1609520628657,2021-01-01T17:03:48.657Z,buy,1.7e-07,157926.0,0.0268474199999999
SNGLS/BTC,1609520914909,2021-01-01T17:08:34.909Z,buy,1.7e-07,13947.0,0.00237099
SNGLS/BTC,1609520941878,2021-01-01T17:09:01.878Z,buy,1.7e-07,2065.0,0.00035105
SNGLS/BTC,1609520945729,2021-01-01T17:09:05.729Z,sell,1.6e-07,5123.0,0.00081968
SNGLS/BTC,1609521041590,2021-01-01T17:10:41.590Z,buy,1.7e-07,800.0,0.000136
SNGLS/BTC,1609521056761,2021-01-01T17:10:56.761Z,buy,1.7e-07,930.0,0.0001581
SNGLS/BTC,1609521149347,2021-01-01T17:12:29.347Z,buy,1.7e-07,1520.0,0.0002584
SNGLS/BTC,1609521258781,2021-01-01T17:14:18.781Z,sell,1.6e-07,72850.0,0.011656
SNGLS/BTC,1609521415289,2021-01-01T17:16:55.289Z,sell,1.6e-07,10000.0,0.0016
SNGLS/BTC,1609521604152,2021-01-01T17:20:04.152Z,sell,1.6e-07,188309.0,0.03012944
SNGLS/BTC,1609522067967,2021-01-01T17:27:47.967Z,buy,1.7e-07,114255.0,0.01942335
SNGLS/BTC,1609522148327,2021-01-01T17:29:08.327Z,buy,1.7e-07,9919.0,0.00168623
SNGLS/BTC,1609522217937,2021-01-01T17:30:17.937Z,buy,1.7e-07,16895.0,0.00287215
SNGLS/BTC,1609522233753,2021-01-01T17:30:33.753Z,buy,1.7e-07,10366.0,0.0017622199999999
SNGLS/BTC,1609522264776,2021-01-01T17:31:04.776Z,buy,1.7e-07,22300.0,0.0037909999999999
SNGLS/BTC,1609522265975,2021-01-01T17:31:05.975Z,buy,1.7e-07,50965.0,0.00866405
SNGLS/BTC,1609522278092,2021-01-01T17:31:18.092Z,buy,1.7e-07,65007.0,0.0110511899999999
SNGLS/BTC,1609522298042,2021-01-01T17:31:38.042Z,buy,1.7e-07,19350.0,0.0032895
SNGLS/BTC,1609522303071,2021-01-01T17:31:43.071Z,buy,1.7e-07,589.0,0.0001001299999999
SNGLS/BTC,1609522307790,2021-01-01T17:31:47.790Z,buy,1.7e-07,7628.0,0.0012967599999999
SNGLS/BTC,1609522330139,2021-01-01T17:32:10.139Z,buy,1.7e-07,3078.0,0.00052326
SNGLS/BTC,1609522331054,2021-01-01T17:32:11.054Z,buy,1.7e-07,62295.0,0.01059015
SNGLS/BTC,1609522355257,2021-01-01T17:32:35.257Z,buy,1.7e-07,30000.0,0.0050999999999999
SNGLS/BTC,1609522382173,2021-01-01T17:33:02.173Z,buy,1.7e-07,33647.0,0.0057199899999999
SNGLS/BTC,1609522439314,2021-01-01T17:33:59.314Z,buy,1.7e-07,2610.0,0.0004436999999999
SNGLS/BTC,1609522502122,2021-01-01T17:35:02.122Z,buy,1.7e-07,31446.0,0.0053458199999999
SNGLS/BTC,1609522514129,2021-01-01T17:35:14.129Z,buy,1.7e-07,384697.0,0.0653984899999999
SNGLS/BTC,1609522517870,2021-01-01T17:35:17.870Z,buy,1.7e-07,2253.0,0.00038301
SNGLS/BTC,1609522522881,2021-01-01T17:35:22.881Z,buy,1.7e-07,58120.0,0.0098804
SNGLS/BTC,1609522537366,2021-01-01T17:35:37.366Z,buy,1.7e-07,5392.0,0.0009166399999999
SNGLS/BTC,1609522562092,2021-01-01T17:36:02.092Z,buy,1.7e-07,175735.0,0.0298749499999999
SNGLS/BTC,1609522586022,2021-01-01T17:36:26.022Z,buy,1.7e-07,3678.0,0.00062526
SNGLS/BTC,1609522601424,2021-01-01T17:36:41.424Z,buy,1.7e-07,2899.0,0.00049283
SNGLS/BTC,1609522609232,2021-01-01T17:36:49.232Z,buy,1.7e-07,29317.0,0.0049838899999999
SNGLS/BTC,1609522641906,2021-01-01T17:37:21.906Z,buy,1.7e-07,321774.0,0.0547015799999999
SNGLS/BTC,1609522644859,2021-01-01T17:37:24.859Z,buy,1.7e-07,754697.0,0.12829849
SNGLS/BTC,1609522666653,2021-01-01T17:37:46.653Z,sell,1.7e-07,78954.0,0.0134221799999999
SNGLS/BTC,1609522693059,2021-01-01T17:38:13.059Z,sell,1.7e-07,10000.0,0.0017
SNGLS/BTC,1609522727815,2021-01-01T17:38:47.815Z,sell,1.7e-07,600.0,0.0001019999999999
SNGLS/BTC,1609522730339,2021-01-01T17:38:50.339Z,sell,1.7e-07,46487.0,0.00790279
SNGLS/BTC,1609522735911,2021-01-01T17:38:55.911Z,buy,1.8e-07,566.0,0.00010188
SNGLS/BTC,1609522749333,2021-01-01T17:39:09.333Z,buy,1.8e-07,53827.0,0.00968886
SNGLS/BTC,1609522761967,2021-01-01T17:39:21.967Z,buy,1.8e-07,5419.0,0.00097542
SNGLS/BTC,1609522763775,2021-01-01T17:39:23.775Z,buy,1.8e-07,81707.0,0.01470726
SNGLS/BTC,1609522766826,2021-01-01T17:39:26.826Z,sell,1.7e-07,31823.0,0.0054099099999999
SNGLS/BTC,1609522776691,2021-01-01T17:39:36.691Z,buy,1.8e-07,25452.0,0.00458136
SNGLS/BTC,1609522779956,2021-01-01T17:39:39.956Z,buy,1.8e-07,33246.0,0.00598428
SNGLS/BTC,1609522782776,2021-01-01T17:39:42.776Z,buy,1.8e-07,42204.0,0.0075967199999999
SNGLS/BTC,1609522790676,2021-01-01T17:39:50.676Z,buy,1.8e-07,1093.0,0.00019674
SNGLS/BTC,1609522797113,2021-01-01T17:39:57.113Z,buy,1.8e-07,6135.0,0.0011043
SNGLS/BTC,1609522797670,2021-01-01T17:39:57.670Z,buy,1.8e-07,5014.0,0.00090252
SNGLS/BTC,1609522805337,2021-01-01T17:40:05.337Z,buy,1.8e-07,62327.0,0.01121886
SNGLS/BTC,1609522806365,2021-01-01T17:40:06.365Z,buy,1.8e-07,34940.0,0.0062892
SNGLS/BTC,1609522809007,2021-01-01T17:40:09.007Z,buy,1.8e-07,35939.0,0.00646902
SNGLS/BTC,1609522811681,2021-01-01T17:40:11.681Z,buy,1.8e-07,10740.0,0.0019332
SNGLS/BTC,1609522816721,2021-01-01T17:40:16.721Z,buy,1.8e-07,70258.0,0.01264644
SNGLS/BTC,1609522828321,2021-01-01T17:40:28.321Z,buy,1.8e-07,700.0,0.000126
SNGLS/BTC,1609522828428,2021-01-01T17:40:28.428Z,sell,1.7e-07,1049.0,0.0001783299999999
SNGLS/BTC,1609522847533,2021-01-01T17:40:47.533Z,buy,1.8e-07,4223.0,0.00076014
SNGLS/BTC,1609522856611,2021-01-01T17:40:56.611Z,buy,1.8e-07,41710.0,0.0075078
SNGLS/BTC,1609522857428,2021-01-01T17:40:57.428Z,buy,1.8e-07,50992.0,0.00917856
SNGLS/BTC,1609522857762,2021-01-01T17:40:57.762Z,buy,1.8e-07,37294.0,0.00671292
SNGLS/BTC,1609522863748,2021-01-01T17:41:03.748Z,buy,1.8e-07,15671.0,0.00282078
SNGLS/BTC,1609522863748,2021-01-01T17:41:03.748Z,buy,1.8e-07,15671.0,0.00282078
SNGLS/BTC,1609522866599,2021-01-01T17:41:06.599Z,buy,1.8e-07,40129.0,0.00722322
SNGLS/BTC,1609522867549,2021-01-01T17:41:07.549Z,buy,1.8e-07,104950.0,0.0188909999999999
SNGLS/BTC,1609522870746,2021-01-01T17:41:10.746Z,buy,1.8e-07,80981.0,0.01457658
SNGLS/BTC,1609522871312,2021-01-01T17:41:11.312Z,buy,1.8e-07,45393.0,0.00817074
SNGLS/BTC,1609522872000,2021-01-01T17:41:12.000Z,buy,1.8e-07,57561.0,0.01036098
SNGLS/BTC,1609522873690,2021-01-01T17:41:13.690Z,buy,1.8e-07,47669.0,0.00858042
SNGLS/BTC,1609522873855,2021-01-01T17:41:13.855Z,buy,1.8e-07,30898.0,0.00556164
SNGLS/BTC,1609522881611,2021-01-01T17:41:21.611Z,buy,1.8e-07,132206.0,0.0237970799999999
SNGLS/BTC,1609522882357,2021-01-01T17:41:22.357Z,buy,1.8e-07,21788.0,0.00392184
SNGLS/BTC,1609522884229,2021-01-01T17:41:24.229Z,buy,1.8e-07,104950.0,0.0188909999999999
SNGLS/BTC,1609522884464,2021-01-01T17:41:24.464Z,buy,1.8e-07,2396.0,0.00043128
SNGLS/BTC,1609522890616,2021-01-01T17:41:30.616Z,buy,1.8e-07,10133.0,0.00182394
SNGLS/BTC,1609522891838,2021-01-01T17:41:31.838Z,buy,1.8e-07,2146.0,0.0003862799999999
SNGLS/BTC,1609522892549,2021-01-01T17:41:32.549Z,buy,1.8e-07,17971.0,0.00323478
SNGLS/BTC,1609522893897,2021-01-01T17:41:33.897Z,buy,1.8e-07,8061.0,0.00145098
SNGLS/BTC,1609522898273,2021-01-01T17:41:38.273Z,buy,1.8e-07,796.0,0.00014328
SNGLS/BTC,1609522901304,2021-01-01T17:41:41.304Z,buy,1.8e-07,164676.0,0.02964168
SNGLS/BTC,1609522901730,2021-01-01T17:41:41.730Z,buy,1.8e-07,81415.0,0.0146547
SNGLS/BTC,1609522906039,2021-01-01T17:41:46.039Z,buy,1.8e-07,648336.0,0.11670048
SNGLS/BTC,1609522907780,2021-01-01T17:41:47.780Z,buy,1.8e-07,789097.0,0.14203746
SNGLS/BTC,1609522908119,2021-01-01T17:41:48.119Z,buy,1.8e-07,2216.0,0.00039888
SNGLS/BTC,1609522908296,2021-01-01T17:41:48.296Z,buy,1.8e-07,5386.0,0.00096948
SNGLS/BTC,1609522908481,2021-01-01T17:41:48.481Z,buy,1.8e-07,118964.0,0.02141352
SNGLS/BTC,1609522909720,2021-01-01T17:41:49.720Z,buy,1.8e-07,2814.0,0.00050652
SNGLS/BTC,1609522909861,2021-01-01T17:41:49.861Z,buy,1.8e-07,2008.0,0.00036144
SNGLS/BTC,1609522911516,2021-01-01T17:41:51.516Z,buy,1.8e-07,50348.0,0.00906264
SNGLS/BTC,1609522911663,2021-01-01T17:41:51.663Z,buy,1.8e-07,63043.0,0.01134774
SNGLS/BTC,1609522911810,2021-01-01T17:41:51.810Z,buy,1.8e-07,70511.0,0.01269198
SNGLS/BTC,1609522913053,2021-01-01T17:41:53.053Z,buy,1.8e-07,661129.0,0.1190032199999999
SNGLS/BTC,1609522924033,2021-01-01T17:42:04.033Z,sell,1.8e-07,8814.0,0.00158652
SNGLS/BTC,1609522932790,2021-01-01T17:42:12.790Z,buy,1.9e-07,8570.0,0.0016283
SNGLS/BTC,1609522933242,2021-01-01T17:42:13.242Z,sell,1.8e-07,510407.0,0.09187326
SNGLS/BTC,1609522935108,2021-01-01T17:42:15.108Z,sell,1.7e-07,5309.0,0.0009025299999999
SNGLS/BTC,1609522942380,2021-01-01T17:42:22.380Z,buy,1.8e-07,28511.0,0.0051319799999999
SNGLS/BTC,1609522943225,2021-01-01T17:42:23.225Z,buy,1.8e-07,4530.0,0.0008154
SNGLS/BTC,1609522944576,2021-01-01T17:42:24.576Z,buy,1.8e-07,46370.0,0.0083466
SNGLS/BTC,1609522945300,2021-01-01T17:42:25.300Z,buy,1.8e-07,14506.0,0.00261108
SNGLS/BTC,1609522946265,2021-01-01T17:42:26.265Z,buy,1.8e-07,109124.0,0.01964232
SNGLS/BTC,1609522950135,2021-01-01T17:42:30.135Z,sell,1.8e-07,30000.0,0.0054
SNGLS/BTC,1609522952738,2021-01-01T17:42:32.738Z,sell,1.8e-07,869.0,0.00015642
SNGLS/BTC,1609522963652,2021-01-01T17:42:43.652Z,buy,1.9e-07,35424.0,0.00673056
SNGLS/BTC,1609522972072,2021-01-01T17:42:52.072Z,buy,1.9e-07,6468.0,0.00122892
SNGLS/BTC,1609522973630,2021-01-01T17:42:53.630Z,buy,1.9e-07,898.0,0.00017062
SNGLS/BTC,1609522974267,2021-01-01T17:42:54.267Z,buy,1.9e-07,28473.0,0.00540987
SNGLS/BTC,1609522976404,2021-01-01T17:42:56.404Z,buy,1.9e-07,681231.0,0.12943389
SNGLS/BTC,1609522977977,2021-01-01T17:42:57.977Z,buy,1.9e-07,1086.0,0.00020634
SNGLS/BTC,1609522982709,2021-01-01T17:43:02.709Z,buy,1.9e-07,483996.0,0.09195924
SNGLS/BTC,1609522982907,2021-01-01T17:43:02.907Z,buy,1.9e-07,876995.0,0.16662905
SNGLS/BTC,1609522984229,2021-01-01T17:43:04.229Z,buy,1.9e-07,478867.0,0.09098473
SNGLS/BTC,1609522985257,2021-01-01T17:43:05.257Z,sell,1.9e-07,496120.0,0.0942628
SNGLS/BTC,1609522985257,2021-01-01T17:43:05.257Z,sell,1.8e-07,830097.0,0.14941746
SNGLS/BTC,1609522988082,2021-01-01T17:43:08.082Z,sell,1.9e-07,25507.0,0.00484633
SNGLS/BTC,1609522989187,2021-01-01T17:43:09.187Z,buy,2e-07,850.0,0.0001699999999999
SNGLS/BTC,1609522990403,2021-01-01T17:43:10.403Z,sell,1.9e-07,14548.0,0.00276412
SNGLS/BTC,1609522991899,2021-01-01T17:43:11.899Z,sell,1.9e-07,176510.0,0.0335369
SNGLS/BTC,1609522993254,2021-01-01T17:43:13.254Z,buy,1.9e-07,1614.0,0.00030666
SNGLS/BTC,1609522994244,2021-01-01T17:43:14.244Z,buy,1.9e-07,38641.0,0.00734179
SNGLS/BTC,1609522995420,2021-01-01T17:43:15.420Z,buy,1.9e-07,104687.0,0.01989053
SNGLS/BTC,1609522999258,2021-01-01T17:43:19.258Z,sell,1.9e-07,898.0,0.00017062
SNGLS/BTC,1609523003164,2021-01-01T17:43:23.164Z,sell,1.9e-07,3674.0,0.00069806
SNGLS/BTC,1609523015576,2021-01-01T17:43:35.576Z,buy,2e-07,775.0,0.000155
SNGLS/BTC,1609523017596,2021-01-01T17:43:37.596Z,buy,2e-07,64216.0,0.0128431999999999
SNGLS/BTC,1609523018978,2021-01-01T17:43:38.978Z,buy,2e-07,45911.0,0.0091822
SNGLS/BTC,1609523019485,2021-01-01T17:43:39.485Z,buy,2e-07,72312.0,0.0144623999999999
SNGLS/BTC,1609523021450,2021-01-01T17:43:41.450Z,buy,2e-07,5913.0,0.0011826
SNGLS/BTC,1609523021825,2021-01-01T17:43:41.825Z,buy,2e-07,1948.0,0.0003896
SNGLS/BTC,1609523022059,2021-01-01T17:43:42.059Z,buy,2e-07,305511.0,0.0611021999999999
SNGLS/BTC,1609523022163,2021-01-01T17:43:42.163Z,buy,2e-07,119687.0,0.0239373999999999
SNGLS/BTC,1609523022505,2021-01-01T17:43:42.505Z,buy,2e-07,4174.0,0.0008347999999999
SNGLS/BTC,1609523022980,2021-01-01T17:43:42.980Z,buy,2e-07,1027841.0,0.2055681999999999
SNGLS/BTC,1609523023232,2021-01-01T17:43:43.232Z,buy,2e-07,255266.0,0.0510532
SNGLS/BTC,1609523023482,2021-01-01T17:43:43.482Z,buy,2e-07,10413.0,0.0020826
SNGLS/BTC,1609523023632,2021-01-01T17:43:43.632Z,buy,2e-07,128444.0,0.0256887999999999
SNGLS/BTC,1609523023781,2021-01-01T17:43:43.781Z,buy,2e-07,4844.0,0.0009687999999999
SNGLS/BTC,1609523023999,2021-01-01T17:43:43.999Z,buy,2e-07,370265.0,0.074053
SNGLS/BTC,1609523024114,2021-01-01T17:43:44.114Z,buy,2e-07,3761.0,0.0007522
SNGLS/BTC,1609523024759,2021-01-01T17:43:44.759Z,buy,2e-07,113911.0,0.0227822
SNGLS/BTC,1609523027559,2021-01-01T17:43:47.559Z,buy,2.1e-07,1106.0,0.00023226
SNGLS/BTC,1609523027625,2021-01-01T17:43:47.625Z,sell,2e-07,8052.0,0.0016104
SNGLS/BTC,1609523029108,2021-01-01T17:43:49.108Z,buy,2.1e-07,22000.0,0.00462
SNGLS/BTC,1609523031788,2021-01-01T17:43:51.788Z,buy,2.1e-07,142756.0,0.02997876
SNGLS/BTC,1609523032098,2021-01-01T17:43:52.098Z,sell,2e-07,11384.0,0.0022768
SNGLS/BTC,1609523032654,2021-01-01T17:43:52.654Z,buy,2.1e-07,8516.0,0.00178836
SNGLS/BTC,1609523033013,2021-01-01T17:43:53.013Z,sell,2e-07,853405.0,0.170681
SNGLS/BTC,1609523033343,2021-01-01T17:43:53.343Z,sell,1.9e-07,1614.0,0.00030666
SNGLS/BTC,1609523033431,2021-01-01T17:43:53.431Z,buy,2e-07,12427.0,0.0024854
SNGLS/BTC,1609523034765,2021-01-01T17:43:54.765Z,buy,2e-07,702414.0,0.1404828
SNGLS/BTC,1609523034899,2021-01-01T17:43:54.899Z,sell,2e-07,43567.0,0.0087134
SNGLS/BTC,1609523035660,2021-01-01T17:43:55.660Z,sell,2e-07,20000.0,0.004
SNGLS/BTC,1609523039394,2021-01-01T17:43:59.394Z,buy,2.1e-07,92282.0,0.01937922
SNGLS/BTC,1609523040001,2021-01-01T17:44:00.001Z,buy,2.1e-07,19609.0,0.00411789
SNGLS/BTC,1609523040973,2021-01-01T17:44:00.973Z,buy,2.1e-07,9891.0,0.00207711
SNGLS/BTC,1609523043534,2021-01-01T17:44:03.534Z,buy,2.1e-07,30321.0,0.00636741
SNGLS/BTC,1609523043776,2021-01-01T17:44:03.776Z,buy,2.1e-07,59001.0,0.01239021
SNGLS/BTC,1609523043799,2021-01-01T17:44:03.799Z,sell,2e-07,4231.0,0.0008462
SNGLS/BTC,1609523043937,2021-01-01T17:44:03.937Z,buy,2.1e-07,712425.0,0.14960925
SNGLS/BTC,1609523043943,2021-01-01T17:44:03.943Z,sell,2e-07,153554.0,0.0307108
SNGLS/BTC,1609523046376,2021-01-01T17:44:06.376Z,buy,2.1e-07,4657.0,0.00097797
SNGLS/BTC,1609523046503,2021-01-01T17:44:06.503Z,buy,2.1e-07,73650.0,0.0154665
SNGLS/BTC,1609523046967,2021-01-01T17:44:06.967Z,buy,2.1e-07,8671.0,0.00182091
SNGLS/BTC,1609523047116,2021-01-01T17:44:07.116Z,buy,2.1e-07,597760.0,0.1255296
SNGLS/BTC,1609523047932,2021-01-01T17:44:07.932Z,buy,2.1e-07,39382.0,0.00827022
SNGLS/BTC,1609523047985,2021-01-01T17:44:07.985Z,buy,2.1e-07,6542.0,0.00137382
SNGLS/BTC,1609523048134,2021-01-01T17:44:08.134Z,buy,2.1e-07,73395.0,0.01541295
SNGLS/BTC,1609523048396,2021-01-01T17:44:08.396Z,buy,2.1e-07,3320.0,0.0006972
SNGLS/BTC,1609523048679,2021-01-01T17:44:08.679Z,buy,2.1e-07,1750.0,0.0003675
SNGLS/BTC,1609523048733,2021-01-01T17:44:08.733Z,buy,2.1e-07,28741.0,0.00603561
SNGLS/BTC,1609523048734,2021-01-01T17:44:08.734Z,buy,2.1e-07,394990.0,0.0829479
SNGLS/BTC,1609523048921,2021-01-01T17:44:08.921Z,buy,2.1e-07,526749.0,0.11061729
SNGLS/BTC,1609523048961,2021-01-01T17:44:08.961Z,buy,2.1e-07,2500.0,0.000525
SNGLS/BTC,1609523049517,2021-01-01T17:44:09.517Z,sell,2e-07,858893.0,0.1717786
SNGLS/BTC,1609523049571,2021-01-01T17:44:09.571Z,buy,2e-07,2974.0,0.0005947999999999
SNGLS/BTC,1609523049797,2021-01-01T17:44:09.797Z,buy,2e-07,28802.0,0.0057604
SNGLS/BTC,1609523049877,2021-01-01T17:44:09.877Z,buy,2e-07,33595.0,0.0067189999999999
SNGLS/BTC,1609523049900,2021-01-01T17:44:09.900Z,buy,2e-07,6350.0,0.0012699999999999
SNGLS/BTC,1609523050484,2021-01-01T17:44:10.484Z,buy,2e-07,1494.0,0.0002988
SNGLS/BTC,1609523050525,2021-01-01T17:44:10.525Z,buy,2e-07,1642.0,0.0003283999999999
SNGLS/BTC,1609523050740,2021-01-01T17:44:10.740Z,buy,2e-07,34974.0,0.0069948
SNGLS/BTC,1609523050876,2021-01-01T17:44:10.876Z,buy,2e-07,35296.0,0.0070592
SNGLS/BTC,1609523050876,2021-01-01T17:44:10.876Z,buy,2.1e-07,13206.0,0.00277326
SNGLS/BTC,1609523051384,2021-01-01T17:44:11.384Z,buy,2.1e-07,1595.0,0.00033495
SNGLS/BTC,1609523051978,2021-01-01T17:44:11.978Z,buy,2.1e-07,644859.0,0.13542039
SNGLS/BTC,1609523052807,2021-01-01T17:44:12.807Z,sell,2.1e-07,3500.0,0.000735
SNGLS/BTC,1609523053252,2021-01-01T17:44:13.252Z,buy,2.2e-07,3271.0,0.00071962
SNGLS/BTC,1609523054304,2021-01-01T17:44:14.304Z,sell,2.1e-07,118845.0,0.02495745
SNGLS/BTC,1609523054813,2021-01-01T17:44:14.813Z,sell,2.1e-07,175559.0,0.03686739
SNGLS/BTC,1609523054930,2021-01-01T17:44:14.930Z,buy,2.2e-07,1487.0,0.00032714
SNGLS/BTC,1609523056839,2021-01-01T17:44:16.839Z,buy,2.2e-07,158096.0,0.03478112
SNGLS/BTC,1609523057505,2021-01-01T17:44:17.505Z,sell,2.1e-07,13000.0,0.00273
SNGLS/BTC,1609523059200,2021-01-01T17:44:19.200Z,buy,2.2e-07,5316.0,0.00116952
SNGLS/BTC,1609523059255,2021-01-01T17:44:19.255Z,buy,2.2e-07,133582.0,0.02938804
SNGLS/BTC,1609523059652,2021-01-01T17:44:19.652Z,buy,2.2e-07,4515.0,0.0009933
SNGLS/BTC,1609523060119,2021-01-01T17:44:20.119Z,buy,2.2e-07,34675.0,0.0076285
SNGLS/BTC,1609523060564,2021-01-01T17:44:20.564Z,buy,2.2e-07,111157.0,0.02445454
SNGLS/BTC,1609523060680,2021-01-01T17:44:20.680Z,buy,2.2e-07,227762.0,0.05010764
SNGLS/BTC,1609523061208,2021-01-01T17:44:21.208Z,buy,2.2e-07,13138.0,0.00289036
SNGLS/BTC,1609523061527,2021-01-01T17:44:21.527Z,buy,2.2e-07,25799.0,0.00567578
SNGLS/BTC,1609523061591,2021-01-01T17:44:21.591Z,buy,2.2e-07,1015.0,0.0002233
SNGLS/BTC,1609523061859,2021-01-01T17:44:21.859Z,buy,2.2e-07,2531.0,0.00055682
SNGLS/BTC,1609523062215,2021-01-01T17:44:22.215Z,buy,2.2e-07,1985940.0,0.4369068
SNGLS/BTC,1609523063106,2021-01-01T17:44:23.106Z,sell,2.2e-07,9278.0,0.00204116
SNGLS/BTC,1609523063106,2021-01-01T17:44:23.106Z,sell,2.1e-07,3222.0,0.00067662
SNGLS/BTC,1609523063485,2021-01-01T17:44:23.485Z,buy,2.3e-07,3488.0,0.00080224
SNGLS/BTC,1609523063735,2021-01-01T17:44:23.735Z,buy,2.3e-07,19621.0,0.00451283
SNGLS/BTC,1609523063954,2021-01-01T17:44:23.954Z,sell,2.2e-07,173653.0,0.03820366
SNGLS/BTC,1609523064156,2021-01-01T17:44:24.156Z,sell,2.2e-07,11384.0,0.00250448
SNGLS/BTC,1609523066622,2021-01-01T17:44:26.622Z,buy,2.3e-07,18633.0,0.00428559
SNGLS/BTC,1609523066712,2021-01-01T17:44:26.712Z,sell,2.2e-07,17953.0,0.00394966
SNGLS/BTC,1609523067871,2021-01-01T17:44:27.871Z,sell,2.2e-07,1593.0,0.00035046
SNGLS/BTC,1609523069211,2021-01-01T17:44:29.211Z,buy,2.3e-07,3841.0,0.0008834299999999
SNGLS/BTC,1609523069613,2021-01-01T17:44:29.613Z,buy,2.3e-07,1000.0,0.00023
SNGLS/BTC,1609523069810,2021-01-01T17:44:29.810Z,buy,2.3e-07,9316.0,0.00214268
SNGLS/BTC,1609523069926,2021-01-01T17:44:29.926Z,buy,2.3e-07,1080937.0,0.2486155099999999
SNGLS/BTC,1609523070069,2021-01-01T17:44:30.069Z,sell,2.3e-07,153555.0,0.03531765
SNGLS/BTC,1609523071191,2021-01-01T17:44:31.191Z,buy,2.4e-07,512013.0,0.1228831199999999
SNGLS/BTC,1609523072356,2021-01-01T17:44:32.356Z,sell,2.3e-07,9965.0,0.00229195
SNGLS/BTC,1609523072439,2021-01-01T17:44:32.439Z,sell,2.3e-07,9000.0,0.00207
SNGLS/BTC,1609523073320,2021-01-01T17:44:33.320Z,buy,2.4e-07,4076.0,0.00097824
SNGLS/BTC,1609523073364,2021-01-01T17:44:33.364Z,buy,2.4e-07,56969.0,0.0136725599999999
SNGLS/BTC,1609523073738,2021-01-01T17:44:33.738Z,buy,2.4e-07,20233.0,0.00485592
SNGLS/BTC,1609523073781,2021-01-01T17:44:33.781Z,sell,2.3e-07,119565.0,0.02749995
SNGLS/BTC,1609523074289,2021-01-01T17:44:34.289Z,buy,2.3e-07,14618.0,0.00336214
SNGLS/BTC,1609523074549,2021-01-01T17:44:34.549Z,buy,2.3e-07,27713.0,0.0063739899999999
SNGLS/BTC,1609523074821,2021-01-01T17:44:34.821Z,buy,2.3e-07,367962.0,0.08463126
SNGLS/BTC,1609523075114,2021-01-01T17:44:35.114Z,buy,2.3e-07,23312.0,0.00536176
SNGLS/BTC,1609523075360,2021-01-01T17:44:35.360Z,buy,2.3e-07,3043.0,0.00069989
SNGLS/BTC,1609523075376,2021-01-01T17:44:35.376Z,buy,2.3e-07,100000.0,0.023
SNGLS/BTC,1609523075540,2021-01-01T17:44:35.540Z,sell,2.2e-07,133448.0,0.02935856
SNGLS/BTC,1609523075600,2021-01-01T17:44:35.600Z,buy,2.3e-07,2083.0,0.00047909
SNGLS/BTC,1609523075754,2021-01-01T17:44:35.754Z,buy,2.3e-07,27964.0,0.00643172
SNGLS/BTC,1609523075880,2021-01-01T17:44:35.880Z,buy,2.3e-07,342581.0,0.07879363
SNGLS/BTC,1609523076076,2021-01-01T17:44:36.076Z,buy,2.3e-07,39236.0,0.0090242799999999
SNGLS/BTC,1609523076244,2021-01-01T17:44:36.244Z,buy,2.3e-07,690.0,0.0001587
SNGLS/BTC,1609523076392,2021-01-01T17:44:36.392Z,buy,2.3e-07,16173.0,0.0037197899999999
SNGLS/BTC,1609523076523,2021-01-01T17:44:36.523Z,sell,2.2e-07,500.0,0.00011
SNGLS/BTC,1609523076926,2021-01-01T17:44:36.926Z,buy,2.3e-07,3725.0,0.00085675
SNGLS/BTC,1609523077555,2021-01-01T17:44:37.555Z,buy,2.3e-07,7015.0,0.00161345
SNGLS/BTC,1609523078730,2021-01-01T17:44:38.730Z,buy,2.3e-07,599098.0,0.13779254
SNGLS/BTC,1609523079501,2021-01-01T17:44:39.501Z,buy,2.4e-07,860.0,0.0002063999999999
SNGLS/BTC,1609523080590,2021-01-01T17:44:40.590Z,sell,2.3e-07,225977.0,0.05197471
SNGLS/BTC,1609523080798,2021-01-01T17:44:40.798Z,sell,2.3e-07,508.0,0.00011684
SNGLS/BTC,1609523080832,2021-01-01T17:44:40.832Z,buy,2.4e-07,1650.0,0.000396
SNGLS/BTC,1609523081020,2021-01-01T17:44:41.020Z,buy,2.4e-07,7662.0,0.0018388799999999
SNGLS/BTC,1609523082830,2021-01-01T17:44:42.830Z,buy,2.4e-07,79410.0,0.0190584
SNGLS/BTC,1609523083248,2021-01-01T17:44:43.248Z,buy,2.4e-07,18950.0,0.004548
SNGLS/BTC,1609523083376,2021-01-01T17:44:43.376Z,buy,2.4e-07,1797.0,0.00043128
SNGLS/BTC,1609523083530,2021-01-01T17:44:43.530Z,buy,2.4e-07,34387.0,0.0082528799999999
SNGLS/BTC,1609523083599,2021-01-01T17:44:43.599Z,sell,2.3e-07,50000.0,0.0115
SNGLS/BTC,1609523083765,2021-01-01T17:44:43.765Z,sell,2.3e-07,3318.0,0.0007631399999999
SNGLS/BTC,1609523084441,2021-01-01T17:44:44.441Z,buy,2.4e-07,236882.0,0.0568516799999999
SNGLS/BTC,1609523084561,2021-01-01T17:44:44.561Z,buy,2.4e-07,82893.0,0.0198943199999999
SNGLS/BTC,1609523085694,2021-01-01T17:44:45.694Z,buy,2.4e-07,20727.0,0.00497448
SNGLS/BTC,1609523085917,2021-01-01T17:44:45.917Z,buy,2.4e-07,10619.0,0.0025485599999999
SNGLS/BTC,1609523087472,2021-01-01T17:44:47.472Z,sell,2.3e-07,8000.0,0.00184
SNGLS/BTC,1609523088695,2021-01-01T17:44:48.695Z,buy,2.4e-07,86956.0,0.02086944
SNGLS/BTC,1609523088748,2021-01-01T17:44:48.748Z,buy,2.4e-07,65801.0,0.01579224
SNGLS/BTC,1609523088801,2021-01-01T17:44:48.801Z,buy,2.4e-07,267093.0,0.0641023199999999
SNGLS/BTC,1609523089549,2021-01-01T17:44:49.549Z,buy,2.4e-07,406545.0,0.0975707999999999
SNGLS/BTC,1609523089953,2021-01-01T17:44:49.953Z,sell,2.3e-07,6409.0,0.00147407
SNGLS/BTC,1609523089972,2021-01-01T17:44:49.972Z,buy,2.4e-07,20000.0,0.0048
SNGLS/BTC,1609523090214,2021-01-01T17:44:50.214Z,sell,2.3e-07,1382867.0,0.31805941
SNGLS/BTC,1609523090473,2021-01-01T17:44:50.473Z,buy,2.3e-07,43069.0,0.00990587
SNGLS/BTC,1609523091188,2021-01-01T17:44:51.188Z,buy,2.3e-07,2083.0,0.00047909
SNGLS/BTC,1609523091480,2021-01-01T17:44:51.480Z,buy,2.3e-07,19158.0,0.00440634
SNGLS/BTC,1609523091806,2021-01-01T17:44:51.806Z,buy,2.3e-07,8419.0,0.00193637
SNGLS/BTC,1609523091911,2021-01-01T17:44:51.911Z,buy,2.3e-07,652.0,0.00014996
SNGLS/BTC,1609523091945,2021-01-01T17:44:51.945Z,buy,2.3e-07,131871.0,0.03033033
SNGLS/BTC,1609523092193,2021-01-01T17:44:52.193Z,buy,2.3e-07,12525.0,0.00288075
SNGLS/BTC,1609523092650,2021-01-01T17:44:52.650Z,buy,2.3e-07,17890.0,0.0041147
SNGLS/BTC,1609523092690,2021-01-01T17:44:52.690Z,buy,2.3e-07,1084.0,0.00024932
SNGLS/BTC,1609523092921,2021-01-01T17:44:52.921Z,sell,2.2e-07,29970.0,0.0065934
SNGLS/BTC,1609523093244,2021-01-01T17:44:53.244Z,buy,2.3e-07,26231.0,0.00603313
SNGLS/BTC,1609523093891,2021-01-01T17:44:53.891Z,buy,2.3e-07,20727.0,0.00476721
SNGLS/BTC,1609523094007,2021-01-01T17:44:54.007Z,buy,2.3e-07,22356.0,0.00514188
SNGLS/BTC,1609523094059,2021-01-01T17:44:54.059Z,buy,2.3e-07,630.0,0.0001449
SNGLS/BTC,1609523094397,2021-01-01T17:44:54.397Z,buy,2.3e-07,2174.0,0.00050002
SNGLS/BTC,1609523094518,2021-01-01T17:44:54.518Z,buy,2.3e-07,522.0,0.00012006
SNGLS/BTC,1609523094533,2021-01-01T17:44:54.533Z,buy,2.3e-07,11973.0,0.00275379
SNGLS/BTC,1609523095073,2021-01-01T17:44:55.073Z,buy,2.3e-07,341661.0,0.07858203
SNGLS/BTC,1609523095602,2021-01-01T17:44:55.602Z,buy,2.4e-07,19102.0,0.0045844799999999
SNGLS/BTC,1609523096987,2021-01-01T17:44:56.987Z,sell,2.3e-07,8125.0,0.00186875
SNGLS/BTC,1609523097979,2021-01-01T17:44:57.979Z,buy,2.4e-07,1600.0,0.0003839999999999
SNGLS/BTC,1609523098814,2021-01-01T17:44:58.814Z,buy,2.4e-07,49017.0,0.01176408
SNGLS/BTC,1609523099049,2021-01-01T17:44:59.049Z,buy,2.4e-07,831.0,0.0001994399999999
SNGLS/BTC,1609523099097,2021-01-01T17:44:59.097Z,buy,2.4e-07,9966.0,0.0023918399999999
SNGLS/BTC,1609523099335,2021-01-01T17:44:59.335Z,buy,2.4e-07,8760.0,0.0021024
SNGLS/BTC,1609523100302,2021-01-01T17:45:00.302Z,buy,2.4e-07,49015.0,0.0117635999999999
SNGLS/BTC,1609523100925,2021-01-01T17:45:00.925Z,buy,2.4e-07,29547.0,0.0070912799999999
SNGLS/BTC,1609523101416,2021-01-01T17:45:01.416Z,buy,2.4e-07,312581.0,0.0750194399999999
SNGLS/BTC,1609523101902,2021-01-01T17:45:01.902Z,buy,2.4e-07,11118.0,0.0026683199999999
SNGLS/BTC,1609523102508,2021-01-01T17:45:02.508Z,sell,2.3e-07,799979.0,0.1839951699999999
SNGLS/BTC,1609523103121,2021-01-01T17:45:03.121Z,buy,2.4e-07,87773.0,0.0210655199999999
SNGLS/BTC,1609523103269,2021-01-01T17:45:03.269Z,sell,2.3e-07,1338.0,0.00030774
SNGLS/BTC,1609523103347,2021-01-01T17:45:03.347Z,sell,2.3e-07,25773.0,0.00592779
SNGLS/BTC,1609523103378,2021-01-01T17:45:03.378Z,buy,2.4e-07,4775.0,0.0011459999999999
SNGLS/BTC,1609523103563,2021-01-01T17:45:03.563Z,buy,2.4e-07,5866.0,0.0014078399999999
SNGLS/BTC,1609523104340,2021-01-01T17:45:04.340Z,buy,2.4e-07,1866.0,0.0004478399999999
SNGLS/BTC,1609523104606,2021-01-01T17:45:04.606Z,buy,2.4e-07,1619.0,0.00038856
SNGLS/BTC,1609523104685,2021-01-01T17:45:04.685Z,buy,2.4e-07,142671.0,0.03424104
SNGLS/BTC,1609523104696,2021-01-01T17:45:04.696Z,buy,2.4e-07,44422.0,0.0106612799999999
SNGLS/BTC,1609523104869,2021-01-01T17:45:04.869Z,buy,2.4e-07,129738.0,0.0311371199999999
SNGLS/BTC,1609523105167,2021-01-01T17:45:05.167Z,buy,2.4e-07,150954.0,0.03622896
SNGLS/BTC,1609523105234,2021-01-01T17:45:05.234Z,sell,2.3e-07,297503.0,0.06842569
SNGLS/BTC,1609523105751,2021-01-01T17:45:05.751Z,sell,2.3e-07,4839.0,0.00111297
SNGLS/BTC,1609523106213,2021-01-01T17:45:06.213Z,buy,2.4e-07,9992.0,0.00239808
SNGLS/BTC,1609523106849,2021-01-01T17:45:06.849Z,buy,2.4e-07,2286.0,0.00054864
SNGLS/BTC,1609523107386,2021-01-01T17:45:07.386Z,sell,2.3e-07,5151.0,0.00118473
SNGLS/BTC,1609523107509,2021-01-01T17:45:07.509Z,buy,2.4e-07,15391.0,0.00369384
SNGLS/BTC,1609523107576,2021-01-01T17:45:07.576Z,buy,2.4e-07,5235.0,0.0012564
SNGLS/BTC,1609523107598,2021-01-01T17:45:07.598Z,buy,2.4e-07,62358.0,0.0149659199999999
SNGLS/BTC,1609523107801,2021-01-01T17:45:07.801Z,sell,2.3e-07,67083.0,0.01542909
SNGLS/BTC,1609523108224,2021-01-01T17:45:08.224Z,buy,2.4e-07,1090.0,0.0002615999999999
SNGLS/BTC,1609523108402,2021-01-01T17:45:08.402Z,buy,2.4e-07,3631.0,0.0008714399999999
SNGLS/BTC,1609523109191,2021-01-01T17:45:09.191Z,buy,2.4e-07,8690.0,0.0020856
SNGLS/BTC,1609523109220,2021-01-01T17:45:09.220Z,buy,2.4e-07,510.0,0.0001224
SNGLS/BTC,1609523109733,2021-01-01T17:45:09.733Z,buy,2.4e-07,77584.0,0.0186201599999999
SNGLS/BTC,1609523109775,2021-01-01T17:45:09.775Z,buy,2.4e-07,1635.0,0.0003923999999999
SNGLS/BTC,1609523110440,2021-01-01T17:45:10.440Z,sell,2.3e-07,2884.0,0.00066332
SNGLS/BTC,1609523111529,2021-01-01T17:45:11.529Z,sell,2.3e-07,799979.0,0.1839951699999999
SNGLS/BTC,1609523112005,2021-01-01T17:45:12.005Z,buy,2.4e-07,8322.0,0.0019972799999999
SNGLS/BTC,1609523112634,2021-01-01T17:45:12.634Z,buy,2.4e-07,416.0,9.984e-05
SNGLS/BTC,1609523112954,2021-01-01T17:45:12.954Z,buy,2.4e-07,72164.0,0.01731936
SNGLS/BTC,1609523113145,2021-01-01T17:45:13.145Z,sell,2.3e-07,62264.0,0.01432072
SNGLS/BTC,1609523114035,2021-01-01T17:45:14.035Z,sell,2.3e-07,419210.0,0.0964183
SNGLS/BTC,1609523114176,2021-01-01T17:45:14.176Z,buy,2.4e-07,5155.0,0.0012372
SNGLS/BTC,1609523115020,2021-01-01T17:45:15.020Z,buy,2.4e-07,27806.0,0.0066734399999999
SNGLS/BTC,1609523115034,2021-01-01T17:45:15.034Z,buy,2.4e-07,2758.0,0.00066192
SNGLS/BTC,1609523115139,2021-01-01T17:45:15.139Z,sell,2.3e-07,80900.0,0.018607
SNGLS/BTC,1609523115564,2021-01-01T17:45:15.564Z,buy,2.4e-07,4240.0,0.0010176
SNGLS/BTC,1609523115968,2021-01-01T17:45:15.968Z,buy,2.4e-07,9643.0,0.00231432
SNGLS/BTC,1609523116869,2021-01-01T17:45:16.869Z,sell,2.3e-07,3841.0,0.0008834299999999
SNGLS/BTC,1609523116998,2021-01-01T17:45:16.998Z,sell,2.3e-07,10000.0,0.0023
SNGLS/BTC,1609523118037,2021-01-01T17:45:18.037Z,sell,2.3e-07,4529.0,0.00104167
SNGLS/BTC,1609523118158,2021-01-01T17:45:18.158Z,sell,2.3e-07,12333.0,0.00283659
SNGLS/BTC,1609523118158,2021-01-01T17:45:18.158Z,sell,2.2e-07,136957.0,0.03013054
SNGLS/BTC,1609523118313,2021-01-01T17:45:18.313Z,sell,2.3e-07,125485.0,0.02886155
SNGLS/BTC,1609523118627,2021-01-01T17:45:18.627Z,buy,2.3e-07,3206.0,0.0007373799999999
SNGLS/BTC,1609523118723,2021-01-01T17:45:18.723Z,buy,2.3e-07,3646.0,0.00083858
SNGLS/BTC,1609523119097,2021-01-01T17:45:19.097Z,buy,2.3e-07,17247.0,0.00396681
SNGLS/BTC,1609523119864,2021-01-01T17:45:19.864Z,buy,2.3e-07,59152.0,0.01360496
SNGLS/BTC,1609523121985,2021-01-01T17:45:21.985Z,buy,2.3e-07,14324.0,0.00329452
SNGLS/BTC,1609523122057,2021-01-01T17:45:22.057Z,buy,2.3e-07,16468.0,0.00378764
SNGLS/BTC,1609523123055,2021-01-01T17:45:23.055Z,buy,2.3e-07,30379.0,0.00698717
SNGLS/BTC,1609523125071,2021-01-01T17:45:25.071Z,buy,2.3e-07,6395.0,0.00147085
SNGLS/BTC,1609523125950,2021-01-01T17:45:25.950Z,buy,2.3e-07,5805.0,0.00133515
SNGLS/BTC,1609523126153,2021-01-01T17:45:26.153Z,sell,2.2e-07,88607.0,0.01949354
SNGLS/BTC,1609523127366,2021-01-01T17:45:27.366Z,buy,2.3e-07,2796.0,0.00064308
SNGLS/BTC,1609523127599,2021-01-01T17:45:27.599Z,sell,2.2e-07,4188.0,0.00092136
SNGLS/BTC,1609523127925,2021-01-01T17:45:27.925Z,buy,2.3e-07,50108.0,0.01152484
SNGLS/BTC,1609523128143,2021-01-01T17:45:28.143Z,buy,2.3e-07,620.0,0.0001426
SNGLS/BTC,1609523128295,2021-01-01T17:45:28.295Z,buy,2.3e-07,10092.0,0.00232116
SNGLS/BTC,1609523128895,2021-01-01T17:45:28.895Z,buy,2.3e-07,53830.0,0.0123809
SNGLS/BTC,1609523129246,2021-01-01T17:45:29.246Z,buy,2.3e-07,2855.0,0.0006566499999999
SNGLS/BTC,1609523129516,2021-01-01T17:45:29.516Z,buy,2.3e-07,6108.0,0.0014048399999999
SNGLS/BTC,1609523130561,2021-01-01T17:45:30.561Z,buy,2.3e-07,108384.0,0.02492832
SNGLS/BTC,1609523130892,2021-01-01T17:45:30.892Z,buy,2.3e-07,14708.0,0.00338284
SNGLS/BTC,1609523131656,2021-01-01T17:45:31.656Z,buy,2.3e-07,10000.0,0.0023
SNGLS/BTC,1609523132433,2021-01-01T17:45:32.433Z,buy,2.3e-07,13738.0,0.00315974
SNGLS/BTC,1609523132679,2021-01-01T17:45:32.679Z,sell,2.2e-07,6250.0,0.001375
SNGLS/BTC,1609523133142,2021-01-01T17:45:33.142Z,buy,2.3e-07,15525.0,0.0035707499999999
SNGLS/BTC,1609523133277,2021-01-01T17:45:33.277Z,buy,2.3e-07,2304.0,0.00052992
SNGLS/BTC,1609523134671,2021-01-01T17:45:34.671Z,buy,2.3e-07,100835.0,0.02319205
SNGLS/BTC,1609523134828,2021-01-01T17:45:34.828Z,buy,2.3e-07,3613.0,0.00083099
SNGLS/BTC,1609523135412,2021-01-01T17:45:35.412Z,buy,2.3e-07,36317.0,0.00835291
SNGLS/BTC,1609523136937,2021-01-01T17:45:36.937Z,buy,2.3e-07,526.0,0.00012098
SNGLS/BTC,1609523138145,2021-01-01T17:45:38.145Z,sell,2.2e-07,500.0,0.00011
SNGLS/BTC,1609523140767,2021-01-01T17:45:40.767Z,sell,2.2e-07,73321.0,0.01613062
SNGLS/BTC,1609523140825,2021-01-01T17:45:40.825Z,buy,2.3e-07,1507.0,0.00034661
SNGLS/BTC,1609523141348,2021-01-01T17:45:41.348Z,sell,2.2e-07,83481.0,0.01836582
SNGLS/BTC,1609523144050,2021-01-01T17:45:44.050Z,sell,2.2e-07,1000.0,0.00022
SNGLS/BTC,1609523144511,2021-01-01T17:45:44.511Z,sell,2.2e-07,12201.0,0.00268422
SNGLS/BTC,1609523144768,2021-01-01T17:45:44.768Z,sell,2.2e-07,39196.0,0.00862312
SNGLS/BTC,1609523145448,2021-01-01T17:45:45.448Z,sell,2.2e-07,6128.0,0.00134816
SNGLS/BTC,1609523146179,2021-01-01T17:45:46.179Z,buy,2.3e-07,330101.0,0.07592323
SNGLS/BTC,1609523146252,2021-01-01T17:45:46.252Z,sell,2.2e-07,1956.0,0.00043032
SNGLS/BTC,1609523147606,2021-01-01T17:45:47.606Z,buy,2.3e-07,215748.0,0.04962204
SNGLS/BTC,1609523147718,2021-01-01T17:45:47.718Z,buy,2.3e-07,6926.0,0.00159298
SNGLS/BTC,1609523147998,2021-01-01T17:45:47.998Z,buy,2.3e-07,984.0,0.00022632
SNGLS/BTC,1609523148093,2021-01-01T17:45:48.093Z,sell,2.2e-07,354563.0,0.07800386
SNGLS/BTC,1609523148596,2021-01-01T17:45:48.596Z,sell,2.2e-07,45347.0,0.00997634
SNGLS/BTC,1609523150268,2021-01-01T17:45:50.268Z,buy,2.3e-07,124780.0,0.0286994
SNGLS/BTC,1609523150816,2021-01-01T17:45:50.816Z,buy,2.3e-07,6768.0,0.00155664
SNGLS/BTC,1609523153111,2021-01-01T17:45:53.111Z,buy,2.3e-07,13924.0,0.00320252
SNGLS/BTC,1609523154131,2021-01-01T17:45:54.131Z,buy,2.3e-07,67343.0,0.01548889
SNGLS/BTC,1609523155228,2021-01-01T17:45:55.228Z,buy,2.3e-07,14522.0,0.0033400599999999
SNGLS/BTC,1609523155973,2021-01-01T17:45:55.973Z,buy,2.3e-07,40285.0,0.00926555
SNGLS/BTC,1609523156541,2021-01-01T17:45:56.541Z,sell,2.2e-07,15346.0,0.00337612
SNGLS/BTC,1609523158360,2021-01-01T17:45:58.360Z,buy,2.3e-07,35129.0,0.00807967
SNGLS/BTC,1609523160420,2021-01-01T17:46:00.420Z,buy,2.3e-07,9854.0,0.00226642
SNGLS/BTC,1609523165009,2021-01-01T17:46:05.009Z,sell,2.2e-07,28773.0,0.00633006
SNGLS/BTC,1609523165052,2021-01-01T17:46:05.052Z,buy,2.3e-07,61287.0,0.0140960099999999
SNGLS/BTC,1609523167397,2021-01-01T17:46:07.397Z,buy,2.3e-07,3838.0,0.00088274
SNGLS/BTC,1609523167605,2021-01-01T17:46:07.605Z,buy,2.3e-07,18439.0,0.00424097
SNGLS/BTC,1609523167999,2021-01-01T17:46:07.999Z,buy,2.3e-07,78956.0,0.01815988
SNGLS/BTC,1609523168965,2021-01-01T17:46:08.965Z,buy,2.3e-07,274479.0,0.06313017
SNGLS/BTC,1609523170553,2021-01-01T17:46:10.553Z,sell,2.3e-07,455.0,0.00010465
SNGLS/BTC,1609523176330,2021-01-01T17:46:16.330Z,sell,2.3e-07,16441.0,0.00378143
SNGLS/BTC,1609523177032,2021-01-01T17:46:17.032Z,sell,2.3e-07,2000.0,0.00046
SNGLS/BTC,1609523177394,2021-01-01T17:46:17.394Z,buy,2.4e-07,1649.0,0.0003957599999999
SNGLS/BTC,1609523179988,2021-01-01T17:46:19.988Z,buy,2.4e-07,25082.0,0.0060196799999999
SNGLS/BTC,1609523180986,2021-01-01T17:46:20.986Z,sell,2.3e-07,500.0,0.000115
SNGLS/BTC,1609523183366,2021-01-01T17:46:23.366Z,buy,2.4e-07,833.0,0.0001999199999999
SNGLS/BTC,1609523184103,2021-01-01T17:46:24.103Z,buy,2.4e-07,14415.0,0.0034595999999999
SNGLS/BTC,1609523184397,2021-01-01T17:46:24.397Z,buy,2.4e-07,1280.0,0.0003072
SNGLS/BTC,1609523184530,2021-01-01T17:46:24.530Z,buy,2.4e-07,198452.0,0.0476284799999999
SNGLS/BTC,1609523184868,2021-01-01T17:46:24.868Z,sell,2.3e-07,1169.0,0.00026887
SNGLS/BTC,1609523185545,2021-01-01T17:46:25.545Z,sell,2.3e-07,2852.0,0.00065596
SNGLS/BTC,1609523187921,2021-01-01T17:46:27.921Z,buy,2.4e-07,28879.0,0.0069309599999999
SNGLS/BTC,1609523188204,2021-01-01T17:46:28.204Z,buy,2.4e-07,45680.0,0.0109632
SNGLS/BTC,1609523188555,2021-01-01T17:46:28.555Z,buy,2.4e-07,90613.0,0.0217471199999999
SNGLS/BTC,1609523190301,2021-01-01T17:46:30.301Z,sell,2.3e-07,150796.0,0.03468308
SNGLS/BTC,1609523190586,2021-01-01T17:46:30.586Z,buy,2.4e-07,790.0,0.0001895999999999
SNGLS/BTC,1609523191041,2021-01-01T17:46:31.041Z,buy,2.4e-07,2220155.0,0.5328371999999999
SNGLS/BTC,1609523192371,2021-01-01T17:46:32.371Z,sell,2.3e-07,2000.0,0.00046
SNGLS/BTC,1609523192608,2021-01-01T17:46:32.608Z,buy,2.4e-07,67143.0,0.0161143199999999
SNGLS/BTC,1609523192622,2021-01-01T17:46:32.622Z,buy,2.4e-07,574432.0,0.13786368
SNGLS/BTC,1609523193030,2021-01-01T17:46:33.030Z,sell,2.4e-07,2719.0,0.0006525599999999
SNGLS/BTC,1609523193053,2021-01-01T17:46:33.053Z,buy,2.5e-07,17256.0,0.004314
SNGLS/BTC,1609523194840,2021-01-01T17:46:34.840Z,sell,2.4e-07,16451.0,0.0039482399999999
SNGLS/BTC,1609523196581,2021-01-01T17:46:36.581Z,sell,2.4e-07,652868.0,0.15668832
SNGLS/BTC,1609523196785,2021-01-01T17:46:36.785Z,buy,2.4e-07,152173.0,0.0365215199999999
SNGLS/BTC,1609523196837,2021-01-01T17:46:36.837Z,buy,2.4e-07,191491.0,0.0459578399999999
SNGLS/BTC,1609523196839,2021-01-01T17:46:36.839Z,buy,2.4e-07,468.0,0.00011232
SNGLS/BTC,1609523196972,2021-01-01T17:46:36.972Z,buy,2.5e-07,37176.0,0.009294
SNGLS/BTC,1609523198129,2021-01-01T17:46:38.129Z,sell,2.4e-07,4000.0,0.0009599999999999
SNGLS/BTC,1609523198816,2021-01-01T17:46:38.816Z,sell,2.4e-07,1000.0,0.0002399999999999
SNGLS/BTC,1609523199404,2021-01-01T17:46:39.404Z,sell,2.4e-07,9881.0,0.00237144
SNGLS/BTC,1609523200748,2021-01-01T17:46:40.748Z,buy,2.5e-07,9741.0,0.00243525
SNGLS/BTC,1609523201856,2021-01-01T17:46:41.856Z,buy,2.5e-07,478.0,0.0001194999999999
SNGLS/BTC,1609523202709,2021-01-01T17:46:42.709Z,sell,2.4e-07,35226.0,0.00845424
SNGLS/BTC,1609523202758,2021-01-01T17:46:42.758Z,buy,2.4e-07,5444.0,0.0013065599999999
SNGLS/BTC,1609523203091,2021-01-01T17:46:43.091Z,buy,2.4e-07,7797.0,0.00187128
SNGLS/BTC,1609523203181,2021-01-01T17:46:43.181Z,sell,2.3e-07,139509.0,0.03208707
SNGLS/BTC,1609523203387,2021-01-01T17:46:43.387Z,buy,2.4e-07,43240.0,0.0103775999999999
SNGLS/BTC,1609523203561,2021-01-01T17:46:43.561Z,buy,2.4e-07,100000.0,0.0239999999999999
SNGLS/BTC,1609523204303,2021-01-01T17:46:44.303Z,buy,2.4e-07,2160.0,0.0005183999999999
SNGLS/BTC,1609523204483,2021-01-01T17:46:44.483Z,buy,2.4e-07,107262.0,0.02574288
SNGLS/BTC,1609523204706,2021-01-01T17:46:44.706Z,buy,2.4e-07,626.0,0.00015024
SNGLS/BTC,1609523204928,2021-01-01T17:46:44.928Z,buy,2.4e-07,8551.0,0.00205224
SNGLS/BTC,1609523205960,2021-01-01T17:46:45.960Z,buy,2.4e-07,22447.0,0.0053872799999999
SNGLS/BTC,1609523206857,2021-01-01T17:46:46.857Z,buy,2.4e-07,61842.0,0.0148420799999999
SNGLS/BTC,1609523207024,2021-01-01T17:46:47.024Z,sell,2.4e-07,1000.0,0.0002399999999999
SNGLS/BTC,1609523207813,2021-01-01T17:46:47.813Z,sell,2.4e-07,19441.0,0.0046658399999999
SNGLS/BTC,1609523208331,2021-01-01T17:46:48.331Z,buy,2.4e-07,5743.0,0.00137832
SNGLS/BTC,1609523208398,2021-01-01T17:46:48.398Z,sell,2.4e-07,13620.0,0.0032687999999999
SNGLS/BTC,1609523208717,2021-01-01T17:46:48.717Z,buy,2.4e-07,7031.0,0.00168744
SNGLS/BTC,1609523208718,2021-01-01T17:46:48.718Z,buy,2.4e-07,39710.0,0.0095304
SNGLS/BTC,1609523209315,2021-01-01T17:46:49.315Z,buy,2.4e-07,10062.0,0.00241488
SNGLS/BTC,1609523209445,2021-01-01T17:46:49.445Z,buy,2.4e-07,37529.0,0.00900696
SNGLS/BTC,1609523209447,2021-01-01T17:46:49.447Z,buy,2.4e-07,19646.0,0.0047150399999999
SNGLS/BTC,1609523210188,2021-01-01T17:46:50.188Z,buy,2.4e-07,1631.0,0.0003914399999999
SNGLS/BTC,1609523210592,2021-01-01T17:46:50.592Z,buy,2.4e-07,78965.0,0.0189516
SNGLS/BTC,1609523210653,2021-01-01T17:46:50.653Z,buy,2.4e-07,28685.0,0.0068844
SNGLS/BTC,1609523211025,2021-01-01T17:46:51.025Z,buy,2.4e-07,93466.0,0.0224318399999999
SNGLS/BTC,1609523212231,2021-01-01T17:46:52.231Z,buy,2.4e-07,13895.0,0.0033347999999999
SNGLS/BTC,1609523212275,2021-01-01T17:46:52.275Z,buy,2.4e-07,33163.0,0.00795912
SNGLS/BTC,1609523212564,2021-01-01T17:46:52.564Z,buy,2.4e-07,9730.0,0.0023352
SNGLS/BTC,1609523212745,2021-01-01T17:46:52.745Z,buy,2.4e-07,67239.0,0.01613736
SNGLS/BTC,1609523212956,2021-01-01T17:46:52.956Z,buy,2.4e-07,95565.0,0.0229355999999999
SNGLS/BTC,1609523218340,2021-01-01T17:46:58.340Z,buy,2.4e-07,79405.0,0.0190572
SNGLS/BTC,1609523218657,2021-01-01T17:46:58.657Z,sell,2.4e-07,1000.0,0.0002399999999999
SNGLS/BTC,1609523220733,2021-01-01T17:47:00.733Z,sell,2.4e-07,24649.0,0.0059157599999999
SNGLS/BTC,1609523222731,2021-01-01T17:47:02.731Z,buy,2.5e-07,14945.0,0.00373625
SNGLS/BTC,1609523224901,2021-01-01T17:47:04.901Z,sell,2.4e-07,111968.0,0.0268723199999999
SNGLS/BTC,1609523225045,2021-01-01T17:47:05.045Z,sell,2.4e-07,106658.0,0.0255979199999999
SNGLS/BTC,1609523225379,2021-01-01T17:47:05.379Z,sell,2.4e-07,8516.0,0.00204384
SNGLS/BTC,1609523226117,2021-01-01T17:47:06.117Z,sell,2.4e-07,10000.0,0.0024
SNGLS/BTC,1609523226932,2021-01-01T17:47:06.932Z,sell,2.4e-07,24675.0,0.0059219999999999
SNGLS/BTC,1609523226992,2021-01-01T17:47:06.992Z,buy,2.5e-07,19981.0,0.00499525
SNGLS/BTC,1609523227294,2021-01-01T17:47:07.294Z,buy,2.5e-07,229562.0,0.0573905
SNGLS/BTC,1609523228083,2021-01-01T17:47:08.083Z,buy,2.5e-07,1472.0,0.000368
SNGLS/BTC,1609523230906,2021-01-01T17:47:10.906Z,buy,2.5e-07,2826.0,0.0007065
SNGLS/BTC,1609523231010,2021-01-01T17:47:11.010Z,buy,2.5e-07,45989.0,0.0114972499999999
SNGLS/BTC,1609523233047,2021-01-01T17:47:13.047Z,buy,2.5e-07,3139.0,0.00078475
SNGLS/BTC,1609523233400,2021-01-01T17:47:13.400Z,buy,2.5e-07,2352.0,0.000588
SNGLS/BTC,1609523233582,2021-01-01T17:47:13.582Z,buy,2.5e-07,520.0,0.00013
SNGLS/BTC,1609523233798,2021-01-01T17:47:13.798Z,buy,2.5e-07,1541.0,0.0003852499999999
SNGLS/BTC,1609523234255,2021-01-01T17:47:14.255Z,sell,2.4e-07,50000.0,0.0119999999999999
SNGLS/BTC,1609523234751,2021-01-01T17:47:14.751Z,buy,2.5e-07,1729.0,0.0004322499999999
SNGLS/BTC,1609523235510,2021-01-01T17:47:15.510Z,buy,2.5e-07,342892.0,0.085723
SNGLS/BTC,1609523235559,2021-01-01T17:47:15.559Z,buy,2.5e-07,46156.0,0.0115389999999999
SNGLS/BTC,1609523236348,2021-01-01T17:47:16.348Z,buy,2.5e-07,16606.0,0.0041515
SNGLS/BTC,1609523236878,2021-01-01T17:47:16.878Z,buy,2.5e-07,24391.0,0.00609775
SNGLS/BTC,1609523237051,2021-01-01T17:47:17.051Z,buy,2.5e-07,333180.0,0.083295
SNGLS/BTC,1609523237269,2021-01-01T17:47:17.269Z,buy,2.5e-07,120710.0,0.0301775
SNGLS/BTC,1609523237411,2021-01-01T17:47:17.411Z,buy,2.5e-07,171708.0,0.042927
SNGLS/BTC,1609523238934,2021-01-01T17:47:18.934Z,buy,2.5e-07,785.0,0.00019625
SNGLS/BTC,1609523238964,2021-01-01T17:47:18.964Z,buy,2.5e-07,47913.0,0.01197825
SNGLS/BTC,1609523239693,2021-01-01T17:47:19.693Z,buy,2.5e-07,174377.0,0.04359425
SNGLS/BTC,1609523239853,2021-01-01T17:47:19.853Z,buy,2.5e-07,15248.0,0.003812
SNGLS/BTC,1609523239910,2021-01-01T17:47:19.910Z,buy,2.5e-07,12417.0,0.00310425
SNGLS/BTC,1609523240230,2021-01-01T17:47:20.230Z,buy,2.5e-07,12869.0,0.00321725
SNGLS/BTC,1609523240275,2021-01-01T17:47:20.275Z,buy,2.5e-07,1280.0,0.0003199999999999
SNGLS/BTC,1609523241061,2021-01-01T17:47:21.061Z,buy,2.5e-07,118255.0,0.02956375
SNGLS/BTC,1609523241501,2021-01-01T17:47:21.501Z,buy,2.5e-07,282031.0,0.07050775
SNGLS/BTC,1609523241779,2021-01-01T17:47:21.779Z,buy,2.5e-07,23639.0,0.00590975
SNGLS/BTC,1609523242336,2021-01-01T17:47:22.336Z,buy,2.5e-07,1457.0,0.00036425
SNGLS/BTC,1609523242759,2021-01-01T17:47:22.759Z,buy,2.5e-07,6698.0,0.0016745
SNGLS/BTC,1609523243150,2021-01-01T17:47:23.150Z,buy,2.5e-07,71853.0,0.01796325
SNGLS/BTC,1609523243361,2021-01-01T17:47:23.361Z,buy,2.5e-07,410.0,0.0001025
SNGLS/BTC,1609523244141,2021-01-01T17:47:24.141Z,buy,2.5e-07,24765.0,0.00619125
SNGLS/BTC,1609523246948,2021-01-01T17:47:26.948Z,buy,2.5e-07,111420.0,0.0278549999999999
SNGLS/BTC,1609523247318,2021-01-01T17:47:27.318Z,buy,2.5e-07,980901.0,0.2452252499999999
SNGLS/BTC,1609523247323,2021-01-01T17:47:27.323Z,sell,2.5e-07,6870.0,0.0017174999999999
SNGLS/BTC,1609523248075,2021-01-01T17:47:28.075Z,sell,2.5e-07,21910.0,0.0054775
SNGLS/BTC,1609523251923,2021-01-01T17:47:31.923Z,sell,2.5e-07,17000.0,0.0042499999999999
SNGLS/BTC,1609523251984,2021-01-01T17:47:31.984Z,sell,2.5e-07,5871.0,0.0014677499999999
SNGLS/BTC,1609523253445,2021-01-01T17:47:33.445Z,buy,2.6e-07,15749.0,0.00409474
SNGLS/BTC,1609523253903,2021-01-01T17:47:33.903Z,sell,2.5e-07,20467.0,0.00511675
SNGLS/BTC,1609523254087,2021-01-01T17:47:34.087Z,sell,2.5e-07,1500.0,0.000375
SNGLS/BTC,1609523254191,2021-01-01T17:47:34.191Z,buy,2.6e-07,3188.0,0.00082888
SNGLS/BTC,1609523255324,2021-01-01T17:47:35.324Z,buy,2.6e-07,198313.0,0.05156138
SNGLS/BTC,1609523255613,2021-01-01T17:47:35.613Z,buy,2.6e-07,7203.0,0.0018727799999999
SNGLS/BTC,1609523255901,2021-01-01T17:47:35.901Z,sell,2.5e-07,79130.0,0.0197824999999999
SNGLS/BTC,1609523256963,2021-01-01T17:47:36.963Z,sell,2.5e-07,440.0,0.0001099999999999
SNGLS/BTC,1609523257201,2021-01-01T17:47:37.201Z,buy,2.6e-07,114255.0,0.0297063
SNGLS/BTC,1609523258797,2021-01-01T17:47:38.797Z,buy,2.6e-07,16133.0,0.00419458
SNGLS/BTC,1609523260153,2021-01-01T17:47:40.153Z,buy,2.6e-07,215795.0,0.0561067
SNGLS/BTC,1609523260190,2021-01-01T17:47:40.190Z,buy,2.6e-07,52204.0,0.01357304
SNGLS/BTC,1609523260345,2021-01-01T17:47:40.345Z,buy,2.6e-07,168727.0,0.04386902
SNGLS/BTC,1609523260734,2021-01-01T17:47:40.734Z,buy,2.6e-07,45018.0,0.01170468
SNGLS/BTC,1609523260933,2021-01-01T17:47:40.933Z,buy,2.6e-07,35225.0,0.0091585
SNGLS/BTC,1609523261455,2021-01-01T17:47:41.455Z,buy,2.6e-07,4276.0,0.00111176
SNGLS/BTC,1609523261550,2021-01-01T17:47:41.550Z,buy,2.6e-07,14089.0,0.00366314
SNGLS/BTC,1609523261645,2021-01-01T17:47:41.645Z,buy,2.6e-07,4698.0,0.00122148
SNGLS/BTC,1609523262065,2021-01-01T17:47:42.065Z,buy,2.6e-07,513603.0,0.13353678
SNGLS/BTC,1609523262432,2021-01-01T17:47:42.432Z,buy,2.6e-07,6599.0,0.0017157399999999
SNGLS/BTC,1609523262516,2021-01-01T17:47:42.516Z,buy,2.6e-07,21744.0,0.00565344
SNGLS/BTC,1609523262873,2021-01-01T17:47:42.873Z,buy,2.6e-07,188026.0,0.04888676
SNGLS/BTC,1609523262901,2021-01-01T17:47:42.901Z,buy,2.6e-07,17000.0,0.00442
SNGLS/BTC,1609523263330,2021-01-01T17:47:43.330Z,buy,2.6e-07,100000.0,0.026
SNGLS/BTC,1609523263579,2021-01-01T17:47:43.579Z,buy,2.6e-07,10000.0,0.0026
SNGLS/BTC,1609523263692,2021-01-01T17:47:43.692Z,buy,2.6e-07,889.0,0.0002311399999999
SNGLS/BTC,1609523263823,2021-01-01T17:47:43.823Z,buy,2.6e-07,45226.0,0.01175876
SNGLS/BTC,1609523264182,2021-01-01T17:47:44.182Z,buy,2.7e-07,4913.0,0.00132651
SNGLS/BTC,1609523265068,2021-01-01T17:47:45.068Z,buy,2.7e-07,14676.0,0.00396252
SNGLS/BTC,1609523265770,2021-01-01T17:47:45.770Z,sell,2.6e-07,1629.0,0.00042354
SNGLS/BTC,1609523266458,2021-01-01T17:47:46.458Z,buy,2.7e-07,5781.0,0.00156087
SNGLS/BTC,1609523267826,2021-01-01T17:47:47.826Z,sell,2.6e-07,29411.0,0.00764686
SNGLS/BTC,1609523267999,2021-01-01T17:47:47.999Z,sell,2.6e-07,5369.0,0.00139594
SNGLS/BTC,1609523268617,2021-01-01T17:47:48.617Z,buy,2.7e-07,19344.0,0.00522288
SNGLS/BTC,1609523269177,2021-01-01T17:47:49.177Z,buy,2.7e-07,33770.0,0.0091179
SNGLS/BTC,1609523269191,2021-01-01T17:47:49.191Z,buy,2.7e-07,5106.0,0.00137862
SNGLS/BTC,1609523269357,2021-01-01T17:47:49.357Z,sell,2.6e-07,60893.0,0.01583218
SNGLS/BTC,1609523269405,2021-01-01T17:47:49.405Z,buy,2.7e-07,17565.0,0.00474255
SNGLS/BTC,1609523269553,2021-01-01T17:47:49.553Z,buy,2.7e-07,2064.0,0.00055728
SNGLS/BTC,1609523269604,2021-01-01T17:47:49.604Z,buy,2.7e-07,204568.0,0.05523336
SNGLS/BTC,1609523269646,2021-01-01T17:47:49.646Z,buy,2.7e-07,1688.0,0.00045576
SNGLS/BTC,1609523271057,2021-01-01T17:47:51.057Z,buy,2.7e-07,82752.0,0.02234304
SNGLS/BTC,1609523271073,2021-01-01T17:47:51.073Z,buy,2.7e-07,1045.0,0.00028215
SNGLS/BTC,1609523271252,2021-01-01T17:47:51.252Z,sell,2.6e-07,500.0,0.00013
SNGLS/BTC,1609523271494,2021-01-01T17:47:51.494Z,buy,2.7e-07,1359455.0,0.36705285
SNGLS/BTC,1609523273601,2021-01-01T17:47:53.601Z,sell,2.7e-07,2500.0,0.000675
SNGLS/BTC,1609523274776,2021-01-01T17:47:54.776Z,buy,2.8e-07,4836.0,0.00135408
SNGLS/BTC,1609523275251,2021-01-01T17:47:55.251Z,buy,2.8e-07,17280.0,0.0048384
SNGLS/BTC,1609523275617,2021-01-01T17:47:55.617Z,sell,2.7e-07,48494.0,0.01309338
SNGLS/BTC,1609523276373,2021-01-01T17:47:56.373Z,sell,2.7e-07,4208.0,0.00113616
SNGLS/BTC,1609523277177,2021-01-01T17:47:57.177Z,sell,2.7e-07,30000.0,0.0081
SNGLS/BTC,1609523278151,2021-01-01T17:47:58.151Z,buy,2.8e-07,9452.0,0.00264656
SNGLS/BTC,1609523278151,2021-01-01T17:47:58.151Z,buy,2.8e-07,9452.0,0.00264656
SNGLS/BTC,1609523278330,2021-01-01T17:47:58.330Z,sell,2.7e-07,23615.0,0.00637605
SNGLS/BTC,1609523278636,2021-01-01T17:47:58.636Z,sell,2.7e-07,199800.0,0.053946
SNGLS/BTC,1609523278780,2021-01-01T17:47:58.780Z,buy,2.8e-07,19245.0,0.0053886
SNGLS/BTC,1609523278997,2021-01-01T17:47:58.997Z,sell,2.7e-07,6593.0,0.00178011
SNGLS/BTC,1609523279702,2021-01-01T17:47:59.702Z,sell,2.7e-07,183339.0,0.04950153
SNGLS/BTC,1609523279702,2021-01-01T17:47:59.702Z,sell,2.6e-07,228101.0,0.05930626
SNGLS/BTC,1609523279702,2021-01-01T17:47:59.702Z,sell,2.5e-07,101649.0,0.0254122499999999
SNGLS/BTC,1609523279725,2021-01-01T17:47:59.725Z,buy,2.8e-07,41024.0,0.01148672
SNGLS/BTC,1609523279907,2021-01-01T17:47:59.907Z,sell,2.7e-07,10626.0,0.00286902
SNGLS/BTC,1609523280459,2021-01-01T17:48:00.459Z,buy,2.7e-07,35500.0,0.009585
SNGLS/BTC,1609523280522,2021-01-01T17:48:00.522Z,buy,2.7e-07,1433.0,0.00038691
SNGLS/BTC,1609523280766,2021-01-01T17:48:00.766Z,sell,2.6e-07,556.0,0.00014456
SNGLS/BTC,1609523281361,2021-01-01T17:48:01.361Z,buy,2.7e-07,8633.0,0.00233091
SNGLS/BTC,1609523281423,2021-01-01T17:48:01.423Z,buy,2.7e-07,39110.0,0.0105597
SNGLS/BTC,1609523281641,2021-01-01T17:48:01.641Z,buy,2.7e-07,5574.0,0.00150498
SNGLS/BTC,1609523281662,2021-01-01T17:48:01.662Z,buy,2.7e-07,9622.0,0.00259794
SNGLS/BTC,1609523281975,2021-01-01T17:48:01.975Z,buy,2.7e-07,2932.0,0.00079164
SNGLS/BTC,1609523282454,2021-01-01T17:48:02.454Z,buy,2.7e-07,5165.0,0.00139455
SNGLS/BTC,1609523282837,2021-01-01T17:48:02.837Z,sell,2.6e-07,146885.0,0.0381901
SNGLS/BTC,1609523282837,2021-01-01T17:48:02.837Z,sell,2.6e-07,13815.0,0.0035919
SNGLS/BTC,1609523282851,2021-01-01T17:48:02.851Z,buy,2.7e-07,689.0,0.00018603
SNGLS/BTC,1609523282928,2021-01-01T17:48:02.928Z,buy,2.7e-07,4455.0,0.00120285
SNGLS/BTC,1609523283087,2021-01-01T17:48:03.087Z,buy,2.7e-07,10105.0,0.00272835
SNGLS/BTC,1609523283518,2021-01-01T17:48:03.518Z,buy,2.7e-07,11647.0,0.00314469
SNGLS/BTC,1609523283611,2021-01-01T17:48:03.611Z,buy,2.7e-07,60946.0,0.01645542
SNGLS/BTC,1609523283972,2021-01-01T17:48:03.972Z,sell,2.6e-07,27964.0,0.00727064
SNGLS/BTC,1609523284059,2021-01-01T17:48:04.059Z,buy,2.7e-07,11097.0,0.00299619
SNGLS/BTC,1609523284220,2021-01-01T17:48:04.220Z,buy,2.7e-07,4455.0,0.00120285
SNGLS/BTC,1609523284838,2021-01-01T17:48:04.838Z,buy,2.7e-07,187362.0,0.05058774
SNGLS/BTC,1609523284838,2021-01-01T17:48:04.838Z,buy,2.8e-07,3715723.0,1.04040244
SNGLS/BTC,1609523286159,2021-01-01T17:48:06.159Z,sell,2.8e-07,2997.0,0.00083916
SNGLS/BTC,1609523286259,2021-01-01T17:48:06.259Z,sell,2.8e-07,32055.0,0.0089754
SNGLS/BTC,1609523286568,2021-01-01T17:48:06.568Z,sell,2.8e-07,15509.0,0.00434252
SNGLS/BTC,1609523286662,2021-01-01T17:48:06.662Z,sell,2.8e-07,16092.0,0.00450576
SNGLS/BTC,1609523287444,2021-01-01T17:48:07.444Z,sell,2.8e-07,28358.0,0.00794024
SNGLS/BTC,1609523289340,2021-01-01T17:48:09.340Z,sell,2.8e-07,5245.0,0.0014686
SNGLS/BTC,1609523289478,2021-01-01T17:48:09.478Z,sell,2.8e-07,229332.0,0.06421296
SNGLS/BTC,1609523290355,2021-01-01T17:48:10.355Z,sell,2.8e-07,2000.0,0.00056
SNGLS/BTC,1609523290978,2021-01-01T17:48:10.978Z,buy,2.9e-07,6132.0,0.00177828
