symbol,timestamp,datetime,side,price,amount,btc_volume
SNGLS/BTC,1560704696115,2019-06-16T17:04:56.115Z,buy,1.97e-06,158.0,0.00031126
SNGLS/BTC,1560704696170,2019-06-16T17:04:56.170Z,sell,1.96e-06,629.0,0.00123284
SNGLS/BTC,1560704770969,2019-06-16T17:06:10.969Z,buy,1.97e-06,181.0,0.00035657
SNGLS/BTC,1560704771002,2019-06-16T17:06:11.002Z,sell,1.96e-06,680.0,0.0013327999999999
SNGLS/BTC,1560704833178,2019-06-16T17:07:13.178Z,sell,1.96e-06,2665.0,0.0052234
SNGLS/BTC,1560704834360,2019-06-16T17:07:14.360Z,sell,1.96e-06,1088.0,0.00213248
SNGLS/BTC,1560704841354,2019-06-16T17:07:21.354Z,buy,1.96e-06,1561.0,0.00305956
SNGLS/BTC,1560704868096,2019-06-16T17:07:48.096Z,sell,1.95e-06,2479.0,0.00483405
SNGLS/BTC,1560704882555,2019-06-16T17:08:02.555Z,buy,1.96e-06,993.0,0.0019462799999999
SNGLS/BTC,1560704992574,2019-06-16T17:09:52.574Z,buy,1.96e-06,819.0,0.00160524
SNGLS/BTC,1560705057074,2019-06-16T17:10:57.074Z,buy,1.97e-06,600.0,0.001182
SNGLS/BTC,1560705671738,2019-06-16T17:21:11.738Z,sell,1.95e-06,50000.0,0.0975
SNGLS/BTC,1560705754092,2019-06-16T17:22:34.092Z,buy,1.96e-06,613.0,0.00120148
SNGLS/BTC,1560705803295,2019-06-16T17:23:23.295Z,buy,1.96e-06,5684.0,0.0111406399999999
SNGLS/BTC,1560705804391,2019-06-16T17:23:24.391Z,buy,1.96e-06,3784.0,0.0074166399999999
SNGLS/BTC,1560706283174,2019-06-16T17:31:23.174Z,buy,1.96e-06,5102.0,0.0099999199999999
SNGLS/BTC,1560706433221,2019-06-16T17:33:53.221Z,buy,1.96e-06,6178.0,0.0121088799999999
SNGLS/BTC,1560706469477,2019-06-16T17:34:29.477Z,buy,1.97e-06,4195.0,0.00826415
SNGLS/BTC,1560706506017,2019-06-16T17:35:06.017Z,buy,1.97e-06,175.0,0.00034475
SNGLS/BTC,1560706579620,2019-06-16T17:36:19.620Z,sell,1.96e-06,3032.0,0.0059427199999999
SNGLS/BTC,1560706646475,2019-06-16T17:37:26.475Z,sell,1.96e-06,4595.0,0.0090061999999999
SNGLS/BTC,1560706791186,2019-06-16T17:39:51.186Z,sell,1.96e-06,4081.0,0.0079987599999999
SNGLS/BTC,1560706796286,2019-06-16T17:39:56.286Z,sell,1.96e-06,12863.0,0.0252114799999999
SNGLS/BTC,1560706796286,2019-06-16T17:39:56.286Z,sell,1.95e-06,24967.0,0.04868565
SNGLS/BTC,1560706796286,2019-06-16T17:39:56.286Z,sell,1.94e-06,43051.0,0.08351894
SNGLS/BTC,1560706796286,2019-06-16T17:39:56.286Z,sell,1.93e-06,131310.0,0.2534283
SNGLS/BTC,1560706796305,2019-06-16T17:39:56.305Z,buy,1.94e-06,31197.0,0.06052218
SNGLS/BTC,1560706798943,2019-06-16T17:39:58.943Z,buy,1.96e-06,1030.0,0.0020188
SNGLS/BTC,1560706799380,2019-06-16T17:39:59.380Z,sell,1.95e-06,1134.0,0.0022113
SNGLS/BTC,1560706809459,2019-06-16T17:40:09.459Z,sell,1.95e-06,518.0,0.0010100999999999
SNGLS/BTC,1560706827313,2019-06-16T17:40:27.313Z,buy,1.96e-06,1025.0,0.002009
SNGLS/BTC,1560706936928,2019-06-16T17:42:16.928Z,sell,1.95e-06,104066.0,0.2029287
SNGLS/BTC,1560706938454,2019-06-16T17:42:18.454Z,sell,1.94e-06,27751.0,0.05383694
SNGLS/BTC,1560707170569,2019-06-16T17:46:10.569Z,sell,1.95e-06,3497.0,0.0068191499999999
SNGLS/BTC,1560707170569,2019-06-16T17:46:10.569Z,sell,1.94e-06,787.0,0.00152678
SNGLS/BTC,1560707429001,2019-06-16T17:50:29.001Z,buy,1.96e-06,1030.0,0.0020188
SNGLS/BTC,1560707430502,2019-06-16T17:50:30.502Z,buy,1.96e-06,1025.0,0.002009
SNGLS/BTC,1560707465858,2019-06-16T17:51:05.858Z,buy,1.96e-06,11540.0,0.0226183999999999
SNGLS/BTC,1560707475606,2019-06-16T17:51:15.606Z,buy,1.96e-06,4886.0,0.00957656
SNGLS/BTC,1560707502690,2019-06-16T17:51:42.690Z,sell,1.96e-06,5167.0,0.0101273199999999
SNGLS/BTC,1560707721831,2019-06-16T17:55:21.831Z,sell,1.96e-06,5332.0,0.01045072
SNGLS/BTC,1560707725149,2019-06-16T17:55:25.149Z,buy,1.97e-06,150.0,0.0002955
SNGLS/BTC,1560707733744,2019-06-16T17:55:33.744Z,sell,1.96e-06,10204.0,0.0199998399999999
SNGLS/BTC,1560707773777,2019-06-16T17:56:13.777Z,buy,1.97e-06,151.0,0.00029747
SNGLS/BTC,1560707789782,2019-06-16T17:56:29.782Z,buy,1.97e-06,172.0,0.00033884
SNGLS/BTC,1560707819864,2019-06-16T17:56:59.864Z,sell,1.96e-06,5809.0,0.0113856399999999
SNGLS/BTC,1560707830054,2019-06-16T17:57:10.054Z,sell,1.96e-06,2284.0,0.00447664
SNGLS/BTC,1560707845140,2019-06-16T17:57:25.140Z,sell,1.95e-06,1953.0,0.00380835
SNGLS/BTC,1560707845181,2019-06-16T17:57:25.181Z,buy,1.95e-06,3149.0,0.00614055
SNGLS/BTC,1560707924186,2019-06-16T17:58:44.186Z,buy,1.96e-06,11399.0,0.0223420399999999
SNGLS/BTC,1560707925245,2019-06-16T17:58:45.245Z,buy,1.96e-06,11209.0,0.02196964
SNGLS/BTC,1560707925245,2019-06-16T17:58:45.245Z,buy,1.96e-06,11209.0,0.02196964
SNGLS/BTC,1560708111806,2019-06-16T18:01:51.806Z,buy,1.96e-06,10621.0,0.0208171599999999
SNGLS/BTC,1560708244299,2019-06-16T18:04:04.299Z,buy,1.97e-06,4099.0,0.00807503
SNGLS/BTC,1560708306303,2019-06-16T18:05:06.303Z,buy,1.97e-06,18215.0,0.03588355
SNGLS/BTC,1560708327082,2019-06-16T18:05:27.082Z,buy,1.97e-06,7500.0,0.014775
SNGLS/BTC,1560708471818,2019-06-16T18:07:51.818Z,buy,1.97e-06,4984.0,0.00981848
SNGLS/BTC,1560708535307,2019-06-16T18:08:55.307Z,buy,1.97e-06,147.0,0.00028959
SNGLS/BTC,1560708540478,2019-06-16T18:09:00.478Z,buy,1.97e-06,174.0,0.00034278
SNGLS/BTC,1560708540488,2019-06-16T18:09:00.488Z,buy,1.97e-06,188.0,0.00037036
SNGLS/BTC,1560708597872,2019-06-16T18:09:57.872Z,sell,1.96e-06,4984.0,0.0097686399999999
SNGLS/BTC,1560708715387,2019-06-16T18:11:55.387Z,buy,1.97e-06,774.0,0.00152478
SNGLS/BTC,1560708980342,2019-06-16T18:16:20.342Z,buy,1.96e-06,4081.0,0.0079987599999999
SNGLS/BTC,1560709057028,2019-06-16T18:17:37.028Z,buy,1.97e-06,8331.0,0.01641207
SNGLS/BTC,1560709068836,2019-06-16T18:17:48.836Z,buy,1.97e-06,5930.0,0.0116821
SNGLS/BTC,1560709073948,2019-06-16T18:17:53.948Z,sell,1.96e-06,595.0,0.0011661999999999
SNGLS/BTC,1560709107827,2019-06-16T18:18:27.827Z,buy,1.96e-06,3701.0,0.0072539599999999
SNGLS/BTC,1560709131901,2019-06-16T18:18:51.901Z,buy,1.96e-06,561.0,0.0010995599999999
SNGLS/BTC,1560709131996,2019-06-16T18:18:51.996Z,buy,1.96e-06,2124.0,0.00416304
SNGLS/BTC,1560709132059,2019-06-16T18:18:52.059Z,buy,1.96e-06,512.0,0.00100352
SNGLS/BTC,1560709132432,2019-06-16T18:18:52.432Z,buy,1.96e-06,2723.0,0.0053370799999999
SNGLS/BTC,1560709133367,2019-06-16T18:18:53.367Z,sell,1.96e-06,8767.0,0.01718332
SNGLS/BTC,1560709133367,2019-06-16T18:18:53.367Z,sell,1.95e-06,1416.0,0.0027612
SNGLS/BTC,1560709133395,2019-06-16T18:18:53.395Z,buy,1.97e-06,1034.0,0.00203698
SNGLS/BTC,1560709136233,2019-06-16T18:18:56.233Z,sell,1.96e-06,751.0,0.0014719599999999
SNGLS/BTC,1560709157792,2019-06-16T18:19:17.792Z,buy,1.97e-06,3372.0,0.00664284
SNGLS/BTC,1560709287779,2019-06-16T18:21:27.779Z,buy,1.97e-06,96337.0,0.18978389
SNGLS/BTC,1560709328226,2019-06-16T18:22:08.226Z,sell,1.97e-06,10204.0,0.02010188
SNGLS/BTC,1560709350152,2019-06-16T18:22:30.152Z,sell,1.97e-06,3672.0,0.00723384
SNGLS/BTC,1560709368402,2019-06-16T18:22:48.402Z,sell,1.96e-06,2947.0,0.00577612
SNGLS/BTC,1560709661179,2019-06-16T18:27:41.179Z,buy,1.97e-06,558.0,0.00109926
SNGLS/BTC,1560709706021,2019-06-16T18:28:26.021Z,sell,1.96e-06,649.0,0.0012720399999999
SNGLS/BTC,1560709817540,2019-06-16T18:30:17.540Z,buy,1.97e-06,186.0,0.00036642
SNGLS/BTC,1560709987107,2019-06-16T18:33:07.107Z,buy,1.97e-06,153.0,0.00030141
SNGLS/BTC,1560710342598,2019-06-16T18:39:02.598Z,buy,1.97e-06,7010.0,0.0138097
SNGLS/BTC,1560710582062,2019-06-16T18:43:02.062Z,sell,1.96e-06,1346.0,0.0026381599999999
SNGLS/BTC,1560710582062,2019-06-16T18:43:02.062Z,sell,1.95e-06,34187.0,0.0666646499999999
SNGLS/BTC,1560710582081,2019-06-16T18:43:02.081Z,buy,1.95e-06,3377.0,0.00658515
SNGLS/BTC,1560710582082,2019-06-16T18:43:02.082Z,buy,1.95e-06,7155.0,0.01395225
SNGLS/BTC,1560710582088,2019-06-16T18:43:02.088Z,buy,1.95e-06,755.0,0.00147225
SNGLS/BTC,1560710602810,2019-06-16T18:43:22.810Z,sell,1.94e-06,20456.0,0.03968464
SNGLS/BTC,1560710603082,2019-06-16T18:43:23.082Z,buy,1.94e-06,2533.0,0.00491402
SNGLS/BTC,1560710603440,2019-06-16T18:43:23.440Z,buy,1.96e-06,1928.0,0.0037788799999999
SNGLS/BTC,1560710603894,2019-06-16T18:43:23.894Z,sell,1.95e-06,755.0,0.00147225
SNGLS/BTC,1560710633540,2019-06-16T18:43:53.540Z,buy,1.96e-06,5555.0,0.0108878
SNGLS/BTC,1560710991932,2019-06-16T18:49:51.932Z,buy,1.96e-06,9512.0,0.01864352
SNGLS/BTC,1560711103308,2019-06-16T18:51:43.308Z,buy,1.97e-06,26181.0,0.05157657
SNGLS/BTC,1560711283839,2019-06-16T18:54:43.839Z,sell,1.96e-06,7994.0,0.01566824
SNGLS/BTC,1560711294783,2019-06-16T18:54:54.783Z,sell,1.96e-06,288.0,0.00056448
SNGLS/BTC,1560711325500,2019-06-16T18:55:25.500Z,buy,1.96e-06,538.0,0.00105448
SNGLS/BTC,1560711468719,2019-06-16T18:57:48.719Z,buy,1.96e-06,170.0,0.0003331999999999
SNGLS/BTC,1560711478750,2019-06-16T18:57:58.750Z,sell,1.95e-06,999.0,0.00194805
SNGLS/BTC,1560711478750,2019-06-16T18:57:58.750Z,sell,1.95e-06,999.0,0.00194805
SNGLS/BTC,1560711619660,2019-06-16T19:00:19.660Z,buy,1.96e-06,1030.0,0.0020188
SNGLS/BTC,1560711693747,2019-06-16T19:01:33.747Z,buy,1.97e-06,813.0,0.00160161
SNGLS/BTC,1560711695424,2019-06-16T19:01:35.424Z,buy,1.97e-06,4236.0,0.00834492
SNGLS/BTC,1560711825316,2019-06-16T19:03:45.316Z,sell,1.96e-06,751.0,0.0014719599999999
SNGLS/BTC,1560711842827,2019-06-16T19:04:02.827Z,buy,1.96e-06,18988.0,0.0372164799999999
SNGLS/BTC,1560711943886,2019-06-16T19:05:43.886Z,sell,1.96e-06,914.0,0.0017914399999999
SNGLS/BTC,1560712197982,2019-06-16T19:09:57.982Z,sell,1.96e-06,823.0,0.0016130799999999
SNGLS/BTC,1560712198254,2019-06-16T19:09:58.254Z,sell,1.96e-06,1647.0,0.0032281199999999
SNGLS/BTC,1560712410529,2019-06-16T19:13:30.529Z,buy,1.96e-06,29972.0,0.05874512
SNGLS/BTC,1560712413098,2019-06-16T19:13:33.098Z,sell,1.96e-06,550.0,0.001078
SNGLS/BTC,1560712417955,2019-06-16T19:13:37.955Z,sell,1.96e-06,3248.0,0.00636608
SNGLS/BTC,1560712734437,2019-06-16T19:18:54.437Z,sell,1.96e-06,5934.0,0.01163064
SNGLS/BTC,1560712768527,2019-06-16T19:19:28.527Z,sell,1.96e-06,3957.0,0.00775572
SNGLS/BTC,1560712814730,2019-06-16T19:20:14.730Z,sell,1.96e-06,15109.0,0.0296136399999999
SNGLS/BTC,1560712994225,2019-06-16T19:23:14.225Z,sell,1.96e-06,4191.0,0.0082143599999999
SNGLS/BTC,1560712995495,2019-06-16T19:23:15.495Z,sell,1.96e-06,8654.0,0.01696184
SNGLS/BTC,1560713275015,2019-06-16T19:27:55.015Z,sell,1.96e-06,3460.0,0.0067816
SNGLS/BTC,1560713321295,2019-06-16T19:28:41.295Z,buy,1.97e-06,69168.0,0.13626096
SNGLS/BTC,1560713321329,2019-06-16T19:28:41.329Z,sell,1.97e-06,1151.0,0.00226747
SNGLS/BTC,1560713335257,2019-06-16T19:28:55.257Z,buy,1.97e-06,1472.0,0.00289984
SNGLS/BTC,1560713360426,2019-06-16T19:29:20.426Z,buy,1.98e-06,76961.0,0.15238278
SNGLS/BTC,1560713360426,2019-06-16T19:29:20.426Z,buy,1.98e-06,12106.0,0.02396988
SNGLS/BTC,1560713360426,2019-06-16T19:29:20.426Z,buy,1.98e-06,3105.0,0.0061479
SNGLS/BTC,1560713360426,2019-06-16T19:29:20.426Z,buy,1.98e-06,3105.0,0.0061479
SNGLS/BTC,1560713509750,2019-06-16T19:31:49.750Z,sell,1.97e-06,728.0,0.00143416
SNGLS/BTC,1560713567537,2019-06-16T19:32:47.537Z,sell,1.97e-06,23.0,4.5310000000000005e-05
SNGLS/BTC,1560713731939,2019-06-16T19:35:31.939Z,sell,1.96e-06,27229.0,0.0533688399999999
SNGLS/BTC,1560713859373,2019-06-16T19:37:39.373Z,buy,1.98e-06,50505.0,0.0999999
SNGLS/BTC,1560713859648,2019-06-16T19:37:39.648Z,buy,1.98e-06,20426.0,0.04044348
SNGLS/BTC,1560713859720,2019-06-16T19:37:39.720Z,sell,1.98e-06,6061.0,0.01200078
SNGLS/BTC,1560713859823,2019-06-16T19:37:39.823Z,sell,1.98e-06,5319.0,0.01053162
SNGLS/BTC,1560713880772,2019-06-16T19:38:00.772Z,sell,1.98e-06,8257.0,0.01634886
SNGLS/BTC,1560713880778,2019-06-16T19:38:00.778Z,sell,1.98e-06,3064.0,0.00606672
SNGLS/BTC,1560713883196,2019-06-16T19:38:03.196Z,sell,1.98e-06,5659.0,0.01120482
SNGLS/BTC,1560713891848,2019-06-16T19:38:11.848Z,sell,1.98e-06,560.0,0.0011088
SNGLS/BTC,1560713964640,2019-06-16T19:39:24.640Z,sell,1.98e-06,561.0,0.00111078
SNGLS/BTC,1560713971624,2019-06-16T19:39:31.624Z,buy,1.99e-06,22165.0,0.04410835
SNGLS/BTC,1560713971624,2019-06-16T19:39:31.624Z,buy,1.99e-06,550.0,0.0010945
SNGLS/BTC,1560713994771,2019-06-16T19:39:54.771Z,sell,1.98e-06,7110.0,0.0140778
SNGLS/BTC,1560714187150,2019-06-16T19:43:07.150Z,sell,1.98e-06,1886.0,0.00373428
SNGLS/BTC,1560714228215,2019-06-16T19:43:48.215Z,sell,1.98e-06,2371.0,0.00469458
SNGLS/BTC,1560714239489,2019-06-16T19:43:59.489Z,sell,1.98e-06,3065.0,0.0060687
SNGLS/BTC,1560714239489,2019-06-16T19:43:59.489Z,sell,1.98e-06,1185.0,0.0023463
SNGLS/BTC,1560714239490,2019-06-16T19:43:59.490Z,sell,1.98e-06,8257.0,0.01634886
SNGLS/BTC,1560714245456,2019-06-16T19:44:05.456Z,sell,1.98e-06,512.0,0.00101376
SNGLS/BTC,1560714368172,2019-06-16T19:46:08.172Z,sell,1.98e-06,14176.0,0.02806848
SNGLS/BTC,1560714694959,2019-06-16T19:51:34.959Z,sell,1.98e-06,619.0,0.00122562
SNGLS/BTC,1560714694959,2019-06-16T19:51:34.959Z,sell,1.98e-06,619.0,0.00122562
SNGLS/BTC,1560715326363,2019-06-16T20:02:06.363Z,sell,1.98e-06,19902.0,0.03940596
SNGLS/BTC,1560715363873,2019-06-16T20:02:43.873Z,sell,1.98e-06,41251.0,0.08167698
SNGLS/BTC,1560715398807,2019-06-16T20:03:18.807Z,buy,1.99e-06,5000.0,0.00995
SNGLS/BTC,1560715624365,2019-06-16T20:07:04.365Z,buy,1.99e-06,3808.0,0.00757792
SNGLS/BTC,1560715630755,2019-06-16T20:07:10.755Z,buy,2e-06,1500.0,0.003
SNGLS/BTC,1560715631550,2019-06-16T20:07:11.550Z,sell,1.99e-06,511.0,0.00101689
SNGLS/BTC,1560715780042,2019-06-16T20:09:40.042Z,sell,1.99e-06,10000.0,0.0199
SNGLS/BTC,1560715869107,2019-06-16T20:11:09.107Z,sell,1.99e-06,3712.0,0.00738688
SNGLS/BTC,1560715885499,2019-06-16T20:11:25.499Z,sell,1.98e-06,1034.0,0.00204732
SNGLS/BTC,1560715925418,2019-06-16T20:12:05.418Z,sell,1.98e-06,53667.0,0.10626066
SNGLS/BTC,1560715931917,2019-06-16T20:12:11.917Z,sell,1.98e-06,110103.0,0.21800394
SNGLS/BTC,1560715960255,2019-06-16T20:12:40.255Z,sell,1.98e-06,943.0,0.00186714
SNGLS/BTC,1560716024807,2019-06-16T20:13:44.807Z,sell,1.98e-06,2231.0,0.00441738
SNGLS/BTC,1560716237547,2019-06-16T20:17:17.547Z,sell,1.98e-06,10141.0,0.02007918
SNGLS/BTC,1560716470056,2019-06-16T20:21:10.056Z,buy,1.99e-06,10478.0,0.02085122
SNGLS/BTC,1560716470056,2019-06-16T20:21:10.056Z,buy,2e-06,23843.0,0.047686
SNGLS/BTC,1560716470470,2019-06-16T20:21:10.470Z,buy,2e-06,753.0,0.001506
SNGLS/BTC,1560716478169,2019-06-16T20:21:18.169Z,sell,1.99e-06,4903.0,0.00975697
SNGLS/BTC,1560716491331,2019-06-16T20:21:31.331Z,buy,2e-06,6539.0,0.013078
SNGLS/BTC,1560716492991,2019-06-16T20:21:32.991Z,sell,1.99e-06,1430.0,0.0028457
SNGLS/BTC,1560716495497,2019-06-16T20:21:35.497Z,sell,1.99e-06,4477.0,0.00890923
SNGLS/BTC,1560716514304,2019-06-16T20:21:54.304Z,sell,1.99e-06,3529.0,0.00702271
SNGLS/BTC,1560716524398,2019-06-16T20:22:04.398Z,sell,1.99e-06,3987.0,0.00793413
SNGLS/BTC,1560716563749,2019-06-16T20:22:43.749Z,sell,1.98e-06,49679.0,0.09836442
SNGLS/BTC,1560716585513,2019-06-16T20:23:05.513Z,buy,1.99e-06,4761.0,0.00947439
SNGLS/BTC,1560716588446,2019-06-16T20:23:08.446Z,sell,1.98e-06,2129.0,0.00421542
SNGLS/BTC,1560716593272,2019-06-16T20:23:13.272Z,buy,1.99e-06,419.0,0.00083381
SNGLS/BTC,1560716654251,2019-06-16T20:24:14.251Z,buy,2e-06,1135.0,0.00227
SNGLS/BTC,1560716710855,2019-06-16T20:25:10.855Z,buy,2e-06,121648.0,0.2432959999999999
SNGLS/BTC,1560716760128,2019-06-16T20:26:00.128Z,buy,2e-06,1873.0,0.0037459999999999
SNGLS/BTC,1560716937556,2019-06-16T20:28:57.556Z,buy,2e-06,4000.0,0.008
SNGLS/BTC,1560717069286,2019-06-16T20:31:09.286Z,sell,1.99e-06,585.0,0.00116415
SNGLS/BTC,1560717185488,2019-06-16T20:33:05.488Z,buy,2e-06,875.0,0.0017499999999999
SNGLS/BTC,1560717194106,2019-06-16T20:33:14.106Z,buy,2e-06,791.0,0.0015819999999999
SNGLS/BTC,1560717354836,2019-06-16T20:35:54.836Z,sell,1.99e-06,34222.0,0.06810178
SNGLS/BTC,1560717359243,2019-06-16T20:35:59.243Z,sell,1.99e-06,11601.0,0.02308599
SNGLS/BTC,1560717447557,2019-06-16T20:37:27.557Z,sell,1.99e-06,66852.0,0.13303548
SNGLS/BTC,1560717540626,2019-06-16T20:39:00.626Z,sell,1.99e-06,2500.0,0.004975
SNGLS/BTC,1560717566821,2019-06-16T20:39:26.821Z,buy,2e-06,500.0,0.001
SNGLS/BTC,1560717641267,2019-06-16T20:40:41.267Z,buy,2e-06,505.0,0.00101
SNGLS/BTC,1560717686694,2019-06-16T20:41:26.694Z,buy,2e-06,1110.0,0.0022199999999999
SNGLS/BTC,1560717868184,2019-06-16T20:44:28.184Z,sell,1.99e-06,35967.0,0.07157433
SNGLS/BTC,1560717886938,2019-06-16T20:44:46.938Z,buy,2e-06,6577.0,0.0131539999999999
SNGLS/BTC,1560718006912,2019-06-16T20:46:46.912Z,sell,1.99e-06,15107.0,0.03006293
SNGLS/BTC,1560718204605,2019-06-16T20:50:04.605Z,sell,1.98e-06,2496.0,0.00494208
SNGLS/BTC,1560718229551,2019-06-16T20:50:29.551Z,buy,1.99e-06,10050.0,0.0199995
SNGLS/BTC,1560718248564,2019-06-16T20:50:48.564Z,buy,1.99e-06,7085.0,0.01409915
SNGLS/BTC,1560718256267,2019-06-16T20:50:56.267Z,buy,1.99e-06,1222.0,0.00243178
SNGLS/BTC,1560718273950,2019-06-16T20:51:13.950Z,buy,2e-06,4583.0,0.0091659999999999
SNGLS/BTC,1560718276980,2019-06-16T20:51:16.980Z,buy,2e-06,4000.0,0.008
SNGLS/BTC,1560718276980,2019-06-16T20:51:16.980Z,buy,2e-06,4000.0,0.008
SNGLS/BTC,1560718411700,2019-06-16T20:53:31.700Z,buy,2e-06,9318.0,0.018636
SNGLS/BTC,1560718411700,2019-06-16T20:53:31.700Z,buy,2.01e-06,4344.0,0.00873144
SNGLS/BTC,1560718418638,2019-06-16T20:53:38.638Z,sell,1.99e-06,1222.0,0.00243178
SNGLS/BTC,1560718469905,2019-06-16T20:54:29.905Z,buy,2e-06,2500.0,0.005
SNGLS/BTC,1560718493703,2019-06-16T20:54:53.703Z,buy,2e-06,7526.0,0.015052
SNGLS/BTC,1560718493883,2019-06-16T20:54:53.883Z,sell,2e-06,1796.0,0.0035919999999999
SNGLS/BTC,1560718626855,2019-06-16T20:57:06.855Z,sell,2e-06,731.0,0.001462
SNGLS/BTC,1560718639451,2019-06-16T20:57:19.451Z,buy,2.01e-06,6392.0,0.0128479199999999
SNGLS/BTC,1560718639591,2019-06-16T20:57:19.591Z,buy,2.01e-06,2389.0,0.00480189
SNGLS/BTC,1560718804563,2019-06-16T21:00:04.563Z,sell,1.99e-06,1035.0,0.00205965
SNGLS/BTC,1560718849963,2019-06-16T21:00:49.963Z,sell,1.99e-06,15605.0,0.03105395
SNGLS/BTC,1560718849963,2019-06-16T21:00:49.963Z,sell,1.98e-06,34900.0,0.069102
SNGLS/BTC,1560718852603,2019-06-16T21:00:52.603Z,buy,1.99e-06,4521.0,0.00899679
SNGLS/BTC,1560718867142,2019-06-16T21:01:07.142Z,sell,1.98e-06,13662.0,0.02705076
SNGLS/BTC,1560718885328,2019-06-16T21:01:25.328Z,sell,1.98e-06,591.0,0.00117018
SNGLS/BTC,1560718885328,2019-06-16T21:01:25.328Z,sell,1.97e-06,4409.0,0.00868573
SNGLS/BTC,1560718888876,2019-06-16T21:01:28.876Z,buy,1.98e-06,751.0,0.00148698
SNGLS/BTC,1560718913789,2019-06-16T21:01:53.789Z,sell,1.98e-06,6670.0,0.0132066
SNGLS/BTC,1560718914057,2019-06-16T21:01:54.057Z,sell,1.98e-06,9728.0,0.01926144
SNGLS/BTC,1560718928070,2019-06-16T21:02:08.070Z,buy,1.98e-06,15151.0,0.02999898
SNGLS/BTC,1560718933543,2019-06-16T21:02:13.543Z,buy,1.98e-06,9002.0,0.01782396
SNGLS/BTC,1560718982610,2019-06-16T21:03:02.610Z,buy,1.98e-06,506.0,0.00100188
SNGLS/BTC,1560719033845,2019-06-16T21:03:53.845Z,sell,1.97e-06,22146.0,0.04362762
SNGLS/BTC,1560719069266,2019-06-16T21:04:29.266Z,sell,1.97e-06,8936.0,0.01760392
SNGLS/BTC,1560719073391,2019-06-16T21:04:33.391Z,sell,1.96e-06,248453.0,0.4869678799999999
SNGLS/BTC,1560719073428,2019-06-16T21:04:33.428Z,buy,1.96e-06,6122.0,0.0119991199999999
SNGLS/BTC,1560719073490,2019-06-16T21:04:33.490Z,buy,1.96e-06,707.0,0.00138572
SNGLS/BTC,1560719073678,2019-06-16T21:04:33.678Z,buy,1.96e-06,3080.0,0.0060367999999999
SNGLS/BTC,1560719078566,2019-06-16T21:04:38.566Z,buy,1.97e-06,751.0,0.00147947
SNGLS/BTC,1560719103047,2019-06-16T21:05:03.047Z,sell,1.97e-06,10899.0,0.02147103
SNGLS/BTC,1560719103047,2019-06-16T21:05:03.047Z,sell,1.96e-06,236473.0,0.46348708
SNGLS/BTC,1560719211384,2019-06-16T21:06:51.384Z,sell,1.96e-06,6570.0,0.0128771999999999
SNGLS/BTC,1560719229681,2019-06-16T21:07:09.681Z,buy,1.98e-06,1000.0,0.00198
SNGLS/BTC,1560719451716,2019-06-16T21:10:51.716Z,buy,1.98e-06,1654.0,0.00327492
SNGLS/BTC,1560719931388,2019-06-16T21:18:51.388Z,sell,1.97e-06,25302.0,0.04984494
SNGLS/BTC,1560719945186,2019-06-16T21:19:05.186Z,sell,1.96e-06,9378.0,0.01838088
SNGLS/BTC,1560719945186,2019-06-16T21:19:05.186Z,sell,1.95e-06,11888.0,0.0231816
SNGLS/BTC,1560719946948,2019-06-16T21:19:06.948Z,sell,1.96e-06,751.0,0.0014719599999999
SNGLS/BTC,1560720222638,2019-06-16T21:23:42.638Z,buy,1.97e-06,2463.0,0.00485211
SNGLS/BTC,1560720257300,2019-06-16T21:24:17.300Z,buy,1.98e-06,12256.0,0.02426688
SNGLS/BTC,1560720257339,2019-06-16T21:24:17.339Z,sell,1.98e-06,3.0,5.940000000000001e-06
SNGLS/BTC,1560720259962,2019-06-16T21:24:19.962Z,sell,1.97e-06,751.0,0.00147947
SNGLS/BTC,1560720260114,2019-06-16T21:24:20.114Z,sell,1.96e-06,4060.0,0.0079575999999999
SNGLS/BTC,1560720268741,2019-06-16T21:24:28.741Z,buy,1.97e-06,2279.0,0.00448963
SNGLS/BTC,1560720277622,2019-06-16T21:24:37.622Z,buy,1.97e-06,25125.0,0.04949625
SNGLS/BTC,1560720299271,2019-06-16T21:24:59.271Z,sell,1.97e-06,4000.0,0.00788
SNGLS/BTC,1560720304120,2019-06-16T21:25:04.120Z,sell,1.97e-06,5002.0,0.00985394
SNGLS/BTC,1560720308874,2019-06-16T21:25:08.874Z,sell,1.97e-06,4000.0,0.00788
SNGLS/BTC,1560720315886,2019-06-16T21:25:15.886Z,sell,1.97e-06,4040.0,0.0079588
SNGLS/BTC,1560720321862,2019-06-16T21:25:21.862Z,sell,1.97e-06,589.0,0.00116033
SNGLS/BTC,1560720331920,2019-06-16T21:25:31.920Z,buy,1.97e-06,7537.0,0.01484789
SNGLS/BTC,1560720334086,2019-06-16T21:25:34.086Z,buy,1.97e-06,1924.0,0.00379028
SNGLS/BTC,1560720334086,2019-06-16T21:25:34.086Z,buy,1.98e-06,3152.0,0.00624096
SNGLS/BTC,1560720371196,2019-06-16T21:26:11.196Z,sell,1.96e-06,67167.0,0.1316473199999999
SNGLS/BTC,1560720372612,2019-06-16T21:26:12.612Z,buy,1.96e-06,1506.0,0.00295176
SNGLS/BTC,1560720510188,2019-06-16T21:28:30.188Z,buy,1.97e-06,14581.0,0.02872457
SNGLS/BTC,1560720510475,2019-06-16T21:28:30.475Z,sell,1.97e-06,1873.0,0.00368981
SNGLS/BTC,1560720519348,2019-06-16T21:28:39.348Z,sell,1.96e-06,1506.0,0.00295176
SNGLS/BTC,1560720642608,2019-06-16T21:30:42.608Z,sell,1.96e-06,4051.0,0.00793996
SNGLS/BTC,1560720792996,2019-06-16T21:33:12.996Z,buy,1.96e-06,12606.0,0.02470776
SNGLS/BTC,1560720796670,2019-06-16T21:33:16.670Z,buy,1.97e-06,558.0,0.00109926
SNGLS/BTC,1560720995983,2019-06-16T21:36:35.983Z,sell,1.96e-06,2630.0,0.0051547999999999
SNGLS/BTC,1560721139452,2019-06-16T21:38:59.452Z,buy,1.96e-06,5119.0,0.0100332399999999
SNGLS/BTC,1560721201972,2019-06-16T21:40:01.972Z,buy,1.96e-06,31791.0,0.0623103599999999
SNGLS/BTC,1560721221042,2019-06-16T21:40:21.042Z,buy,1.96e-06,1907.0,0.00373772
SNGLS/BTC,1560721246531,2019-06-16T21:40:46.531Z,buy,1.96e-06,639.0,0.0012524399999999
SNGLS/BTC,1560721467274,2019-06-16T21:44:27.274Z,buy,1.96e-06,1010.0,0.0019795999999999
SNGLS/BTC,1560721503094,2019-06-16T21:45:03.094Z,buy,1.96e-06,686.0,0.0013445599999999
SNGLS/BTC,1560721533879,2019-06-16T21:45:33.879Z,sell,1.95e-06,9900.0,0.019305
SNGLS/BTC,1560721542036,2019-06-16T21:45:42.036Z,sell,1.95e-06,790.0,0.0015405
SNGLS/BTC,1560721546644,2019-06-16T21:45:46.644Z,sell,1.95e-06,7085.0,0.01381575
SNGLS/BTC,1560721547522,2019-06-16T21:45:47.522Z,sell,1.95e-06,518.0,0.0010100999999999
SNGLS/BTC,1560721553146,2019-06-16T21:45:53.146Z,sell,1.95e-06,10050.0,0.0195975
SNGLS/BTC,1560721553723,2019-06-16T21:45:53.723Z,sell,1.95e-06,10191.0,0.01987245
SNGLS/BTC,1560721554295,2019-06-16T21:45:54.295Z,sell,1.95e-06,10050.0,0.0195975
SNGLS/BTC,1560721558594,2019-06-16T21:45:58.594Z,sell,1.95e-06,20304.0,0.0395928
SNGLS/BTC,1560721567829,2019-06-16T21:46:07.829Z,sell,1.95e-06,10204.0,0.0198978
SNGLS/BTC,1560721571944,2019-06-16T21:46:11.944Z,buy,1.96e-06,5102.0,0.0099999199999999
SNGLS/BTC,1560721773651,2019-06-16T21:49:33.651Z,buy,1.96e-06,19505.0,0.0382297999999999
SNGLS/BTC,1560721773651,2019-06-16T21:49:33.651Z,buy,1.96e-06,19505.0,0.0382297999999999
SNGLS/BTC,1560722588633,2019-06-16T22:03:08.633Z,sell,1.96e-06,3846.0,0.0075381599999999
SNGLS/BTC,1560722611804,2019-06-16T22:03:31.804Z,sell,1.96e-06,9870.0,0.0193452
SNGLS/BTC,1560722625373,2019-06-16T22:03:45.373Z,sell,1.95e-06,9615.0,0.01874925
SNGLS/BTC,1560722646249,2019-06-16T22:04:06.249Z,sell,1.95e-06,4761.0,0.00928395
SNGLS/BTC,1560722665442,2019-06-16T22:04:25.442Z,buy,1.96e-06,708.0,0.0013876799999999
SNGLS/BTC,1560722665614,2019-06-16T22:04:25.614Z,buy,1.96e-06,545.0,0.0010681999999999
SNGLS/BTC,1560722665889,2019-06-16T22:04:25.889Z,sell,1.95e-06,5026.0,0.0098006999999999
SNGLS/BTC,1560722675984,2019-06-16T22:04:35.984Z,sell,1.95e-06,9374.0,0.0182793
SNGLS/BTC,1560723041408,2019-06-16T22:10:41.408Z,buy,1.96e-06,582.0,0.00114072
SNGLS/BTC,1560723123079,2019-06-16T22:12:03.079Z,sell,1.95e-06,4878.0,0.0095120999999999
SNGLS/BTC,1560723141912,2019-06-16T22:12:21.912Z,sell,1.95e-06,9756.0,0.0190241999999999
SNGLS/BTC,1560723149525,2019-06-16T22:12:29.525Z,sell,1.95e-06,9756.0,0.0190241999999999
SNGLS/BTC,1560723153454,2019-06-16T22:12:33.454Z,sell,1.95e-06,1332.0,0.0025974
SNGLS/BTC,1560723175928,2019-06-16T22:12:55.928Z,sell,1.94e-06,7500.0,0.01455
SNGLS/BTC,1560723260461,2019-06-16T22:14:20.461Z,buy,1.95e-06,630.0,0.0012285
SNGLS/BTC,1560723423512,2019-06-16T22:17:03.512Z,buy,1.95e-06,3067.0,0.00598065
SNGLS/BTC,1560723471904,2019-06-16T22:17:51.904Z,sell,1.95e-06,742.0,0.0014468999999999
SNGLS/BTC,1560723527714,2019-06-16T22:18:47.714Z,sell,1.94e-06,842.0,0.00163348
SNGLS/BTC,1560723792851,2019-06-16T22:23:12.851Z,sell,1.95e-06,560.0,0.001092
SNGLS/BTC,1560723827715,2019-06-16T22:23:47.715Z,sell,1.94e-06,2507.0,0.00486358
SNGLS/BTC,1560723886295,2019-06-16T22:24:46.295Z,buy,1.95e-06,7500.0,0.0146249999999999
SNGLS/BTC,1560723975727,2019-06-16T22:26:15.727Z,sell,1.94e-06,2604.0,0.00505176
SNGLS/BTC,1560724157800,2019-06-16T22:29:17.800Z,buy,1.95e-06,1020.0,0.001989
SNGLS/BTC,1560724200122,2019-06-16T22:30:00.122Z,buy,1.95e-06,7136.0,0.0139151999999999
SNGLS/BTC,1560724200122,2019-06-16T22:30:00.122Z,buy,1.95e-06,7136.0,0.0139151999999999
SNGLS/BTC,1560725823420,2019-06-16T22:57:03.420Z,buy,1.96e-06,535.0,0.0010486
SNGLS/BTC,1560725824074,2019-06-16T22:57:04.074Z,sell,1.95e-06,4978.0,0.0097071
SNGLS/BTC,1560726647311,2019-06-16T23:10:47.311Z,buy,1.95e-06,852.0,0.0016614
SNGLS/BTC,1560726769325,2019-06-16T23:12:49.325Z,buy,1.95e-06,2582.0,0.0050349
SNGLS/BTC,1560726990272,2019-06-16T23:16:30.272Z,buy,1.95e-06,723.0,0.00140985
SNGLS/BTC,1560727090257,2019-06-16T23:18:10.257Z,buy,1.95e-06,2579.0,0.00502905
SNGLS/BTC,1560727169702,2019-06-16T23:19:29.702Z,sell,1.94e-06,4545.0,0.0088173
SNGLS/BTC,1560727169894,2019-06-16T23:19:29.894Z,buy,1.95e-06,4807.0,0.0093736499999999
SNGLS/BTC,1560727170305,2019-06-16T23:19:30.305Z,buy,1.95e-06,1536.0,0.0029952
SNGLS/BTC,1560727174489,2019-06-16T23:19:34.489Z,buy,1.95e-06,1026.0,0.0020007
SNGLS/BTC,1560727195341,2019-06-16T23:19:55.341Z,buy,1.95e-06,6119.0,0.01193205
SNGLS/BTC,1560727197821,2019-06-16T23:19:57.821Z,buy,1.95e-06,3205.0,0.00624975
SNGLS/BTC,1560727198154,2019-06-16T23:19:58.154Z,buy,1.95e-06,2500.0,0.004875
SNGLS/BTC,1560727204869,2019-06-16T23:20:04.869Z,buy,1.95e-06,2545.0,0.00496275
SNGLS/BTC,1560727223151,2019-06-16T23:20:23.151Z,sell,1.95e-06,913.0,0.00178035
SNGLS/BTC,1560727421453,2019-06-16T23:23:41.453Z,buy,1.96e-06,2570.0,0.0050371999999999
SNGLS/BTC,1560727428752,2019-06-16T23:23:48.752Z,sell,1.95e-06,3076.0,0.0059981999999999
SNGLS/BTC,1560727493588,2019-06-16T23:24:53.588Z,sell,1.95e-06,2498.0,0.0048711
SNGLS/BTC,1560727504151,2019-06-16T23:25:04.151Z,buy,1.95e-06,3621.0,0.00706095
SNGLS/BTC,1560727518148,2019-06-16T23:25:18.148Z,buy,1.96e-06,56183.0,0.11011868
SNGLS/BTC,1560727658309,2019-06-16T23:27:38.309Z,buy,1.96e-06,2475.0,0.0048509999999999
SNGLS/BTC,1560727736404,2019-06-16T23:28:56.404Z,sell,1.95e-06,53443.0,0.10421385
SNGLS/BTC,1560727736404,2019-06-16T23:28:56.404Z,sell,1.94e-06,132233.0,0.25653202
SNGLS/BTC,1560727736404,2019-06-16T23:28:56.404Z,sell,1.93e-06,73838.0,0.14250734
SNGLS/BTC,1560727736652,2019-06-16T23:28:56.652Z,buy,1.96e-06,2572.0,0.00504112
SNGLS/BTC,1560727738413,2019-06-16T23:28:58.413Z,sell,1.93e-06,524.0,0.00101132
SNGLS/BTC,1560727759961,2019-06-16T23:29:19.961Z,buy,1.95e-06,741.0,0.00144495
SNGLS/BTC,1560727768568,2019-06-16T23:29:28.568Z,buy,1.95e-06,153.0,0.00029835
SNGLS/BTC,1560727780711,2019-06-16T23:29:40.711Z,buy,1.94e-06,533.0,0.00103402
SNGLS/BTC,1560727786445,2019-06-16T23:29:46.445Z,buy,1.95e-06,240.0,0.000468
SNGLS/BTC,1560727786445,2019-06-16T23:29:46.445Z,buy,1.96e-06,788.0,0.00154448
SNGLS/BTC,1560727798374,2019-06-16T23:29:58.374Z,sell,1.95e-06,751.0,0.00146445
SNGLS/BTC,1560727799314,2019-06-16T23:29:59.314Z,buy,1.95e-06,3011.0,0.00587145
SNGLS/BTC,1560727799314,2019-06-16T23:29:59.314Z,buy,1.95e-06,3011.0,0.00587145
SNGLS/BTC,1560727804832,2019-06-16T23:30:04.832Z,sell,1.95e-06,1689.0,0.00329355
SNGLS/BTC,1560728035188,2019-06-16T23:33:55.188Z,buy,1.95e-06,2273.0,0.00443235
SNGLS/BTC,1560728077992,2019-06-16T23:34:37.992Z,buy,1.95e-06,12034.0,0.0234663
SNGLS/BTC,1560728172283,2019-06-16T23:36:12.283Z,buy,1.96e-06,147.0,0.00028812
SNGLS/BTC,1560728246704,2019-06-16T23:37:26.704Z,buy,1.96e-06,3958.0,0.0077576799999999
SNGLS/BTC,1560728277915,2019-06-16T23:37:57.915Z,buy,1.96e-06,178.0,0.00034888
SNGLS/BTC,1560728311198,2019-06-16T23:38:31.198Z,buy,1.96e-06,157.0,0.00030772
SNGLS/BTC,1560728409725,2019-06-16T23:40:09.725Z,buy,1.96e-06,840.0,0.0016464
SNGLS/BTC,1560728409913,2019-06-16T23:40:09.913Z,buy,1.96e-06,1198.0,0.00234808
SNGLS/BTC,1560728410127,2019-06-16T23:40:10.127Z,buy,1.96e-06,744.0,0.00145824
SNGLS/BTC,1560728451241,2019-06-16T23:40:51.241Z,sell,1.95e-06,4700.0,0.009165
SNGLS/BTC,1560728528721,2019-06-16T23:42:08.721Z,buy,1.96e-06,145.0,0.0002841999999999
SNGLS/BTC,1560728541641,2019-06-16T23:42:21.641Z,buy,1.96e-06,191.0,0.0003743599999999
SNGLS/BTC,1560728580258,2019-06-16T23:43:00.258Z,buy,1.96e-06,161.0,0.00031556
SNGLS/BTC,1560728610095,2019-06-16T23:43:30.095Z,buy,1.96e-06,191.0,0.0003743599999999
SNGLS/BTC,1560728761651,2019-06-16T23:46:01.651Z,buy,1.96e-06,515.0,0.0010094
SNGLS/BTC,1560728764416,2019-06-16T23:46:04.416Z,buy,1.96e-06,512.0,0.00100352
SNGLS/BTC,1560728767149,2019-06-16T23:46:07.149Z,buy,1.96e-06,512.0,0.00100352
SNGLS/BTC,1560728770587,2019-06-16T23:46:10.587Z,buy,1.96e-06,512.0,0.00100352
SNGLS/BTC,1560728773858,2019-06-16T23:46:13.858Z,buy,1.96e-06,512.0,0.00100352
SNGLS/BTC,1560728776333,2019-06-16T23:46:16.333Z,buy,1.96e-06,512.0,0.00100352
SNGLS/BTC,1560728779727,2019-06-16T23:46:19.727Z,buy,1.96e-06,512.0,0.00100352
SNGLS/BTC,1560728783202,2019-06-16T23:46:23.202Z,buy,1.96e-06,512.0,0.00100352
SNGLS/BTC,1560728785871,2019-06-16T23:46:25.871Z,buy,1.96e-06,512.0,0.00100352
SNGLS/BTC,1560729142501,2019-06-16T23:52:22.501Z,buy,1.96e-06,38337.0,0.0751405199999999
SNGLS/BTC,1560729142501,2019-06-16T23:52:22.501Z,buy,1.97e-06,55105.0,0.10855685
SNGLS/BTC,1560729142501,2019-06-16T23:52:22.501Z,buy,1.98e-06,533.0,0.00105534
SNGLS/BTC,1560729142501,2019-06-16T23:52:22.501Z,buy,1.98e-06,6218.0,0.01231164
SNGLS/BTC,1560729142501,2019-06-16T23:52:22.501Z,buy,1.98e-06,533.0,0.00105534
SNGLS/BTC,1560729142501,2019-06-16T23:52:22.501Z,buy,1.98e-06,550.0,0.001089
SNGLS/BTC,1560729142527,2019-06-16T23:52:22.527Z,sell,1.97e-06,28908.0,0.05694876
SNGLS/BTC,1560729155682,2019-06-16T23:52:35.682Z,buy,1.98e-06,394451.0,0.7810129800000001
SNGLS/BTC,1560729155703,2019-06-16T23:52:35.703Z,sell,1.98e-06,5549.0,0.01098702
SNGLS/BTC,1560729155739,2019-06-16T23:52:35.739Z,sell,1.97e-06,5549.0,0.01093153
SNGLS/BTC,1560729155765,2019-06-16T23:52:35.765Z,buy,1.99e-06,4196.0,0.00835004
SNGLS/BTC,1560729156389,2019-06-16T23:52:36.389Z,sell,1.97e-06,4807.0,0.00946979
SNGLS/BTC,1560729157788,2019-06-16T23:52:37.788Z,buy,1.99e-06,2010.0,0.0039999
SNGLS/BTC,1560729184939,2019-06-16T23:53:04.939Z,sell,1.98e-06,564.0,0.00111672
SNGLS/BTC,1560729190500,2019-06-16T23:53:10.500Z,sell,1.98e-06,187.0,0.00037026
SNGLS/BTC,1560729235236,2019-06-16T23:53:55.236Z,buy,1.98e-06,4040.0,0.0079992
SNGLS/BTC,1560729318954,2019-06-16T23:55:18.954Z,buy,1.98e-06,6880.0,0.0136224
SNGLS/BTC,1560729370743,2019-06-16T23:56:10.743Z,sell,1.98e-06,5102.0,0.01010196
SNGLS/BTC,1560729615344,2019-06-17T00:00:15.344Z,buy,1.99e-06,4236.0,0.00842964
SNGLS/BTC,1560729620790,2019-06-17T00:00:20.790Z,sell,1.98e-06,2532.0,0.00501336
SNGLS/BTC,1560729621991,2019-06-17T00:00:21.991Z,buy,1.99e-06,38133.0,0.07588467
SNGLS/BTC,1560729639964,2019-06-17T00:00:39.964Z,buy,1.99e-06,1508.0,0.00300092
SNGLS/BTC,1560729713562,2019-06-17T00:01:53.562Z,buy,1.99e-06,4923.0,0.00979677
SNGLS/BTC,1560729756458,2019-06-17T00:02:36.458Z,buy,2e-06,160.0,0.0003199999999999
SNGLS/BTC,1560729987846,2019-06-17T00:06:27.846Z,buy,2e-06,546.0,0.0010919999999999
SNGLS/BTC,1560730024333,2019-06-17T00:07:04.333Z,sell,1.99e-06,6000.0,0.01194
SNGLS/BTC,1560730026916,2019-06-17T00:07:06.916Z,sell,1.98e-06,3938.0,0.00779724
SNGLS/BTC,1560730137762,2019-06-17T00:08:57.762Z,sell,1.98e-06,15000.0,0.0297
SNGLS/BTC,1560730263520,2019-06-17T00:11:03.520Z,sell,1.98e-06,579.0,0.00114642
SNGLS/BTC,1560730848778,2019-06-17T00:20:48.778Z,buy,1.99e-06,156.0,0.00031044
SNGLS/BTC,1560731055829,2019-06-17T00:24:15.829Z,buy,1.99e-06,161.0,0.00032039
SNGLS/BTC,1560731055877,2019-06-17T00:24:15.877Z,sell,1.98e-06,646.0,0.00127908
SNGLS/BTC,1560731114600,2019-06-17T00:25:14.600Z,sell,1.98e-06,15264.0,0.03022272
SNGLS/BTC,1560731172547,2019-06-17T00:26:12.547Z,sell,1.98e-06,18482.0,0.03659436
SNGLS/BTC,1560731173389,2019-06-17T00:26:13.389Z,sell,1.98e-06,3778.0,0.00748044
SNGLS/BTC,1560731201078,2019-06-17T00:26:41.078Z,sell,1.98e-06,6122.0,0.01212156
SNGLS/BTC,1560731213135,2019-06-17T00:26:53.135Z,sell,1.98e-06,3387.0,0.00670626
SNGLS/BTC,1560731297576,2019-06-17T00:28:17.576Z,sell,1.97e-06,23128.0,0.04556216
SNGLS/BTC,1560731297576,2019-06-17T00:28:17.576Z,sell,1.97e-06,23128.0,0.04556216
SNGLS/BTC,1560731399914,2019-06-17T00:29:59.914Z,sell,1.97e-06,26000.0,0.05122
SNGLS/BTC,1560731457510,2019-06-17T00:30:57.510Z,sell,1.97e-06,566.0,0.00111502
SNGLS/BTC,1560731504673,2019-06-17T00:31:44.673Z,buy,1.98e-06,653.0,0.00129294
SNGLS/BTC,1560731508101,2019-06-17T00:31:48.101Z,sell,1.98e-06,11104.0,0.02198592
SNGLS/BTC,1560731508413,2019-06-17T00:31:48.413Z,sell,1.98e-06,6003.0,0.01188594
SNGLS/BTC,1560731564382,2019-06-17T00:32:44.382Z,buy,1.99e-06,2523.0,0.00502077
SNGLS/BTC,1560731587303,2019-06-17T00:33:07.303Z,sell,1.98e-06,13736.0,0.02719728
SNGLS/BTC,1560731850339,2019-06-17T00:37:30.339Z,sell,1.98e-06,1284.0,0.00254232
SNGLS/BTC,1560731873190,2019-06-17T00:37:53.190Z,buy,1.98e-06,632.0,0.00125136
SNGLS/BTC,1560731875072,2019-06-17T00:37:55.072Z,buy,1.98e-06,2531.0,0.00501138
SNGLS/BTC,1560731877194,2019-06-17T00:37:57.194Z,buy,1.98e-06,4376.0,0.00866448
SNGLS/BTC,1560731880043,2019-06-17T00:38:00.043Z,sell,1.97e-06,1643.0,0.00323671
SNGLS/BTC,1560731956292,2019-06-17T00:39:16.292Z,sell,1.97e-06,16105.0,0.03172685
SNGLS/BTC,1560731973672,2019-06-17T00:39:33.672Z,buy,1.98e-06,7115.0,0.0140877
SNGLS/BTC,1560731973824,2019-06-17T00:39:33.824Z,buy,1.98e-06,4418.0,0.00874764
SNGLS/BTC,1560732008139,2019-06-17T00:40:08.139Z,buy,1.98e-06,9987.0,0.01977426
SNGLS/BTC,1560732121440,2019-06-17T00:42:01.440Z,sell,1.98e-06,14644.0,0.02899512
SNGLS/BTC,1560732233100,2019-06-17T00:43:53.100Z,sell,1.98e-06,33200.0,0.065736
SNGLS/BTC,1560732257220,2019-06-17T00:44:17.220Z,sell,1.98e-06,4620.0,0.0091476
SNGLS/BTC,1560732258741,2019-06-17T00:44:18.741Z,sell,1.97e-06,879.0,0.00173163
SNGLS/BTC,1560732319349,2019-06-17T00:45:19.349Z,buy,1.98e-06,4040.0,0.0079992
SNGLS/BTC,1560732340895,2019-06-17T00:45:40.895Z,buy,1.98e-06,3714.0,0.00735372
SNGLS/BTC,1560732375427,2019-06-17T00:46:15.427Z,sell,1.98e-06,326.0,0.00064548
SNGLS/BTC,1560732386553,2019-06-17T00:46:26.553Z,buy,1.98e-06,5247.0,0.01038906
SNGLS/BTC,1560732534468,2019-06-17T00:48:54.468Z,buy,1.98e-06,168.0,0.00033264
SNGLS/BTC,1560732649316,2019-06-17T00:50:49.316Z,sell,1.97e-06,752.0,0.00148144
SNGLS/BTC,1560732719895,2019-06-17T00:51:59.895Z,buy,1.98e-06,144.0,0.00028512
SNGLS/BTC,1560732721929,2019-06-17T00:52:01.929Z,buy,1.98e-06,4216.0,0.00834768
SNGLS/BTC,1560732755328,2019-06-17T00:52:35.328Z,sell,1.98e-06,769.0,0.00152262
SNGLS/BTC,1560732919482,2019-06-17T00:55:19.482Z,buy,1.98e-06,181.0,0.00035838
SNGLS/BTC,1560732937340,2019-06-17T00:55:37.340Z,buy,1.98e-06,159.0,0.00031482
SNGLS/BTC,1560732991649,2019-06-17T00:56:31.649Z,buy,1.98e-06,2931.0,0.00580338
SNGLS/BTC,1560733027365,2019-06-17T00:57:07.365Z,sell,1.98e-06,4040.0,0.0079992
SNGLS/BTC,1560733034464,2019-06-17T00:57:14.464Z,sell,1.98e-06,3130.0,0.0061974
SNGLS/BTC,1560733167098,2019-06-17T00:59:27.098Z,sell,1.97e-06,1273.0,0.00250781
SNGLS/BTC,1560733272424,2019-06-17T01:01:12.424Z,buy,1.98e-06,4596.0,0.00910008
SNGLS/BTC,1560733485034,2019-06-17T01:04:45.034Z,sell,1.97e-06,15772.0,0.03107084
SNGLS/BTC,1560733485034,2019-06-17T01:04:45.034Z,sell,1.96e-06,15987.0,0.03133452
SNGLS/BTC,1560733543177,2019-06-17T01:05:43.177Z,sell,1.96e-06,6000.0,0.01176
SNGLS/BTC,1560733577146,2019-06-17T01:06:17.146Z,buy,1.97e-06,751.0,0.00147947
SNGLS/BTC,1560734005149,2019-06-17T01:13:25.149Z,buy,1.98e-06,1676.0,0.00331848
SNGLS/BTC,1560734080930,2019-06-17T01:14:40.930Z,sell,1.97e-06,3813.0,0.00751161
SNGLS/BTC,1560734119398,2019-06-17T01:15:19.398Z,sell,1.96e-06,21577.0,0.0422909199999999
SNGLS/BTC,1560734120528,2019-06-17T01:15:20.528Z,sell,1.97e-06,751.0,0.00147947
SNGLS/BTC,1560734299734,2019-06-17T01:18:19.734Z,sell,1.97e-06,4472.0,0.00880984
SNGLS/BTC,1560734735864,2019-06-17T01:25:35.864Z,sell,1.96e-06,1723.0,0.0033770799999999
SNGLS/BTC,1560734764252,2019-06-17T01:26:04.252Z,sell,1.96e-06,22012.0,0.04314352
SNGLS/BTC,1560734764252,2019-06-17T01:26:04.252Z,sell,1.96e-06,22012.0,0.04314352
SNGLS/BTC,1560735161622,2019-06-17T01:32:41.622Z,buy,1.97e-06,153.0,0.00030141
SNGLS/BTC,1560735249913,2019-06-17T01:34:09.913Z,sell,1.96e-06,860.0,0.0016856
SNGLS/BTC,1560735277458,2019-06-17T01:34:37.458Z,buy,1.97e-06,1659.0,0.00326823
SNGLS/BTC,1560735408402,2019-06-17T01:36:48.402Z,buy,1.97e-06,538.0,0.00105986
SNGLS/BTC,1560735425578,2019-06-17T01:37:05.578Z,sell,1.96e-06,669.0,0.00131124
SNGLS/BTC,1560735673122,2019-06-17T01:41:13.122Z,sell,1.96e-06,10896.0,0.02135616
SNGLS/BTC,1560735715310,2019-06-17T01:41:55.310Z,sell,1.96e-06,1178.0,0.0023088799999999
SNGLS/BTC,1560735956751,2019-06-17T01:45:56.751Z,sell,1.96e-06,1870.0,0.0036652
SNGLS/BTC,1560736499457,2019-06-17T01:54:59.457Z,buy,1.97e-06,8000.0,0.01576
SNGLS/BTC,1560737177888,2019-06-17T02:06:17.888Z,buy,1.97e-06,410.0,0.0008077
SNGLS/BTC,1560737340580,2019-06-17T02:09:00.580Z,buy,1.98e-06,3869.0,0.00766062
SNGLS/BTC,1560737463840,2019-06-17T02:11:03.840Z,sell,1.97e-06,584.0,0.00115048
SNGLS/BTC,1560737689548,2019-06-17T02:14:49.548Z,buy,1.98e-06,4089.0,0.00809622
SNGLS/BTC,1560737692288,2019-06-17T02:14:52.288Z,buy,1.98e-06,4049.0,0.00801702
SNGLS/BTC,1560738205702,2019-06-17T02:23:25.702Z,sell,1.97e-06,270.0,0.0005319
SNGLS/BTC,1560738355004,2019-06-17T02:25:55.004Z,sell,1.97e-06,508.0,0.00100076
SNGLS/BTC,1560738355004,2019-06-17T02:25:55.004Z,sell,1.96e-06,74968.0,0.14693728
SNGLS/BTC,1560738355004,2019-06-17T02:25:55.004Z,sell,1.97e-06,508.0,0.00100076
SNGLS/BTC,1560738355004,2019-06-17T02:25:55.004Z,sell,1.96e-06,74968.0,0.14693728
SNGLS/BTC,1560738785502,2019-06-17T02:33:05.502Z,sell,1.96e-06,44534.0,0.08728664
SNGLS/BTC,1560739823382,2019-06-17T02:50:23.382Z,sell,1.96e-06,688.0,0.00134848
SNGLS/BTC,1560740354338,2019-06-17T02:59:14.338Z,sell,1.96e-06,25000.0,0.0489999999999999
SNGLS/BTC,1560740386445,2019-06-17T02:59:46.445Z,sell,1.96e-06,25000.0,0.0489999999999999
SNGLS/BTC,1560740415355,2019-06-17T03:00:15.355Z,sell,1.96e-06,24948.0,0.04889808
SNGLS/BTC,1560740441223,2019-06-17T03:00:41.223Z,sell,1.96e-06,3567.0,0.00699132
SNGLS/BTC,1560740672868,2019-06-17T03:04:32.868Z,sell,1.96e-06,19524.0,0.0382670399999999
SNGLS/BTC,1560740696999,2019-06-17T03:04:56.999Z,buy,1.96e-06,3127.0,0.0061289199999999
SNGLS/BTC,1560740950522,2019-06-17T03:09:10.522Z,sell,1.95e-06,50454.0,0.0983853
SNGLS/BTC,1560740950905,2019-06-17T03:09:10.905Z,sell,1.95e-06,563.0,0.00109785
SNGLS/BTC,1560740958154,2019-06-17T03:09:18.154Z,buy,1.96e-06,1025.0,0.002009
SNGLS/BTC,1560741192093,2019-06-17T03:13:12.093Z,buy,1.96e-06,5543.0,0.0108642799999999
SNGLS/BTC,1560741225748,2019-06-17T03:13:45.748Z,buy,1.96e-06,524.0,0.00102704
SNGLS/BTC,1560741244804,2019-06-17T03:14:04.804Z,buy,1.96e-06,11771.0,0.0230711599999999
SNGLS/BTC,1560741244804,2019-06-17T03:14:04.804Z,buy,1.96e-06,11771.0,0.0230711599999999
SNGLS/BTC,1560742179413,2019-06-17T03:29:39.413Z,sell,1.96e-06,8717.0,0.0170853199999999
SNGLS/BTC,1560742179413,2019-06-17T03:29:39.413Z,sell,1.95e-06,7064.0,0.0137748
SNGLS/BTC,1560742180099,2019-06-17T03:29:40.099Z,buy,1.96e-06,629.0,0.00123284
SNGLS/BTC,1560742234009,2019-06-17T03:30:34.009Z,buy,1.96e-06,7351.0,0.01440796
SNGLS/BTC,1560743196397,2019-06-17T03:46:36.397Z,sell,1.95e-06,30255.0,0.05899725
SNGLS/BTC,1560743423688,2019-06-17T03:50:23.688Z,sell,1.95e-06,47148.0,0.0919386
SNGLS/BTC,1560743543192,2019-06-17T03:52:23.192Z,sell,1.95e-06,4831.0,0.00942045
SNGLS/BTC,1560743544176,2019-06-17T03:52:24.176Z,buy,1.95e-06,7999.0,0.01559805
SNGLS/BTC,1560743612234,2019-06-17T03:53:32.234Z,buy,1.95e-06,2554.0,0.0049803
SNGLS/BTC,1560743615333,2019-06-17T03:53:35.333Z,sell,1.95e-06,3743.0,0.00729885
SNGLS/BTC,1560743998000,2019-06-17T03:59:58.000Z,buy,1.96e-06,612.0,0.00119952
SNGLS/BTC,1560744369488,2019-06-17T04:06:09.488Z,sell,1.95e-06,1220.0,0.002379
SNGLS/BTC,1560744608957,2019-06-17T04:10:08.957Z,sell,1.95e-06,5234.0,0.0102063
SNGLS/BTC,1560744687091,2019-06-17T04:11:27.091Z,sell,1.95e-06,6291.0,0.01226745
SNGLS/BTC,1560744687091,2019-06-17T04:11:27.091Z,sell,1.95e-06,6291.0,0.01226745
SNGLS/BTC,1560744949454,2019-06-17T04:15:49.454Z,sell,1.95e-06,6382.0,0.0124449
SNGLS/BTC,1560745111628,2019-06-17T04:18:31.628Z,sell,1.94e-06,43429.0,0.08425226
SNGLS/BTC,1560745121234,2019-06-17T04:18:41.234Z,sell,1.93e-06,524.0,0.00101132
SNGLS/BTC,1560745143538,2019-06-17T04:19:03.538Z,sell,1.93e-06,14504.0,0.02799272
SNGLS/BTC,1560745143538,2019-06-17T04:19:03.538Z,sell,1.92e-06,11376.0,0.0218419199999999
SNGLS/BTC,1560745143538,2019-06-17T04:19:03.538Z,sell,1.92e-06,4000.0,0.0076799999999999
SNGLS/BTC,1560745143538,2019-06-17T04:19:03.538Z,sell,1.92e-06,4918.0,0.00944256
SNGLS/BTC,1560745147589,2019-06-17T04:19:07.589Z,sell,1.92e-06,527.0,0.00101184
SNGLS/BTC,1560745252243,2019-06-17T04:20:52.243Z,buy,1.93e-06,581.0,0.00112133
SNGLS/BTC,1560745370552,2019-06-17T04:22:50.552Z,buy,1.93e-06,3780.0,0.0072954
SNGLS/BTC,1560745370552,2019-06-17T04:22:50.552Z,buy,1.94e-06,4692.0,0.00910248
SNGLS/BTC,1560745411366,2019-06-17T04:23:31.366Z,buy,1.94e-06,651.0,0.00126294
SNGLS/BTC,1560745546242,2019-06-17T04:25:46.242Z,sell,1.93e-06,15407.0,0.02973551
SNGLS/BTC,1560745557308,2019-06-17T04:25:57.308Z,sell,1.93e-06,1.0,1.93e-06
SNGLS/BTC,1560745557308,2019-06-17T04:25:57.308Z,sell,1.92e-06,999.0,0.0019180799999999
SNGLS/BTC,1560745582400,2019-06-17T04:26:22.400Z,sell,1.93e-06,1351.0,0.00260743
SNGLS/BTC,1560745598353,2019-06-17T04:26:38.353Z,sell,1.93e-06,16417.0,0.03168481
SNGLS/BTC,1560745682909,2019-06-17T04:28:02.909Z,buy,1.94e-06,1881.0,0.00364914
SNGLS/BTC,1560746385411,2019-06-17T04:39:45.411Z,buy,1.94e-06,11091.0,0.02151654
SNGLS/BTC,1560746385983,2019-06-17T04:39:45.983Z,buy,1.94e-06,10906.0,0.02115764
SNGLS/BTC,1560746837092,2019-06-17T04:47:17.092Z,buy,1.94e-06,7330.0,0.0142202
SNGLS/BTC,1560747268574,2019-06-17T04:54:28.574Z,buy,1.94e-06,22966.0,0.04455404
SNGLS/BTC,1560747526798,2019-06-17T04:58:46.798Z,sell,1.93e-06,7115.0,0.01373195
SNGLS/BTC,1560747772518,2019-06-17T05:02:52.518Z,buy,1.94e-06,7731.0,0.01499814
SNGLS/BTC,1560748199261,2019-06-17T05:09:59.261Z,buy,1.94e-06,190.0,0.0003686
SNGLS/BTC,1560748199261,2019-06-17T05:09:59.261Z,buy,1.94e-06,190.0,0.0003686
SNGLS/BTC,1560748389189,2019-06-17T05:13:09.189Z,buy,1.94e-06,31149.0,0.06042906
SNGLS/BTC,1560748855657,2019-06-17T05:20:55.657Z,buy,1.94e-06,13087.0,0.02538878
SNGLS/BTC,1560749080112,2019-06-17T05:24:40.112Z,buy,1.94e-06,5062.0,0.00982028
SNGLS/BTC,1560749130912,2019-06-17T05:25:30.912Z,buy,1.95e-06,7839.0,0.0152860499999999
SNGLS/BTC,1560749148357,2019-06-17T05:25:48.357Z,buy,1.95e-06,1636.0,0.0031902
SNGLS/BTC,1560749549944,2019-06-17T05:32:29.944Z,sell,1.93e-06,21163.0,0.04084459
SNGLS/BTC,1560749549976,2019-06-17T05:32:29.976Z,buy,1.93e-06,11225.0,0.02166425
SNGLS/BTC,1560749633737,2019-06-17T05:33:53.737Z,buy,1.93e-06,893.0,0.00172349
SNGLS/BTC,1560749633737,2019-06-17T05:33:53.737Z,buy,1.94e-06,20000.0,0.0388
SNGLS/BTC,1560749633737,2019-06-17T05:33:53.737Z,buy,1.95e-06,69074.0,0.1346943
SNGLS/BTC,1560749633737,2019-06-17T05:33:53.737Z,buy,1.96e-06,33.0,6.468e-05
SNGLS/BTC,1560749681365,2019-06-17T05:34:41.365Z,buy,1.94e-06,11846.0,0.02298124
SNGLS/BTC,1560749681365,2019-06-17T05:34:41.365Z,buy,1.95e-06,32618.0,0.0636051
SNGLS/BTC,1560749681384,2019-06-17T05:34:41.384Z,sell,1.95e-06,5536.0,0.0107952
SNGLS/BTC,1560749700092,2019-06-17T05:35:00.092Z,buy,1.95e-06,561.0,0.00109395
SNGLS/BTC,1560749721793,2019-06-17T05:35:21.793Z,buy,1.95e-06,10000.0,0.0195
SNGLS/BTC,1560749808275,2019-06-17T05:36:48.275Z,buy,1.95e-06,30000.0,0.0584999999999999
SNGLS/BTC,1560749862399,2019-06-17T05:37:42.399Z,buy,1.95e-06,9500.0,0.018525
SNGLS/BTC,1560750021087,2019-06-17T05:40:21.087Z,buy,1.95e-06,10500.0,0.020475
SNGLS/BTC,1560750227572,2019-06-17T05:43:47.572Z,buy,1.95e-06,38927.0,0.07590765
SNGLS/BTC,1560750231496,2019-06-17T05:43:51.496Z,sell,1.95e-06,3743.0,0.00729885
SNGLS/BTC,1560750570904,2019-06-17T05:49:30.904Z,buy,1.96e-06,14982.0,0.0293647199999999
SNGLS/BTC,1560750570904,2019-06-17T05:49:30.904Z,buy,1.97e-06,7037.0,0.01386289
SNGLS/BTC,1560750570904,2019-06-17T05:49:30.904Z,buy,1.97e-06,550.0,0.0010835
SNGLS/BTC,1560750612610,2019-06-17T05:50:12.610Z,buy,1.97e-06,617.0,0.00121549
SNGLS/BTC,1560750800265,2019-06-17T05:53:20.265Z,sell,1.96e-06,751.0,0.0014719599999999
SNGLS/BTC,1560750800265,2019-06-17T05:53:20.265Z,sell,1.95e-06,925.0,0.00180375
SNGLS/BTC,1560750833407,2019-06-17T05:53:53.407Z,sell,1.95e-06,1881.0,0.00366795
SNGLS/BTC,1560750833407,2019-06-17T05:53:53.407Z,sell,1.95e-06,1881.0,0.00366795
SNGLS/BTC,1560751817115,2019-06-17T06:10:17.115Z,sell,1.95e-06,1652.0,0.0032214
SNGLS/BTC,1560752379308,2019-06-17T06:19:39.308Z,buy,1.97e-06,29230.0,0.0575831
SNGLS/BTC,1560752401598,2019-06-17T06:20:01.598Z,sell,1.97e-06,513.0,0.00101061
SNGLS/BTC,1560752407539,2019-06-17T06:20:07.539Z,sell,1.97e-06,560.0,0.0011032
SNGLS/BTC,1560752414138,2019-06-17T06:20:14.138Z,sell,1.97e-06,5543.0,0.01091971
SNGLS/BTC,1560752421026,2019-06-17T06:20:21.026Z,sell,1.97e-06,1842.0,0.00362874
SNGLS/BTC,1560752521399,2019-06-17T06:22:01.399Z,sell,1.97e-06,511.0,0.00100667
SNGLS/BTC,1560752591980,2019-06-17T06:23:11.980Z,sell,1.97e-06,882.0,0.00173754
SNGLS/BTC,1560752646779,2019-06-17T06:24:06.779Z,buy,1.98e-06,51353.0,0.10167894
SNGLS/BTC,1560752936451,2019-06-17T06:28:56.451Z,buy,1.98e-06,17233.0,0.03412134
SNGLS/BTC,1560752936479,2019-06-17T06:28:56.479Z,sell,1.98e-06,5719.0,0.01132362
SNGLS/BTC,1560752936487,2019-06-17T06:28:56.487Z,sell,1.98e-06,2300.0,0.004554
SNGLS/BTC,1560752975648,2019-06-17T06:29:35.648Z,sell,1.98e-06,1275.0,0.0025245
SNGLS/BTC,1560752999357,2019-06-17T06:29:59.357Z,sell,1.97e-06,7731.0,0.01523007
SNGLS/BTC,1560753001965,2019-06-17T06:30:01.965Z,sell,1.97e-06,1636.0,0.00322292
SNGLS/BTC,1560753179159,2019-06-17T06:32:59.159Z,sell,1.97e-06,1942.0,0.00382574
SNGLS/BTC,1560753234860,2019-06-17T06:33:54.860Z,buy,1.99e-06,10987.0,0.02186413
SNGLS/BTC,1560753242290,2019-06-17T06:34:02.290Z,buy,1.99e-06,7537.0,0.01499863
SNGLS/BTC,1560753322555,2019-06-17T06:35:22.555Z,buy,1.99e-06,17860.0,0.0355414
SNGLS/BTC,1560754091146,2019-06-17T06:48:11.146Z,sell,1.98e-06,1493.0,0.00295614
SNGLS/BTC,1560754149915,2019-06-17T06:49:09.915Z,sell,1.98e-06,18995.0,0.0376101
SNGLS/BTC,1560754149915,2019-06-17T06:49:09.915Z,sell,1.98e-06,18995.0,0.0376101
SNGLS/BTC,1560754786096,2019-06-17T06:59:46.096Z,sell,1.98e-06,43960.0,0.0870408
SNGLS/BTC,1560754894750,2019-06-17T07:01:34.750Z,sell,1.98e-06,42060.0,0.0832788
SNGLS/BTC,1560754979433,2019-06-17T07:02:59.433Z,sell,1.97e-06,2940.0,0.0057918
SNGLS/BTC,1560755071308,2019-06-17T07:04:31.308Z,sell,1.97e-06,17639.0,0.03474883
SNGLS/BTC,1560755274152,2019-06-17T07:07:54.152Z,sell,1.96e-06,47740.0,0.0935704
SNGLS/BTC,1560755343503,2019-06-17T07:09:03.503Z,buy,1.97e-06,751.0,0.00147947
SNGLS/BTC,1560755396726,2019-06-17T07:09:56.726Z,buy,1.98e-06,15519.0,0.03072762
SNGLS/BTC,1560755745236,2019-06-17T07:15:45.236Z,buy,1.98e-06,12730.0,0.0252054
SNGLS/BTC,1560755752686,2019-06-17T07:15:52.686Z,buy,1.99e-06,12453.0,0.02478147
SNGLS/BTC,1560756144636,2019-06-17T07:22:24.636Z,sell,1.97e-06,2315.0,0.00456055
SNGLS/BTC,1560756397762,2019-06-17T07:26:37.762Z,buy,1.98e-06,4843.0,0.00958914
SNGLS/BTC,1560756398046,2019-06-17T07:26:38.046Z,buy,1.98e-06,537.0,0.00106326
SNGLS/BTC,1560756441975,2019-06-17T07:27:21.975Z,buy,1.98e-06,3114.0,0.00616572
SNGLS/BTC,1560756442051,2019-06-17T07:27:22.051Z,sell,1.98e-06,3084.0,0.00610632
SNGLS/BTC,1560756523676,2019-06-17T07:28:43.676Z,sell,1.97e-06,27744.0,0.05465568
SNGLS/BTC,1560756523676,2019-06-17T07:28:43.676Z,sell,1.96e-06,109411.0,0.2144455599999999
SNGLS/BTC,1560756523705,2019-06-17T07:28:43.705Z,buy,1.96e-06,3887.0,0.0076185199999999
SNGLS/BTC,1560756523708,2019-06-17T07:28:43.708Z,buy,1.96e-06,3887.0,0.0076185199999999
SNGLS/BTC,1560756523769,2019-06-17T07:28:43.769Z,buy,1.96e-06,6062.0,0.01188152
SNGLS/BTC,1560756548666,2019-06-17T07:29:08.666Z,sell,1.95e-06,136556.0,0.2662841999999999
SNGLS/BTC,1560756548925,2019-06-17T07:29:08.925Z,buy,1.95e-06,15018.0,0.0292850999999999
SNGLS/BTC,1560756551752,2019-06-17T07:29:11.752Z,buy,1.96e-06,751.0,0.0014719599999999
SNGLS/BTC,1560756552314,2019-06-17T07:29:12.314Z,sell,1.96e-06,3952.0,0.00774592
SNGLS/BTC,1560757277795,2019-06-17T07:41:17.795Z,sell,1.96e-06,625.0,0.001225
SNGLS/BTC,1560757327759,2019-06-17T07:42:07.759Z,sell,1.96e-06,4361.0,0.00854756
SNGLS/BTC,1560757339572,2019-06-17T07:42:19.572Z,sell,1.96e-06,10101.0,0.01979796
SNGLS/BTC,1560757356907,2019-06-17T07:42:36.907Z,sell,1.96e-06,1050.0,0.002058
SNGLS/BTC,1560757392282,2019-06-17T07:43:12.282Z,buy,1.96e-06,3883.0,0.00761068
SNGLS/BTC,1560757405451,2019-06-17T07:43:25.451Z,sell,1.95e-06,4622.0,0.0090128999999999
SNGLS/BTC,1560757444820,2019-06-17T07:44:04.820Z,buy,1.96e-06,5408.0,0.0105996799999999
SNGLS/BTC,1560757581309,2019-06-17T07:46:21.309Z,sell,1.96e-06,25158.0,0.0493096799999999
SNGLS/BTC,1560757581309,2019-06-17T07:46:21.309Z,sell,1.96e-06,25158.0,0.0493096799999999
SNGLS/BTC,1560757932624,2019-06-17T07:52:12.624Z,sell,1.96e-06,13802.0,0.0270519199999999
SNGLS/BTC,1560759103053,2019-06-17T08:11:43.053Z,sell,1.96e-06,2007.0,0.00393372
SNGLS/BTC,1560759103336,2019-06-17T08:11:43.336Z,sell,1.96e-06,10779.0,0.0211268399999999
SNGLS/BTC,1560759122376,2019-06-17T08:12:02.376Z,buy,1.96e-06,3881.0,0.00760676
SNGLS/BTC,1560759807534,2019-06-17T08:23:27.534Z,buy,1.96e-06,643.0,0.00126028
SNGLS/BTC,1560760114861,2019-06-17T08:28:34.861Z,buy,1.96e-06,4337.0,0.00850052
SNGLS/BTC,1560760114861,2019-06-17T08:28:34.861Z,buy,1.97e-06,1902.0,0.00374694
SNGLS/BTC,1560760115478,2019-06-17T08:28:35.478Z,buy,1.97e-06,6135.0,0.01208595
SNGLS/BTC,1560760125658,2019-06-17T08:28:45.658Z,sell,1.96e-06,1754.0,0.0034378399999999
SNGLS/BTC,1560760973550,2019-06-17T08:42:53.550Z,sell,1.96e-06,9295.0,0.0182182
SNGLS/BTC,1560760973550,2019-06-17T08:42:53.550Z,sell,1.95e-06,91106.0,0.1776567
SNGLS/BTC,1560761124065,2019-06-17T08:45:24.065Z,sell,1.95e-06,3743.0,0.00729885
SNGLS/BTC,1560761126457,2019-06-17T08:45:26.457Z,sell,1.95e-06,802.0,0.0015639
SNGLS/BTC,1560761126457,2019-06-17T08:45:26.457Z,sell,1.95e-06,802.0,0.0015639
SNGLS/BTC,1560761554897,2019-06-17T08:52:34.897Z,buy,1.95e-06,10256.0,0.0199991999999999
SNGLS/BTC,1560761580208,2019-06-17T08:53:00.208Z,buy,1.95e-06,4326.0,0.0084356999999999
SNGLS/BTC,1560761619690,2019-06-17T08:53:39.690Z,sell,1.95e-06,1907.0,0.00371865
SNGLS/BTC,1560762006659,2019-06-17T09:00:06.659Z,sell,1.94e-06,6807.0,0.01320558
SNGLS/BTC,1560762138523,2019-06-17T09:02:18.523Z,sell,1.94e-06,45929.0,0.08910226
SNGLS/BTC,1560762719428,2019-06-17T09:11:59.428Z,buy,1.96e-06,25521.0,0.0500211599999999
SNGLS/BTC,1560762719670,2019-06-17T09:11:59.670Z,sell,1.96e-06,3712.0,0.00727552
SNGLS/BTC,1560763193455,2019-06-17T09:19:53.455Z,buy,1.96e-06,719.0,0.00140924
SNGLS/BTC,1560763397425,2019-06-17T09:23:17.425Z,sell,1.95e-06,1600.0,0.00312
SNGLS/BTC,1560763764727,2019-06-17T09:29:24.727Z,sell,1.95e-06,4838.0,0.0094340999999999
SNGLS/BTC,1560763826487,2019-06-17T09:30:26.487Z,sell,1.95e-06,27370.0,0.0533715
SNGLS/BTC,1560763826669,2019-06-17T09:30:26.669Z,sell,1.95e-06,574.0,0.0011193
SNGLS/BTC,1560763956014,2019-06-17T09:32:36.014Z,sell,1.95e-06,5895.0,0.01149525
SNGLS/BTC,1560764322996,2019-06-17T09:38:42.996Z,sell,1.94e-06,11577.0,0.02245938
SNGLS/BTC,1560764323519,2019-06-17T09:38:43.519Z,buy,1.95e-06,597.0,0.00116415
SNGLS/BTC,1560764323519,2019-06-17T09:38:43.519Z,buy,1.96e-06,936.0,0.0018345599999999
SNGLS/BTC,1560764409787,2019-06-17T09:40:09.787Z,sell,1.94e-06,29233.0,0.05671202
SNGLS/BTC,1560764515948,2019-06-17T09:41:55.948Z,sell,1.94e-06,99178.0,0.19240532
SNGLS/BTC,1560764529418,2019-06-17T09:42:09.418Z,buy,1.94e-06,3489.0,0.00676866
SNGLS/BTC,1560764560472,2019-06-17T09:42:40.472Z,buy,1.94e-06,4193.0,0.00813442
SNGLS/BTC,1560764590673,2019-06-17T09:43:10.673Z,buy,1.94e-06,1189.0,0.00230666
SNGLS/BTC,1560764649805,2019-06-17T09:44:09.805Z,sell,1.93e-06,2389.0,0.00461077
SNGLS/BTC,1560764650419,2019-06-17T09:44:10.419Z,buy,1.94e-06,1541.0,0.00298954
SNGLS/BTC,1560764650571,2019-06-17T09:44:10.571Z,buy,1.94e-06,2120.0,0.0041128
SNGLS/BTC,1560764652757,2019-06-17T09:44:12.757Z,buy,1.94e-06,945.0,0.0018333
SNGLS/BTC,1560764687362,2019-06-17T09:44:47.362Z,buy,1.95e-06,1546.0,0.0030147
SNGLS/BTC,1560764687362,2019-06-17T09:44:47.362Z,buy,1.95e-06,1546.0,0.0030147
SNGLS/BTC,1560764747919,2019-06-17T09:45:47.919Z,sell,1.93e-06,96157.0,0.18558301
SNGLS/BTC,1560764747947,2019-06-17T09:45:47.947Z,buy,1.93e-06,2368.0,0.00457024
SNGLS/BTC,1560764748494,2019-06-17T09:45:48.494Z,buy,1.93e-06,1541.0,0.00297413
SNGLS/BTC,1560764752191,2019-06-17T09:45:52.191Z,sell,1.92e-06,527.0,0.00101184
SNGLS/BTC,1560764760447,2019-06-17T09:46:00.447Z,sell,1.92e-06,527.0,0.00101184
SNGLS/BTC,1560764848147,2019-06-17T09:47:28.147Z,buy,1.94e-06,768.0,0.00148992
SNGLS/BTC,1560764849213,2019-06-17T09:47:29.213Z,buy,1.94e-06,1038.0,0.00201372
SNGLS/BTC,1560764869475,2019-06-17T09:47:49.475Z,sell,1.93e-06,152839.0,0.29497927
SNGLS/BTC,1560764879548,2019-06-17T09:47:59.548Z,buy,1.93e-06,1560.0,0.0030108
SNGLS/BTC,1560764914584,2019-06-17T09:48:34.584Z,buy,1.93e-06,1714.0,0.00330802
SNGLS/BTC,1560764927618,2019-06-17T09:48:47.618Z,buy,1.93e-06,590.0,0.0011387
SNGLS/BTC,1560765004834,2019-06-17T09:50:04.834Z,sell,1.92e-06,174136.0,0.33434112
SNGLS/BTC,1560765004857,2019-06-17T09:50:04.857Z,buy,1.92e-06,3071.0,0.0058963199999999
SNGLS/BTC,1560765004863,2019-06-17T09:50:04.863Z,buy,1.92e-06,3071.0,0.0058963199999999
SNGLS/BTC,1560765005073,2019-06-17T09:50:05.073Z,buy,1.92e-06,904.0,0.0017356799999999
SNGLS/BTC,1560765005234,2019-06-17T09:50:05.234Z,buy,1.92e-06,25537.0,0.04903104
SNGLS/BTC,1560765005581,2019-06-17T09:50:05.581Z,buy,1.92e-06,6639.0,0.0127468799999999
SNGLS/BTC,1560765015685,2019-06-17T09:50:15.685Z,sell,1.92e-06,3071.0,0.0058963199999999
SNGLS/BTC,1560765029870,2019-06-17T09:50:29.870Z,sell,1.93e-06,2066.0,0.00398738
SNGLS/BTC,1560765030905,2019-06-17T09:50:30.905Z,sell,1.93e-06,2491.0,0.00480763
SNGLS/BTC,1560765110862,2019-06-17T09:51:50.862Z,sell,1.93e-06,759.0,0.00146487
SNGLS/BTC,1560765159387,2019-06-17T09:52:39.387Z,sell,1.93e-06,2293.0,0.00442549
SNGLS/BTC,1560765198443,2019-06-17T09:53:18.443Z,buy,1.94e-06,4406.0,0.00854764
SNGLS/BTC,1560765334918,2019-06-17T09:55:34.918Z,sell,1.93e-06,2850.0,0.0055005
SNGLS/BTC,1560765608075,2019-06-17T10:00:08.075Z,buy,1.94e-06,3665.0,0.0071101
SNGLS/BTC,1560765678476,2019-06-17T10:01:18.476Z,buy,1.94e-06,2371.0,0.00459974
SNGLS/BTC,1560765688822,2019-06-17T10:01:28.822Z,buy,1.94e-06,2283.0,0.00442902
SNGLS/BTC,1560766078588,2019-06-17T10:07:58.588Z,buy,1.94e-06,3980.0,0.0077212
SNGLS/BTC,1560766669558,2019-06-17T10:17:49.558Z,sell,1.93e-06,10473.0,0.02021289
SNGLS/BTC,1560766878645,2019-06-17T10:21:18.645Z,buy,1.94e-06,1357.0,0.00263258
SNGLS/BTC,1560766950068,2019-06-17T10:22:30.068Z,sell,1.93e-06,10256.0,0.01979408
SNGLS/BTC,1560766991101,2019-06-17T10:23:11.101Z,buy,1.94e-06,517.0,0.00100298
SNGLS/BTC,1560767175685,2019-06-17T10:26:15.685Z,sell,1.93e-06,546.0,0.00105378
SNGLS/BTC,1560767270961,2019-06-17T10:27:50.961Z,sell,1.93e-06,5260.0,0.0101518
SNGLS/BTC,1560767314399,2019-06-17T10:28:34.399Z,buy,1.93e-06,38571.0,0.07444203
SNGLS/BTC,1560767326085,2019-06-17T10:28:46.085Z,buy,1.94e-06,933.0,0.00181002
SNGLS/BTC,1560767404301,2019-06-17T10:30:04.301Z,sell,1.93e-06,535.0,0.00103255
SNGLS/BTC,1560767928672,2019-06-17T10:38:48.672Z,sell,1.93e-06,2091.0,0.00403563
SNGLS/BTC,1560767930642,2019-06-17T10:38:50.642Z,sell,1.93e-06,2194.0,0.00423442
SNGLS/BTC,1560767930642,2019-06-17T10:38:50.642Z,sell,1.93e-06,2194.0,0.00423442
SNGLS/BTC,1560768403048,2019-06-17T10:46:43.048Z,sell,1.93e-06,6185.0,0.01193705
SNGLS/BTC,1560768479803,2019-06-17T10:47:59.803Z,sell,1.93e-06,2381.0,0.00459533
SNGLS/BTC,1560768602469,2019-06-17T10:50:02.469Z,sell,1.92e-06,5000.0,0.0096
SNGLS/BTC,1560768606616,2019-06-17T10:50:06.616Z,sell,1.92e-06,790.0,0.0015167999999999
SNGLS/BTC,1560768645573,2019-06-17T10:50:45.573Z,sell,1.92e-06,12314.0,0.0236428799999999
SNGLS/BTC,1560768646175,2019-06-17T10:50:46.175Z,buy,1.94e-06,1552.0,0.00301088
SNGLS/BTC,1560768704502,2019-06-17T10:51:44.502Z,sell,1.92e-06,15567.0,0.0298886399999999
SNGLS/BTC,1560768751845,2019-06-17T10:52:31.845Z,sell,1.92e-06,6848.0,0.0131481599999999
SNGLS/BTC,1560768752810,2019-06-17T10:52:32.810Z,sell,1.92e-06,13890.0,0.0266687999999999
SNGLS/BTC,1560768753071,2019-06-17T10:52:33.071Z,sell,1.92e-06,61158.0,0.1174233599999999
SNGLS/BTC,1560768782809,2019-06-17T10:53:02.809Z,sell,1.92e-06,600.0,0.0011519999999999
SNGLS/BTC,1560768821413,2019-06-17T10:53:41.413Z,sell,1.91e-06,80394.0,0.15355254
SNGLS/BTC,1560768821413,2019-06-17T10:53:41.413Z,sell,1.9e-06,120485.0,0.2289215
SNGLS/BTC,1560768821413,2019-06-17T10:53:41.413Z,sell,1.89e-06,37216.0,0.07033824
SNGLS/BTC,1560768821413,2019-06-17T10:53:41.413Z,sell,1.89e-06,61982.0,0.11714598
SNGLS/BTC,1560768821435,2019-06-17T10:53:41.435Z,buy,1.9e-06,22944.0,0.0435936
SNGLS/BTC,1560768833713,2019-06-17T10:53:53.713Z,sell,1.9e-06,567.0,0.0010773
SNGLS/BTC,1560768847814,2019-06-17T10:54:07.814Z,sell,1.9e-06,2497.0,0.0047443
SNGLS/BTC,1560768913056,2019-06-17T10:55:13.056Z,sell,1.89e-06,136809.0,0.25856901
SNGLS/BTC,1560768924387,2019-06-17T10:55:24.387Z,sell,1.89e-06,535.0,0.00101115
SNGLS/BTC,1560768926658,2019-06-17T10:55:26.658Z,sell,1.89e-06,535.0,0.00101115
SNGLS/BTC,1560768927935,2019-06-17T10:55:27.935Z,buy,1.9e-06,22023.0,0.0418437
SNGLS/BTC,1560768953897,2019-06-17T10:55:53.897Z,sell,1.9e-06,22510.0,0.042769
SNGLS/BTC,1560768979491,2019-06-17T10:56:19.491Z,buy,1.9e-06,982.0,0.0018658
SNGLS/BTC,1560768981497,2019-06-17T10:56:21.497Z,buy,1.91e-06,640.0,0.0012224
SNGLS/BTC,1560768994532,2019-06-17T10:56:34.532Z,sell,1.9e-06,1219.0,0.0023161
SNGLS/BTC,1560769006777,2019-06-17T10:56:46.777Z,buy,1.9e-06,1346.0,0.0025574
SNGLS/BTC,1560769044156,2019-06-17T10:57:24.156Z,buy,1.9e-06,2503.0,0.0047557
SNGLS/BTC,1560769058553,2019-06-17T10:57:38.553Z,sell,1.89e-06,17842.0,0.0337213799999999
SNGLS/BTC,1560769118837,2019-06-17T10:58:38.837Z,buy,1.9e-06,600.0,0.00114
SNGLS/BTC,1560769184216,2019-06-17T10:59:44.216Z,buy,1.9e-06,631.0,0.0011989
SNGLS/BTC,1560769221699,2019-06-17T11:00:21.699Z,sell,1.89e-06,4406.0,0.0083273399999999
SNGLS/BTC,1560769232826,2019-06-17T11:00:32.826Z,sell,1.89e-06,17768.0,0.03358152
SNGLS/BTC,1560769315870,2019-06-17T11:01:55.870Z,sell,1.89e-06,6282.0,0.01187298
SNGLS/BTC,1560769337002,2019-06-17T11:02:17.002Z,buy,1.9e-06,892.0,0.0016948
SNGLS/BTC,1560769399152,2019-06-17T11:03:19.152Z,sell,1.89e-06,149046.0,0.28169694
SNGLS/BTC,1560769401854,2019-06-17T11:03:21.854Z,sell,1.89e-06,5292.0,0.01000188
SNGLS/BTC,1560769425271,2019-06-17T11:03:45.271Z,sell,1.89e-06,43914.0,0.08299746
SNGLS/BTC,1560769538024,2019-06-17T11:05:38.024Z,sell,1.88e-06,25654.0,0.04822952
SNGLS/BTC,1560769538024,2019-06-17T11:05:38.024Z,sell,1.88e-06,5177.0,0.00973276
SNGLS/BTC,1560769538416,2019-06-17T11:05:38.416Z,buy,1.89e-06,25773.0,0.04871097
SNGLS/BTC,1560769545723,2019-06-17T11:05:45.723Z,sell,1.88e-06,753.0,0.00141564
SNGLS/BTC,1560769546724,2019-06-17T11:05:46.724Z,buy,1.89e-06,808.0,0.0015271199999999
SNGLS/BTC,1560769549174,2019-06-17T11:05:49.174Z,sell,1.88e-06,28259.0,0.05312692
SNGLS/BTC,1560769551408,2019-06-17T11:05:51.408Z,buy,1.89e-06,25035.0,0.0473161499999999
SNGLS/BTC,1560769552406,2019-06-17T11:05:52.406Z,sell,1.89e-06,3224.0,0.00609336
SNGLS/BTC,1560769564521,2019-06-17T11:06:04.521Z,buy,1.89e-06,6458.0,0.0122056199999999
SNGLS/BTC,1560769590857,2019-06-17T11:06:30.857Z,sell,1.89e-06,2877.0,0.0054375299999999
SNGLS/BTC,1560769591120,2019-06-17T11:06:31.120Z,sell,1.89e-06,17120.0,0.0323568
SNGLS/BTC,1560769591146,2019-06-17T11:06:31.146Z,buy,1.89e-06,196.0,0.00037044
SNGLS/BTC,1560769614737,2019-06-17T11:06:54.737Z,sell,1.88e-06,3301.0,0.00620588
SNGLS/BTC,1560769621324,2019-06-17T11:07:01.324Z,buy,1.88e-06,9229.0,0.01735052
SNGLS/BTC,1560769621376,2019-06-17T11:07:01.376Z,buy,1.89e-06,95391.0,0.1802889899999999
SNGLS/BTC,1560769624523,2019-06-17T11:07:04.523Z,sell,1.88e-06,6392.0,0.01201696
SNGLS/BTC,1560769642884,2019-06-17T11:07:22.884Z,buy,1.89e-06,4406.0,0.0083273399999999
SNGLS/BTC,1560769646146,2019-06-17T11:07:26.146Z,buy,1.89e-06,1856.0,0.00350784
SNGLS/BTC,1560769652349,2019-06-17T11:07:32.349Z,buy,1.89e-06,5291.0,0.00999999
SNGLS/BTC,1560769655973,2019-06-17T11:07:35.973Z,sell,1.88e-06,8920.0,0.0167696
SNGLS/BTC,1560769749787,2019-06-17T11:09:09.787Z,sell,1.88e-06,10191.0,0.01915908
SNGLS/BTC,1560769778184,2019-06-17T11:09:38.184Z,buy,1.88e-06,1757.0,0.00330316
SNGLS/BTC,1560769804606,2019-06-17T11:10:04.606Z,buy,1.88e-06,5000.0,0.0094
SNGLS/BTC,1560769808666,2019-06-17T11:10:08.666Z,buy,1.88e-06,24381.0,0.04583628
SNGLS/BTC,1560769810479,2019-06-17T11:10:10.479Z,sell,1.88e-06,5974.0,0.01123112
SNGLS/BTC,1560769827661,2019-06-17T11:10:27.661Z,sell,1.88e-06,572.0,0.00107536
SNGLS/BTC,1560769835709,2019-06-17T11:10:35.709Z,buy,1.88e-06,4282.0,0.00805016
SNGLS/BTC,1560769860426,2019-06-17T11:11:00.426Z,sell,1.87e-06,951.0,0.00177837
SNGLS/BTC,1560769884802,2019-06-17T11:11:24.802Z,sell,1.87e-06,2136.0,0.00399432
SNGLS/BTC,1560769930470,2019-06-17T11:12:10.470Z,buy,1.88e-06,30810.0,0.0579228
SNGLS/BTC,1560769959065,2019-06-17T11:12:39.065Z,buy,1.89e-06,62424.0,0.11798136
SNGLS/BTC,1560769969402,2019-06-17T11:12:49.402Z,buy,1.89e-06,1359.0,0.00256851
SNGLS/BTC,1560770009467,2019-06-17T11:13:29.467Z,sell,1.88e-06,1200.0,0.002256
SNGLS/BTC,1560770023817,2019-06-17T11:13:43.817Z,sell,1.88e-06,2563.0,0.00481844
SNGLS/BTC,1560770023817,2019-06-17T11:13:43.817Z,sell,1.87e-06,37.0,6.919e-05
SNGLS/BTC,1560770152126,2019-06-17T11:15:52.126Z,sell,1.88e-06,16747.0,0.03148436
SNGLS/BTC,1560770189571,2019-06-17T11:16:29.571Z,sell,1.88e-06,124260.0,0.2336088
SNGLS/BTC,1560770189881,2019-06-17T11:16:29.881Z,buy,1.88e-06,4374.0,0.00822312
SNGLS/BTC,1560770219009,2019-06-17T11:16:59.009Z,buy,1.88e-06,2581.0,0.00485228
SNGLS/BTC,1560770219452,2019-06-17T11:16:59.452Z,buy,1.88e-06,28221.0,0.05305548
SNGLS/BTC,1560770247470,2019-06-17T11:17:27.470Z,buy,1.89e-06,2607.0,0.0049272299999999
SNGLS/BTC,1560770269739,2019-06-17T11:17:49.739Z,sell,1.87e-06,538.0,0.00100606
SNGLS/BTC,1560770294765,2019-06-17T11:18:14.765Z,buy,1.88e-06,532.0,0.00100016
SNGLS/BTC,1560770306309,2019-06-17T11:18:26.309Z,sell,1.88e-06,46864.0,0.08810432
SNGLS/BTC,1560770464414,2019-06-17T11:21:04.414Z,sell,1.88e-06,5608.0,0.01054304
SNGLS/BTC,1560770519721,2019-06-17T11:21:59.721Z,buy,1.89e-06,1018.0,0.0019240199999999
SNGLS/BTC,1560770651053,2019-06-17T11:24:11.053Z,sell,1.88e-06,20422.0,0.03839336
SNGLS/BTC,1560770694422,2019-06-17T11:24:54.422Z,sell,1.88e-06,5480.0,0.0103024
SNGLS/BTC,1560770709331,2019-06-17T11:25:09.331Z,sell,1.88e-06,703.0,0.00132164
SNGLS/BTC,1560770712139,2019-06-17T11:25:12.139Z,buy,1.89e-06,11282.0,0.02132298
SNGLS/BTC,1560770747677,2019-06-17T11:25:47.677Z,sell,1.88e-06,278299.0,0.52320212
SNGLS/BTC,1560770755978,2019-06-17T11:25:55.978Z,sell,1.88e-06,34541.0,0.06493708
SNGLS/BTC,1560770767687,2019-06-17T11:26:07.687Z,sell,1.88e-06,121526.0,0.22846888
SNGLS/BTC,1560770778500,2019-06-17T11:26:18.500Z,sell,1.88e-06,10152.0,0.01908576
SNGLS/BTC,1560770779766,2019-06-17T11:26:19.766Z,buy,1.89e-06,64631.0,0.1221525899999999
SNGLS/BTC,1560770812715,2019-06-17T11:26:52.715Z,sell,1.88e-06,800.0,0.001504
SNGLS/BTC,1560770816499,2019-06-17T11:26:56.499Z,buy,1.89e-06,64403.0,0.1217216699999999
SNGLS/BTC,1560770824451,2019-06-17T11:27:04.451Z,sell,1.88e-06,800.0,0.001504
SNGLS/BTC,1560770932078,2019-06-17T11:28:52.078Z,sell,1.88e-06,6116.0,0.01149808
SNGLS/BTC,1560771024196,2019-06-17T11:30:24.196Z,sell,1.88e-06,85574.0,0.16087912
SNGLS/BTC,1560771073437,2019-06-17T11:31:13.437Z,sell,1.88e-06,39064.0,0.07344032
SNGLS/BTC,1560771118763,2019-06-17T11:31:58.763Z,sell,1.87e-06,6532.0,0.01221484
SNGLS/BTC,1560771125933,2019-06-17T11:32:05.933Z,sell,1.87e-06,2660.0,0.0049742
SNGLS/BTC,1560771131198,2019-06-17T11:32:11.198Z,buy,1.88e-06,13284.0,0.02497392
SNGLS/BTC,1560771176062,2019-06-17T11:32:56.062Z,buy,1.88e-06,12637.0,0.02375756
SNGLS/BTC,1560771176062,2019-06-17T11:32:56.062Z,buy,1.88e-06,1432.0,0.00269216
SNGLS/BTC,1560771176067,2019-06-17T11:32:56.067Z,buy,1.88e-06,6484.0,0.01218992
SNGLS/BTC,1560771176082,2019-06-17T11:32:56.082Z,buy,1.88e-06,6153.0,0.01156764
SNGLS/BTC,1560771176087,2019-06-17T11:32:56.087Z,buy,1.88e-06,3143.0,0.00590884
SNGLS/BTC,1560771176104,2019-06-17T11:32:56.104Z,buy,1.88e-06,1167.0,0.00219396
SNGLS/BTC,1560771237327,2019-06-17T11:33:57.327Z,sell,1.87e-06,2000.0,0.00374
SNGLS/BTC,1560771252926,2019-06-17T11:34:12.926Z,sell,1.87e-06,800.0,0.001496
SNGLS/BTC,1560771260375,2019-06-17T11:34:20.375Z,sell,1.87e-06,2000.0,0.00374
SNGLS/BTC,1560771268407,2019-06-17T11:34:28.407Z,buy,1.88e-06,1329.0,0.00249852
SNGLS/BTC,1560771332366,2019-06-17T11:35:32.366Z,buy,1.88e-06,3737.0,0.00702556
SNGLS/BTC,1560771343624,2019-06-17T11:35:43.624Z,sell,1.87e-06,3000.0,0.00561
SNGLS/BTC,1560771372884,2019-06-17T11:36:12.884Z,buy,1.88e-06,535.0,0.0010058
SNGLS/BTC,1560771378415,2019-06-17T11:36:18.415Z,sell,1.87e-06,541.0,0.00101167
SNGLS/BTC,1560771473599,2019-06-17T11:37:53.599Z,buy,1.88e-06,1329.0,0.00249852
SNGLS/BTC,1560771488363,2019-06-17T11:38:08.363Z,buy,1.88e-06,15000.0,0.0282
SNGLS/BTC,1560771488363,2019-06-17T11:38:08.363Z,buy,1.88e-06,15000.0,0.0282
SNGLS/BTC,1560771611606,2019-06-17T11:40:11.606Z,sell,1.87e-06,30578.0,0.05718086
SNGLS/BTC,1560771611800,2019-06-17T11:40:11.800Z,sell,1.87e-06,590.0,0.0011033
SNGLS/BTC,1560771638461,2019-06-17T11:40:38.461Z,buy,1.88e-06,1285.0,0.0024158
SNGLS/BTC,1560771717180,2019-06-17T11:41:57.180Z,buy,1.88e-06,11276.0,0.02119888
SNGLS/BTC,1560771717316,2019-06-17T11:41:57.316Z,buy,1.88e-06,222953.0,0.41915164
SNGLS/BTC,1560771717462,2019-06-17T11:41:57.462Z,sell,1.88e-06,31960.0,0.0600848
SNGLS/BTC,1560771717555,2019-06-17T11:41:57.555Z,sell,1.88e-06,9472.0,0.01780736
SNGLS/BTC,1560771717661,2019-06-17T11:41:57.661Z,sell,1.88e-06,21096.0,0.03966048
SNGLS/BTC,1560771729369,2019-06-17T11:42:09.369Z,sell,1.88e-06,933.0,0.00175404
SNGLS/BTC,1560771770850,2019-06-17T11:42:50.850Z,buy,1.89e-06,50000.0,0.0945
SNGLS/BTC,1560771792834,2019-06-17T11:43:12.834Z,buy,1.89e-06,31750.0,0.0600075
SNGLS/BTC,1560771797625,2019-06-17T11:43:17.625Z,buy,1.89e-06,5510.0,0.0104139
SNGLS/BTC,1560771805691,2019-06-17T11:43:25.691Z,buy,1.89e-06,50000.0,0.0945
SNGLS/BTC,1560771822842,2019-06-17T11:43:42.842Z,buy,1.89e-06,6443.0,0.0121772699999999
SNGLS/BTC,1560771878686,2019-06-17T11:44:38.686Z,buy,1.89e-06,221799.0,0.4192001099999999
SNGLS/BTC,1560771887284,2019-06-17T11:44:47.284Z,buy,1.89e-06,8115.0,0.01533735
SNGLS/BTC,1560772012529,2019-06-17T11:46:52.529Z,buy,1.9e-06,25209.0,0.0478971
SNGLS/BTC,1560772018684,2019-06-17T11:46:58.684Z,buy,1.9e-06,18907.0,0.0359233
SNGLS/BTC,1560772037204,2019-06-17T11:47:17.204Z,buy,1.9e-06,1681.0,0.0031939
SNGLS/BTC,1560772061749,2019-06-17T11:47:41.749Z,buy,1.9e-06,3023.0,0.0057437
SNGLS/BTC,1560772071437,2019-06-17T11:47:51.437Z,buy,1.9e-06,17910.0,0.034029
SNGLS/BTC,1560772091035,2019-06-17T11:48:11.035Z,buy,1.9e-06,10571.0,0.0200849
SNGLS/BTC,1560772256168,2019-06-17T11:50:56.168Z,buy,1.9e-06,18421.0,0.0349999
SNGLS/BTC,1560772256581,2019-06-17T11:50:56.581Z,buy,1.9e-06,11554.0,0.0219526
SNGLS/BTC,1560772299450,2019-06-17T11:51:39.450Z,sell,1.89e-06,3800.0,0.007182
SNGLS/BTC,1560772340518,2019-06-17T11:52:20.518Z,sell,1.89e-06,1442.0,0.00272538
SNGLS/BTC,1560772352007,2019-06-17T11:52:32.007Z,buy,1.9e-06,10526.0,0.0199994
SNGLS/BTC,1560772366123,2019-06-17T11:52:46.123Z,buy,1.9e-06,65219.0,0.1239161
SNGLS/BTC,1560772374989,2019-06-17T11:52:54.989Z,buy,1.9e-06,4129.0,0.0078451
SNGLS/BTC,1560772393739,2019-06-17T11:53:13.739Z,buy,1.9e-06,736.0,0.0013984
SNGLS/BTC,1560772398940,2019-06-17T11:53:18.940Z,buy,1.9e-06,5263.0,0.0099997
SNGLS/BTC,1560772407853,2019-06-17T11:53:27.853Z,buy,1.9e-06,30347.0,0.0576593
SNGLS/BTC,1560772410375,2019-06-17T11:53:30.375Z,buy,1.91e-06,2617.0,0.00499847
SNGLS/BTC,1560772410375,2019-06-17T11:53:30.375Z,buy,1.91e-06,6313.0,0.01205783
SNGLS/BTC,1560772414716,2019-06-17T11:53:34.716Z,buy,1.91e-06,1569.0,0.00299679
SNGLS/BTC,1560772417672,2019-06-17T11:53:37.672Z,buy,1.91e-06,1177.0,0.00224807
SNGLS/BTC,1560772455375,2019-06-17T11:54:15.375Z,buy,1.91e-06,1235.0,0.00235885
SNGLS/BTC,1560772587676,2019-06-17T11:56:27.676Z,sell,1.9e-06,527.0,0.0010013
SNGLS/BTC,1560772651506,2019-06-17T11:57:31.506Z,buy,1.91e-06,47420.0,0.0905721999999999
SNGLS/BTC,1560772763198,2019-06-17T11:59:23.198Z,sell,1.91e-06,5263.0,0.01005233
SNGLS/BTC,1560772797973,2019-06-17T11:59:57.973Z,sell,1.91e-06,1233.0,0.0023550299999999
SNGLS/BTC,1560772804929,2019-06-17T12:00:04.929Z,buy,1.92e-06,8663.0,0.01663296
SNGLS/BTC,1560772804929,2019-06-17T12:00:04.929Z,buy,1.92e-06,550.0,0.0010559999999999
SNGLS/BTC,1560772882185,2019-06-17T12:01:22.185Z,buy,1.92e-06,7069.0,0.01357248
SNGLS/BTC,1560772905772,2019-06-17T12:01:45.772Z,sell,1.91e-06,189806.0,0.3625294599999999
SNGLS/BTC,1560772910779,2019-06-17T12:01:50.779Z,sell,1.9e-06,1328.0,0.0025232
SNGLS/BTC,1560772914061,2019-06-17T12:01:54.061Z,sell,1.9e-06,1329.0,0.0025251
SNGLS/BTC,1560772914816,2019-06-17T12:01:54.816Z,sell,1.9e-06,13284.0,0.0252396
SNGLS/BTC,1560772917063,2019-06-17T12:01:57.063Z,sell,1.9e-06,68179.0,0.1295401
SNGLS/BTC,1560772917063,2019-06-17T12:01:57.063Z,sell,1.89e-06,30161.0,0.05700429
SNGLS/BTC,1560772966486,2019-06-17T12:02:46.486Z,buy,1.91e-06,31413.0,0.0599988299999999
SNGLS/BTC,1560773112168,2019-06-17T12:05:12.168Z,sell,1.9e-06,1563.0,0.0029697
SNGLS/BTC,1560773114176,2019-06-17T12:05:14.176Z,sell,1.89e-06,559.0,0.0010565099999999
SNGLS/BTC,1560773200058,2019-06-17T12:06:40.058Z,sell,1.9e-06,10526.0,0.0199994
SNGLS/BTC,1560773353427,2019-06-17T12:09:13.427Z,sell,1.89e-06,20401.0,0.03855789
SNGLS/BTC,1560773463039,2019-06-17T12:11:03.039Z,sell,1.89e-06,1231.0,0.00232659
SNGLS/BTC,1560773487827,2019-06-17T12:11:27.827Z,sell,1.89e-06,35861.0,0.0677772899999999
SNGLS/BTC,1560773524556,2019-06-17T12:12:04.556Z,sell,1.89e-06,5359.0,0.01012851
SNGLS/BTC,1560773558649,2019-06-17T12:12:38.649Z,sell,1.88e-06,4611.0,0.00866868
SNGLS/BTC,1560773759463,2019-06-17T12:15:59.463Z,sell,1.88e-06,5151.0,0.00968388
SNGLS/BTC,1560773799406,2019-06-17T12:16:39.406Z,sell,1.89e-06,10526.0,0.0198941399999999
SNGLS/BTC,1560773829987,2019-06-17T12:17:09.987Z,sell,1.89e-06,2385.0,0.00450765
SNGLS/BTC,1560773839240,2019-06-17T12:17:19.240Z,buy,1.89e-06,8479.0,0.0160253099999999
SNGLS/BTC,1560773853896,2019-06-17T12:17:33.896Z,sell,1.89e-06,10526.0,0.0198941399999999
SNGLS/BTC,1560773896796,2019-06-17T12:18:16.796Z,sell,1.89e-06,1155.0,0.00218295
SNGLS/BTC,1560774013271,2019-06-17T12:20:13.271Z,sell,1.88e-06,14198.0,0.02669224
SNGLS/BTC,1560774025515,2019-06-17T12:20:25.515Z,sell,1.88e-06,538.0,0.00101144
SNGLS/BTC,1560774113675,2019-06-17T12:21:53.675Z,sell,1.88e-06,72649.0,0.13658012
SNGLS/BTC,1560774114568,2019-06-17T12:21:54.568Z,sell,1.88e-06,1326.0,0.00249288
SNGLS/BTC,1560774170844,2019-06-17T12:22:50.844Z,sell,1.88e-06,1973.0,0.00370924
SNGLS/BTC,1560774185584,2019-06-17T12:23:05.584Z,sell,1.88e-06,16944.0,0.03185472
SNGLS/BTC,1560774226885,2019-06-17T12:23:46.885Z,buy,1.89e-06,822.0,0.00155358
SNGLS/BTC,1560774248266,2019-06-17T12:24:08.266Z,buy,1.9e-06,1346.0,0.0025574
SNGLS/BTC,1560774258304,2019-06-17T12:24:18.304Z,buy,1.9e-06,1345.0,0.0025555
SNGLS/BTC,1560774523561,2019-06-17T12:28:43.561Z,buy,1.9e-06,1461.0,0.0027759
SNGLS/BTC,1560774601287,2019-06-17T12:30:01.287Z,sell,1.89e-06,1461.0,0.00276129
SNGLS/BTC,1560774745990,2019-06-17T12:32:25.990Z,buy,1.9e-06,8546.0,0.0162374
SNGLS/BTC,1560774777434,2019-06-17T12:32:57.434Z,sell,1.89e-06,13355.0,0.0252409499999999
SNGLS/BTC,1560774987618,2019-06-17T12:36:27.618Z,buy,1.9e-06,1978.0,0.0037582
SNGLS/BTC,1560774998739,2019-06-17T12:36:38.739Z,buy,1.9e-06,1346.0,0.0025574
SNGLS/BTC,1560774999337,2019-06-17T12:36:39.337Z,buy,1.9e-06,1578.0,0.0029982
SNGLS/BTC,1560775082034,2019-06-17T12:38:02.034Z,sell,1.89e-06,33127.0,0.06261003
SNGLS/BTC,1560775082034,2019-06-17T12:38:02.034Z,sell,1.89e-06,33127.0,0.06261003
SNGLS/BTC,1560775127412,2019-06-17T12:38:47.412Z,sell,1.89e-06,13089.0,0.02473821
SNGLS/BTC,1560775127412,2019-06-17T12:38:47.412Z,sell,1.88e-06,12094.0,0.02273672
SNGLS/BTC,1560775127439,2019-06-17T12:38:47.439Z,buy,1.88e-06,13030.0,0.0244964
SNGLS/BTC,1560775127440,2019-06-17T12:38:47.440Z,buy,1.88e-06,13089.0,0.02460732
SNGLS/BTC,1560775127450,2019-06-17T12:38:47.450Z,buy,1.88e-06,1837.0,0.00345356
SNGLS/BTC,1560775127456,2019-06-17T12:38:47.456Z,buy,1.88e-06,2334.0,0.00438792
SNGLS/BTC,1560775130657,2019-06-17T12:38:50.657Z,sell,1.87e-06,11654.0,0.02179298
SNGLS/BTC,1560775131730,2019-06-17T12:38:51.730Z,buy,1.88e-06,52014.0,0.09778632
SNGLS/BTC,1560775131877,2019-06-17T12:38:51.877Z,buy,1.88e-06,8563.0,0.01609844
SNGLS/BTC,1560775132175,2019-06-17T12:38:52.175Z,buy,1.88e-06,26952.0,0.05066976
SNGLS/BTC,1560775132682,2019-06-17T12:38:52.682Z,buy,1.88e-06,21890.0,0.0411532
SNGLS/BTC,1560775133842,2019-06-17T12:38:53.842Z,buy,1.9e-06,6830.0,0.012977
SNGLS/BTC,1560775134031,2019-06-17T12:38:54.031Z,buy,1.9e-06,25061.0,0.0476159
SNGLS/BTC,1560775134226,2019-06-17T12:38:54.226Z,buy,1.9e-06,3993.0,0.0075867
SNGLS/BTC,1560775157031,2019-06-17T12:39:17.031Z,buy,1.89e-06,7029.0,0.01328481
SNGLS/BTC,1560775161103,2019-06-17T12:39:21.103Z,buy,1.89e-06,6060.0,0.0114533999999999
SNGLS/BTC,1560775163027,2019-06-17T12:39:23.027Z,sell,1.89e-06,530.0,0.0010017
SNGLS/BTC,1560775163792,2019-06-17T12:39:23.792Z,buy,1.9e-06,1567.0,0.0029773
SNGLS/BTC,1560775276891,2019-06-17T12:41:16.891Z,sell,1.89e-06,1152.0,0.0021772799999999
SNGLS/BTC,1560775293725,2019-06-17T12:41:33.725Z,buy,1.9e-06,661.0,0.0012559
SNGLS/BTC,1560775414685,2019-06-17T12:43:34.685Z,buy,1.9e-06,5951.0,0.0113069
SNGLS/BTC,1560775435584,2019-06-17T12:43:55.584Z,sell,1.89e-06,6200.0,0.011718
SNGLS/BTC,1560775444198,2019-06-17T12:44:04.198Z,buy,1.89e-06,3174.0,0.00599886
SNGLS/BTC,1560775654086,2019-06-17T12:47:34.086Z,buy,1.89e-06,7505.0,0.01418445
SNGLS/BTC,1560776013560,2019-06-17T12:53:33.560Z,buy,1.9e-06,1644.0,0.0031236
SNGLS/BTC,1560776155247,2019-06-17T12:55:55.247Z,sell,1.89e-06,31491.0,0.05951799
SNGLS/BTC,1560776321970,2019-06-17T12:58:41.970Z,sell,1.89e-06,999.0,0.00188811
SNGLS/BTC,1560776657412,2019-06-17T13:04:17.412Z,buy,1.9e-06,24409.0,0.0463771
SNGLS/BTC,1560776721578,2019-06-17T13:05:21.578Z,sell,1.9e-06,7029.0,0.0133551
SNGLS/BTC,1560776873427,2019-06-17T13:07:53.427Z,buy,1.91e-06,14184.0,0.0270914399999999
SNGLS/BTC,1560777005235,2019-06-17T13:10:05.235Z,buy,1.91e-06,3237.0,0.0061826699999999
SNGLS/BTC,1560777008498,2019-06-17T13:10:08.498Z,buy,1.91e-06,4897.0,0.00935327
SNGLS/BTC,1560777032632,2019-06-17T13:10:32.632Z,buy,1.91e-06,12267.0,0.0234299699999999
SNGLS/BTC,1560777041911,2019-06-17T13:10:41.911Z,buy,1.91e-06,10509.0,0.02007219
SNGLS/BTC,1560777050693,2019-06-17T13:10:50.693Z,buy,1.91e-06,10471.0,0.0199996099999999
SNGLS/BTC,1560777051771,2019-06-17T13:10:51.771Z,sell,1.9e-06,1284.0,0.0024396
SNGLS/BTC,1560777053064,2019-06-17T13:10:53.064Z,buy,1.91e-06,2000.0,0.00382
SNGLS/BTC,1560777053504,2019-06-17T13:10:53.504Z,buy,1.91e-06,55065.0,0.10517415
SNGLS/BTC,1560777159002,2019-06-17T13:12:39.002Z,sell,1.91e-06,7312.0,0.01396592
SNGLS/BTC,1560777167661,2019-06-17T13:12:47.661Z,buy,1.92e-06,650.0,0.001248
SNGLS/BTC,1560777188149,2019-06-17T13:13:08.149Z,buy,1.92e-06,20170.0,0.0387263999999999
SNGLS/BTC,1560777215982,2019-06-17T13:13:35.982Z,buy,1.92e-06,56817.0,0.1090886399999999
SNGLS/BTC,1560777216018,2019-06-17T13:13:36.018Z,sell,1.92e-06,3834.0,0.0073612799999999
SNGLS/BTC,1560777216034,2019-06-17T13:13:36.034Z,sell,1.92e-06,7054.0,0.0135436799999999
SNGLS/BTC,1560777216049,2019-06-17T13:13:36.049Z,sell,1.92e-06,2852.0,0.0054758399999999
SNGLS/BTC,1560777253792,2019-06-17T13:14:13.792Z,sell,1.92e-06,925.0,0.0017759999999999
SNGLS/BTC,1560777254269,2019-06-17T13:14:14.269Z,sell,1.92e-06,30083.0,0.0577593599999999
SNGLS/BTC,1560777275672,2019-06-17T13:14:35.672Z,buy,1.92e-06,573.0,0.00110016
SNGLS/BTC,1560777278159,2019-06-17T13:14:38.159Z,buy,1.92e-06,24393.0,0.04683456
SNGLS/BTC,1560777279322,2019-06-17T13:14:39.322Z,sell,1.92e-06,3174.0,0.0060940799999999
SNGLS/BTC,1560777315977,2019-06-17T13:15:15.977Z,sell,1.92e-06,10582.0,0.02031744
SNGLS/BTC,1560777322530,2019-06-17T13:15:22.530Z,sell,1.92e-06,4406.0,0.00845952
SNGLS/BTC,1560777331271,2019-06-17T13:15:31.271Z,sell,1.92e-06,1336.0,0.0025651199999999
SNGLS/BTC,1560777343528,2019-06-17T13:15:43.528Z,sell,1.92e-06,5951.0,0.0114259199999999
SNGLS/BTC,1560777550760,2019-06-17T13:19:10.760Z,sell,1.92e-06,13346.0,0.02562432
SNGLS/BTC,1560777561093,2019-06-17T13:19:21.093Z,buy,1.92e-06,611.0,0.00117312
SNGLS/BTC,1560777631523,2019-06-17T13:20:31.523Z,buy,1.92e-06,5955.0,0.0114335999999999
SNGLS/BTC,1560777804223,2019-06-17T13:23:24.223Z,buy,1.92e-06,5429.0,0.01042368
SNGLS/BTC,1560777947906,2019-06-17T13:25:47.906Z,buy,1.92e-06,30726.0,0.0589939199999999
SNGLS/BTC,1560777977275,2019-06-17T13:26:17.275Z,sell,1.92e-06,901.0,0.0017299199999999
SNGLS/BTC,1560778223956,2019-06-17T13:30:23.956Z,sell,1.92e-06,3000.0,0.0057599999999999
SNGLS/BTC,1560778352809,2019-06-17T13:32:32.809Z,buy,1.92e-06,4138.0,0.00794496
SNGLS/BTC,1560778416102,2019-06-17T13:33:36.102Z,buy,1.92e-06,1286.0,0.00246912
SNGLS/BTC,1560778420980,2019-06-17T13:33:40.980Z,sell,1.92e-06,18643.0,0.0357945599999999
SNGLS/BTC,1560778420980,2019-06-17T13:33:40.980Z,sell,1.92e-06,18643.0,0.0357945599999999
SNGLS/BTC,1560778763808,2019-06-17T13:39:23.808Z,buy,1.93e-06,50000.0,0.0965
SNGLS/BTC,1560778785385,2019-06-17T13:39:45.385Z,buy,1.93e-06,10000.0,0.0193
SNGLS/BTC,1560778793443,2019-06-17T13:39:53.443Z,buy,1.93e-06,10000.0,0.0193
SNGLS/BTC,1560778859724,2019-06-17T13:40:59.724Z,buy,1.93e-06,10000.0,0.0193
SNGLS/BTC,1560778862879,2019-06-17T13:41:02.879Z,sell,1.92e-06,638.0,0.00122496
SNGLS/BTC,1560778877458,2019-06-17T13:41:17.458Z,sell,1.92e-06,1679.0,0.0032236799999999
SNGLS/BTC,1560778923874,2019-06-17T13:42:03.874Z,sell,1.92e-06,11507.0,0.02209344
SNGLS/BTC,1560778949808,2019-06-17T13:42:29.808Z,sell,1.92e-06,5799.0,0.01113408
SNGLS/BTC,1560779018743,2019-06-17T13:43:38.743Z,buy,1.93e-06,10000.0,0.0193
SNGLS/BTC,1560779031676,2019-06-17T13:43:51.676Z,buy,1.93e-06,10000.0,0.0193
SNGLS/BTC,1560779112355,2019-06-17T13:45:12.355Z,sell,1.92e-06,8586.0,0.01648512
SNGLS/BTC,1560779302984,2019-06-17T13:48:22.984Z,sell,1.92e-06,12637.0,0.0242630399999999
SNGLS/BTC,1560779434082,2019-06-17T13:50:34.082Z,sell,1.92e-06,93072.0,0.1786982399999999
SNGLS/BTC,1560779550727,2019-06-17T13:52:30.727Z,buy,1.92e-06,10210.0,0.0196031999999999
SNGLS/BTC,1560779655013,2019-06-17T13:54:15.013Z,sell,1.92e-06,1302.0,0.0024998399999999
SNGLS/BTC,1560779899177,2019-06-17T13:58:19.177Z,sell,1.92e-06,3.0,5.759999999999999e-06
SNGLS/BTC,1560779899177,2019-06-17T13:58:19.177Z,sell,1.91e-06,983.0,0.0018775299999999
SNGLS/BTC,1560779926874,2019-06-17T13:58:46.874Z,sell,1.91e-06,19514.0,0.03727174
SNGLS/BTC,1560780171111,2019-06-17T14:02:51.111Z,sell,1.91e-06,14635.0,0.0279528499999999
SNGLS/BTC,1560780246057,2019-06-17T14:04:06.057Z,sell,1.92e-06,656.0,0.0012595199999999
SNGLS/BTC,1560780246089,2019-06-17T14:04:06.089Z,buy,1.92e-06,10321.0,0.01981632
SNGLS/BTC,1560780257973,2019-06-17T14:04:17.973Z,buy,1.92e-06,4166.0,0.0079987199999999
SNGLS/BTC,1560780278755,2019-06-17T14:04:38.755Z,buy,1.92e-06,3568.0,0.0068505599999999
SNGLS/BTC,1560780366649,2019-06-17T14:06:06.649Z,buy,1.93e-06,2300.0,0.004439
SNGLS/BTC,1560780455533,2019-06-17T14:07:35.533Z,sell,1.92e-06,8232.0,0.0158054399999999
SNGLS/BTC,1560780808875,2019-06-17T14:13:28.875Z,sell,1.92e-06,522.0,0.00100224
SNGLS/BTC,1560780877011,2019-06-17T14:14:37.011Z,sell,1.91e-06,12349.0,0.0235865899999999
SNGLS/BTC,1560780882062,2019-06-17T14:14:42.062Z,sell,1.91e-06,12350.0,0.0235885
SNGLS/BTC,1560780953494,2019-06-17T14:15:53.494Z,sell,1.91e-06,530.0,0.0010123
SNGLS/BTC,1560780992967,2019-06-17T14:16:32.967Z,sell,1.91e-06,3192.0,0.00609672
SNGLS/BTC,1560781023824,2019-06-17T14:17:03.824Z,buy,1.92e-06,521.0,0.0010003199999999
SNGLS/BTC,1560781059046,2019-06-17T14:17:39.046Z,sell,1.92e-06,14321.0,0.0274963199999999
SNGLS/BTC,1560781085477,2019-06-17T14:18:05.477Z,sell,1.91e-06,23779.0,0.0454178899999999
SNGLS/BTC,1560781091094,2019-06-17T14:18:11.094Z,buy,1.92e-06,19838.0,0.03808896
SNGLS/BTC,1560781308972,2019-06-17T14:21:48.972Z,sell,1.92e-06,2262.0,0.0043430399999999
SNGLS/BTC,1560781350229,2019-06-17T14:22:30.229Z,sell,1.91e-06,3310.0,0.0063221
SNGLS/BTC,1560781430476,2019-06-17T14:23:50.476Z,sell,1.91e-06,31595.0,0.0603464499999999
SNGLS/BTC,1560781441291,2019-06-17T14:24:01.291Z,buy,1.92e-06,5200.0,0.009984
SNGLS/BTC,1560781521742,2019-06-17T14:25:21.742Z,sell,1.91e-06,5385.0,0.01028535
SNGLS/BTC,1560781600109,2019-06-17T14:26:40.109Z,buy,1.92e-06,8031.0,0.0154195199999999
SNGLS/BTC,1560781617891,2019-06-17T14:26:57.891Z,buy,1.92e-06,2573.0,0.00494016
SNGLS/BTC,1560781798185,2019-06-17T14:29:58.185Z,sell,1.92e-06,69965.0,0.1343327999999999
SNGLS/BTC,1560781820952,2019-06-17T14:30:20.952Z,sell,1.91e-06,3733.0,0.00713003
SNGLS/BTC,1560781932208,2019-06-17T14:32:12.208Z,buy,1.92e-06,2466.0,0.0047347199999999
SNGLS/BTC,1560781989722,2019-06-17T14:33:09.722Z,sell,1.91e-06,175004.0,0.3342576399999999
SNGLS/BTC,1560781989722,2019-06-17T14:33:09.722Z,sell,1.91e-06,175004.0,0.3342576399999999
SNGLS/BTC,1560782100570,2019-06-17T14:35:00.570Z,sell,1.9e-06,3310.0,0.006289
SNGLS/BTC,1560782122260,2019-06-17T14:35:22.260Z,sell,1.9e-06,258812.0,0.4917428
SNGLS/BTC,1560782152834,2019-06-17T14:35:52.834Z,buy,1.91e-06,1327.0,0.00253457
SNGLS/BTC,1560782181247,2019-06-17T14:36:21.247Z,buy,1.9e-06,4453.0,0.0084607
SNGLS/BTC,1560782193349,2019-06-17T14:36:33.349Z,buy,1.9e-06,8696.0,0.0165224
SNGLS/BTC,1560782221380,2019-06-17T14:37:01.380Z,buy,1.9e-06,527.0,0.0010013
SNGLS/BTC,1560782375436,2019-06-17T14:39:35.436Z,buy,1.9e-06,5930.0,0.011267
SNGLS/BTC,1560782397046,2019-06-17T14:39:57.046Z,sell,1.89e-06,9346.0,0.01766394
SNGLS/BTC,1560782407721,2019-06-17T14:40:07.721Z,buy,1.9e-06,27492.0,0.0522348
SNGLS/BTC,1560782419934,2019-06-17T14:40:19.934Z,sell,1.9e-06,131415.0,0.2496885
SNGLS/BTC,1560782431202,2019-06-17T14:40:31.202Z,buy,1.9e-06,9879.0,0.0187701
SNGLS/BTC,1560782460007,2019-06-17T14:41:00.007Z,buy,1.91e-06,52943.0,0.1011211299999999
SNGLS/BTC,1560782460039,2019-06-17T14:41:00.039Z,sell,1.91e-06,6134.0,0.01171594
SNGLS/BTC,1560782472753,2019-06-17T14:41:12.753Z,buy,1.92e-06,13365.0,0.0256607999999999
SNGLS/BTC,1560782477882,2019-06-17T14:41:17.882Z,buy,1.92e-06,32338.0,0.0620889599999999
SNGLS/BTC,1560782477882,2019-06-17T14:41:17.882Z,buy,1.93e-06,101039.0,0.19500527
SNGLS/BTC,1560782711261,2019-06-17T14:45:11.261Z,buy,1.93e-06,5021.0,0.00969053
SNGLS/BTC,1560782711286,2019-06-17T14:45:11.286Z,sell,1.93e-06,3071.0,0.00592703
SNGLS/BTC,1560782711300,2019-06-17T14:45:11.300Z,sell,1.93e-06,2666.0,0.00514538
SNGLS/BTC,1560782718810,2019-06-17T14:45:18.810Z,sell,1.92e-06,1347.0,0.0025862399999999
SNGLS/BTC,1560782786829,2019-06-17T14:46:26.829Z,buy,1.93e-06,524.0,0.00101132
SNGLS/BTC,1560782953699,2019-06-17T14:49:13.699Z,sell,1.92e-06,450.0,0.000864
SNGLS/BTC,1560782953699,2019-06-17T14:49:13.699Z,sell,1.91e-06,4926.0,0.00940866
SNGLS/BTC,1560782981712,2019-06-17T14:49:41.712Z,sell,1.91e-06,2033.0,0.00388303
SNGLS/BTC,1560783099276,2019-06-17T14:51:39.276Z,sell,1.91e-06,6460.0,0.0123386
SNGLS/BTC,1560783327930,2019-06-17T14:55:27.930Z,sell,1.91e-06,7304.0,0.01395064
SNGLS/BTC,1560783511527,2019-06-17T14:58:31.527Z,sell,1.91e-06,37437.0,0.0715046699999999
SNGLS/BTC,1560783511527,2019-06-17T14:58:31.527Z,sell,1.9e-06,24622.0,0.0467818
SNGLS/BTC,1560783578041,2019-06-17T14:59:38.041Z,sell,1.9e-06,17657.0,0.0335483
SNGLS/BTC,1560783583002,2019-06-17T14:59:43.002Z,sell,1.9e-06,5376.0,0.0102144
SNGLS/BTC,1560783668822,2019-06-17T15:01:08.822Z,sell,1.9e-06,5536.0,0.0105184
SNGLS/BTC,1560783720821,2019-06-17T15:02:00.821Z,sell,1.9e-06,74742.0,0.1420098
SNGLS/BTC,1560783745475,2019-06-17T15:02:25.475Z,sell,1.9e-06,14030.0,0.026657
SNGLS/BTC,1560784119788,2019-06-17T15:08:39.788Z,sell,1.9e-06,3125.0,0.0059375
SNGLS/BTC,1560784335060,2019-06-17T15:12:15.060Z,sell,1.9e-06,4138.0,0.0078622
SNGLS/BTC,1560784476074,2019-06-17T15:14:36.074Z,sell,1.9e-06,4401.0,0.0083619
SNGLS/BTC,1560784506010,2019-06-17T15:15:06.010Z,buy,1.9e-06,3099.0,0.0058881
SNGLS/BTC,1560784643580,2019-06-17T15:17:23.580Z,sell,1.9e-06,44700.0,0.08493
SNGLS/BTC,1560784846455,2019-06-17T15:20:46.455Z,sell,1.9e-06,687.0,0.0013053
SNGLS/BTC,1560785208534,2019-06-17T15:26:48.534Z,sell,1.9e-06,1867.0,0.0035473
SNGLS/BTC,1560785375465,2019-06-17T15:29:35.465Z,sell,1.9e-06,8085.0,0.0153615
SNGLS/BTC,1560785397526,2019-06-17T15:29:57.526Z,sell,1.9e-06,9990.0,0.018981
SNGLS/BTC,1560785522724,2019-06-17T15:32:02.724Z,sell,1.9e-06,11000.0,0.0209
SNGLS/BTC,1560785522724,2019-06-17T15:32:02.724Z,sell,1.9e-06,11000.0,0.0209
SNGLS/BTC,1560785681835,2019-06-17T15:34:41.835Z,buy,1.91e-06,16765.0,0.03202115
SNGLS/BTC,1560785692211,2019-06-17T15:34:52.211Z,sell,1.9e-06,640.0,0.001216
SNGLS/BTC,1560785715725,2019-06-17T15:35:15.725Z,sell,1.9e-06,63248.0,0.1201712
SNGLS/BTC,1560785716927,2019-06-17T15:35:16.927Z,buy,1.9e-06,608.0,0.0011552
SNGLS/BTC,1560785988634,2019-06-17T15:39:48.634Z,buy,1.9e-06,62232.0,0.1182408
SNGLS/BTC,1560786088908,2019-06-17T15:41:28.908Z,sell,1.89e-06,1249.0,0.00236061
SNGLS/BTC,1560786096363,2019-06-17T15:41:36.363Z,buy,1.9e-06,129123.0,0.2453337
SNGLS/BTC,1560786606899,2019-06-17T15:50:06.899Z,sell,1.9e-06,1912.0,0.0036328
SNGLS/BTC,1560786881547,2019-06-17T15:54:41.547Z,sell,1.9e-06,603.0,0.0011457
SNGLS/BTC,1560787005581,2019-06-17T15:56:45.581Z,sell,1.9e-06,1644.0,0.0031236
SNGLS/BTC,1560787012126,2019-06-17T15:56:52.126Z,sell,1.9e-06,119364.0,0.2267916
SNGLS/BTC,1560787344106,2019-06-17T16:02:24.106Z,buy,1.91e-06,628.0,0.00119948
SNGLS/BTC,1560787531846,2019-06-17T16:05:31.846Z,buy,1.91e-06,10449.0,0.01995759
SNGLS/BTC,1560787601475,2019-06-17T16:06:41.475Z,sell,1.9e-06,6557.0,0.0124583
SNGLS/BTC,1560787661476,2019-06-17T16:07:41.476Z,sell,1.9e-06,5164.0,0.0098116
SNGLS/BTC,1560787941528,2019-06-17T16:12:21.528Z,buy,1.91e-06,9575.0,0.01828825
SNGLS/BTC,1560787941556,2019-06-17T16:12:21.556Z,sell,1.91e-06,2620.0,0.0050041999999999
SNGLS/BTC,1560787941668,2019-06-17T16:12:21.668Z,sell,1.91e-06,3936.0,0.00751776
SNGLS/BTC,1560787981124,2019-06-17T16:13:01.124Z,sell,1.91e-06,527.0,0.00100657
SNGLS/BTC,1560788018180,2019-06-17T16:13:38.180Z,sell,1.91e-06,5220.0,0.0099702
SNGLS/BTC,1560788028230,2019-06-17T16:13:48.230Z,buy,1.92e-06,34789.0,0.06679488
SNGLS/BTC,1560788032492,2019-06-17T16:13:52.492Z,buy,1.92e-06,625.0,0.0012
SNGLS/BTC,1560788092300,2019-06-17T16:14:52.300Z,buy,1.92e-06,26315.0,0.0505247999999999
SNGLS/BTC,1560788092765,2019-06-17T16:14:52.765Z,buy,1.92e-06,540.0,0.0010367999999999
SNGLS/BTC,1560788117498,2019-06-17T16:15:17.498Z,buy,1.92e-06,41352.0,0.07939584
SNGLS/BTC,1560788136968,2019-06-17T16:15:36.968Z,buy,1.92e-06,26403.0,0.05069376
SNGLS/BTC,1560788164427,2019-06-17T16:16:04.427Z,buy,1.92e-06,244.0,0.0004684799999999
SNGLS/BTC,1560788164450,2019-06-17T16:16:04.450Z,sell,1.92e-06,23844.0,0.04578048
SNGLS/BTC,1560788165947,2019-06-17T16:16:05.947Z,buy,1.92e-06,842.0,0.00161664
SNGLS/BTC,1560788230557,2019-06-17T16:17:10.557Z,buy,1.93e-06,9856.0,0.01902208
SNGLS/BTC,1560788236162,2019-06-17T16:17:16.162Z,buy,1.93e-06,11258.0,0.02172794
SNGLS/BTC,1560788243152,2019-06-17T16:17:23.152Z,buy,1.93e-06,26640.0,0.0514152
SNGLS/BTC,1560788261946,2019-06-17T16:17:41.946Z,sell,1.93e-06,4684.0,0.00904012
SNGLS/BTC,1560788264436,2019-06-17T16:17:44.436Z,sell,1.93e-06,8625.0,0.01664625
SNGLS/BTC,1560788270695,2019-06-17T16:17:50.695Z,sell,1.93e-06,8031.0,0.01549983
SNGLS/BTC,1560788281236,2019-06-17T16:18:01.236Z,sell,1.93e-06,5100.0,0.009843
SNGLS/BTC,1560788285016,2019-06-17T16:18:05.016Z,sell,1.93e-06,631.0,0.00121783
SNGLS/BTC,1560788302646,2019-06-17T16:18:22.646Z,sell,1.93e-06,4166.0,0.00804038
SNGLS/BTC,1560788319312,2019-06-17T16:18:39.312Z,sell,1.93e-06,10416.0,0.02010288
SNGLS/BTC,1560788391803,2019-06-17T16:19:51.803Z,buy,1.94e-06,6443.0,0.01249942
SNGLS/BTC,1560788422187,2019-06-17T16:20:22.187Z,buy,1.94e-06,521.0,0.00101074
SNGLS/BTC,1560788429527,2019-06-17T16:20:29.527Z,sell,1.93e-06,1797.0,0.00346821
SNGLS/BTC,1560788433980,2019-06-17T16:20:33.980Z,buy,1.94e-06,17158.0,0.03328652
SNGLS/BTC,1560788442847,2019-06-17T16:20:42.847Z,buy,1.94e-06,2147.0,0.00416518
SNGLS/BTC,1560788535695,2019-06-17T16:22:15.695Z,sell,1.93e-06,11322.0,0.02185146
SNGLS/BTC,1560788581210,2019-06-17T16:23:01.210Z,sell,1.93e-06,6879.0,0.01327647
SNGLS/BTC,1560788941034,2019-06-17T16:29:01.034Z,buy,1.94e-06,42552.0,0.08255088
SNGLS/BTC,1560789024313,2019-06-17T16:30:24.313Z,buy,1.94e-06,785.0,0.0015229
SNGLS/BTC,1560789050453,2019-06-17T16:30:50.453Z,buy,1.94e-06,35222.0,0.06833068
SNGLS/BTC,1560789054242,2019-06-17T16:30:54.242Z,buy,1.94e-06,3619.0,0.00702086
SNGLS/BTC,1560789054270,2019-06-17T16:30:54.270Z,sell,1.94e-06,4977.0,0.00965538
SNGLS/BTC,1560789056649,2019-06-17T16:30:56.649Z,sell,1.94e-06,18758.0,0.03639052
SNGLS/BTC,1560789071792,2019-06-17T16:31:11.792Z,sell,1.94e-06,1079.0,0.00209326
SNGLS/BTC,1560789101653,2019-06-17T16:31:41.653Z,buy,1.95e-06,26281.0,0.05124795
SNGLS/BTC,1560789102080,2019-06-17T16:31:42.080Z,buy,1.95e-06,623.0,0.00121485
SNGLS/BTC,1560789107592,2019-06-17T16:31:47.592Z,buy,1.95e-06,852.0,0.0016614
SNGLS/BTC,1560789107592,2019-06-17T16:31:47.592Z,buy,1.95e-06,852.0,0.0016614
SNGLS/BTC,1560789215087,2019-06-17T16:33:35.087Z,buy,1.95e-06,5081.0,0.00990795
SNGLS/BTC,1560789291542,2019-06-17T16:34:51.542Z,sell,1.94e-06,18418.0,0.03573092
SNGLS/BTC,1560789300641,2019-06-17T16:35:00.641Z,sell,1.93e-06,2617.0,0.00505081
SNGLS/BTC,1560789302415,2019-06-17T16:35:02.415Z,sell,1.93e-06,1359.0,0.00262287
SNGLS/BTC,1560789353195,2019-06-17T16:35:53.195Z,sell,1.93e-06,28404.0,0.05481972
SNGLS/BTC,1560789361199,2019-06-17T16:36:01.199Z,sell,1.93e-06,5796.0,0.01118628
SNGLS/BTC,1560789372814,2019-06-17T16:36:12.814Z,sell,1.93e-06,2127.0,0.00410511
SNGLS/BTC,1560789781226,2019-06-17T16:43:01.226Z,buy,1.94e-06,1323.0,0.00256662
SNGLS/BTC,1560789982543,2019-06-17T16:46:22.543Z,buy,1.94e-06,19554.0,0.03793476
SNGLS/BTC,1560789982543,2019-06-17T16:46:22.543Z,buy,1.95e-06,3098.0,0.0060411
SNGLS/BTC,1560789982560,2019-06-17T16:46:22.560Z,sell,1.95e-06,4496.0,0.0087672
SNGLS/BTC,1560789982605,2019-06-17T16:46:22.605Z,buy,1.94e-06,2698.0,0.00523412
SNGLS/BTC,1560790036665,2019-06-17T16:47:16.665Z,buy,1.94e-06,4496.0,0.00872224
SNGLS/BTC,1560790037053,2019-06-17T16:47:17.053Z,sell,1.94e-06,1959.0,0.00380046
SNGLS/BTC,1560790037151,2019-06-17T16:47:17.151Z,sell,1.94e-06,5790.0,0.0112326
SNGLS/BTC,1560790069305,2019-06-17T16:47:49.305Z,buy,1.95e-06,602.0,0.0011739
SNGLS/BTC,1560790080013,2019-06-17T16:48:00.013Z,sell,1.94e-06,1346.0,0.00261124
SNGLS/BTC,1560790080614,2019-06-17T16:48:00.614Z,sell,1.94e-06,1346.0,0.00261124
SNGLS/BTC,1560790440540,2019-06-17T16:54:00.540Z,sell,1.94e-06,2521.0,0.00489074
SNGLS/BTC,1560790618133,2019-06-17T16:56:58.133Z,buy,1.95e-06,17655.0,0.03442725
SNGLS/BTC,1560790618158,2019-06-17T16:56:58.158Z,sell,1.95e-06,6319.0,0.01232205
SNGLS/BTC,1560790618164,2019-06-17T16:56:58.164Z,sell,1.95e-06,1180.0,0.002301
SNGLS/BTC,1560790673544,2019-06-17T16:57:53.544Z,buy,1.95e-06,519.0,0.00101205
SNGLS/BTC,1560790673544,2019-06-17T16:57:53.544Z,buy,1.96e-06,42538.0,0.08337448
SNGLS/BTC,1560790755863,2019-06-17T16:59:15.863Z,sell,1.95e-06,6963.0,0.0135778499999999
SNGLS/BTC,1560790755863,2019-06-17T16:59:15.863Z,sell,1.95e-06,625.0,0.00121875
SNGLS/BTC,1560790760436,2019-06-17T16:59:20.436Z,sell,1.95e-06,812.0,0.0015834
SNGLS/BTC,1560790765513,2019-06-17T16:59:25.513Z,sell,1.94e-06,5291.0,0.01026454
SNGLS/BTC,1560790785110,2019-06-17T16:59:45.110Z,buy,1.95e-06,531.0,0.00103545
SNGLS/BTC,1560790795890,2019-06-17T16:59:55.890Z,buy,1.96e-06,783.0,0.0015346799999999
SNGLS/BTC,1560790820827,2019-06-17T17:00:20.827Z,buy,1.96e-06,38580.0,0.0756168
SNGLS/BTC,1560790820871,2019-06-17T17:00:20.871Z,sell,1.96e-06,57016.0,0.11175136
SNGLS/BTC,1560790820974,2019-06-17T17:00:20.974Z,sell,1.96e-06,1770.0,0.0034692
SNGLS/BTC,1560790821857,2019-06-17T17:00:21.857Z,sell,1.96e-06,9607.0,0.0188297199999999
SNGLS/BTC,1560790823868,2019-06-17T17:00:23.868Z,sell,1.96e-06,3098.0,0.00607208
SNGLS/BTC,1560790825627,2019-06-17T17:00:25.627Z,sell,1.96e-06,4535.0,0.0088886
SNGLS/BTC,1560790826871,2019-06-17T17:00:26.871Z,sell,1.96e-06,2788.0,0.00546448
SNGLS/BTC,1560790835061,2019-06-17T17:00:35.061Z,buy,1.97e-06,5102.0,0.01005094
SNGLS/BTC,1560790837259,2019-06-17T17:00:37.259Z,sell,1.96e-06,6900.0,0.013524
SNGLS/BTC,1560790837395,2019-06-17T17:00:37.395Z,buy,1.96e-06,751.0,0.0014719599999999
SNGLS/BTC,1560790883216,2019-06-17T17:01:23.216Z,buy,1.96e-06,21950.0,0.043022
SNGLS/BTC,1560790891886,2019-06-17T17:01:31.886Z,buy,1.96e-06,1908.0,0.0037396799999999
SNGLS/BTC,1560790939960,2019-06-17T17:02:19.960Z,sell,1.96e-06,3851.0,0.0075479599999999
SNGLS/BTC,1560790962037,2019-06-17T17:02:42.037Z,buy,1.97e-06,99617.0,0.19624549
SNGLS/BTC,1560790962096,2019-06-17T17:02:42.096Z,sell,1.97e-06,1079.0,0.00212563
SNGLS/BTC,1560790982176,2019-06-17T17:03:02.176Z,sell,1.97e-06,10296.0,0.02028312
SNGLS/BTC,1560790984145,2019-06-17T17:03:04.145Z,sell,1.97e-06,14127.0,0.02783019
SNGLS/BTC,1560790985092,2019-06-17T17:03:05.092Z,sell,1.97e-06,10163.0,0.02002111
SNGLS/BTC,1560790987005,2019-06-17T17:03:07.005Z,buy,1.98e-06,130795.0,0.2589741
SNGLS/BTC,1560790988110,2019-06-17T17:03:08.110Z,buy,1.99e-06,4227.0,0.00841173
SNGLS/BTC,1560791001272,2019-06-17T17:03:21.272Z,buy,1.99e-06,38966.0,0.07754234
SNGLS/BTC,1560791002675,2019-06-17T17:03:22.675Z,sell,1.99e-06,25773.0,0.05128827
SNGLS/BTC,1560791011737,2019-06-17T17:03:31.737Z,buy,2e-06,2156.0,0.004312
SNGLS/BTC,1560791015353,2019-06-17T17:03:35.353Z,sell,1.99e-06,933.0,0.00185667
SNGLS/BTC,1560791023160,2019-06-17T17:03:43.160Z,sell,1.99e-06,807.0,0.00160593
SNGLS/BTC,1560791034426,2019-06-17T17:03:54.426Z,sell,1.99e-06,611.0,0.00121589
SNGLS/BTC,1560791039423,2019-06-17T17:03:59.423Z,sell,1.99e-06,901.0,0.00179299
SNGLS/BTC,1560791039972,2019-06-17T17:03:59.972Z,sell,1.99e-06,902.0,0.00179498
SNGLS/BTC,1560791040894,2019-06-17T17:04:00.894Z,sell,1.99e-06,1275.0,0.00253725
SNGLS/BTC,1560791041081,2019-06-17T17:04:01.081Z,sell,1.99e-06,511.0,0.00101689
SNGLS/BTC,1560791042950,2019-06-17T17:04:02.950Z,sell,1.99e-06,30000.0,0.0597
SNGLS/BTC,1560791043328,2019-06-17T17:04:03.328Z,buy,2e-06,8400.0,0.0168
SNGLS/BTC,1560791044874,2019-06-17T17:04:04.874Z,sell,1.99e-06,10445.0,0.02078555
SNGLS/BTC,1560791044874,2019-06-17T17:04:04.874Z,sell,1.98e-06,11633.0,0.02303334
SNGLS/BTC,1560791047764,2019-06-17T17:04:07.764Z,buy,2e-06,6300.0,0.0126
SNGLS/BTC,1560791049369,2019-06-17T17:04:09.369Z,sell,1.98e-06,6443.0,0.01275714
SNGLS/BTC,1560791050285,2019-06-17T17:04:10.285Z,buy,2e-06,42631.0,0.0852619999999999
SNGLS/BTC,1560791059212,2019-06-17T17:04:19.212Z,buy,2e-06,2521.0,0.005042
SNGLS/BTC,1560791067961,2019-06-17T17:04:27.961Z,sell,1.99e-06,30000.0,0.0597
SNGLS/BTC,1560791068586,2019-06-17T17:04:28.586Z,buy,2e-06,4725.0,0.00945
SNGLS/BTC,1560791077078,2019-06-17T17:04:37.078Z,sell,1.99e-06,1273.0,0.00253327
SNGLS/BTC,1560791089599,2019-06-17T17:04:49.599Z,sell,1.99e-06,20000.0,0.0398
SNGLS/BTC,1560791098998,2019-06-17T17:04:58.998Z,sell,1.99e-06,7069.0,0.01406731
SNGLS/BTC,1560791101041,2019-06-17T17:05:01.041Z,sell,1.99e-06,508.0,0.00101092
SNGLS/BTC,1560791118515,2019-06-17T17:05:18.515Z,sell,1.99e-06,10000.0,0.0199
SNGLS/BTC,1560791128705,2019-06-17T17:05:28.705Z,sell,1.99e-06,11802.0,0.02348598
SNGLS/BTC,1560791132111,2019-06-17T17:05:32.111Z,sell,1.99e-06,11802.0,0.02348598
SNGLS/BTC,1560791136398,2019-06-17T17:05:36.398Z,sell,1.99e-06,5414.0,0.01077386
SNGLS/BTC,1560791139617,2019-06-17T17:05:39.617Z,sell,1.98e-06,1325.0,0.0026235
SNGLS/BTC,1560791160201,2019-06-17T17:06:00.201Z,buy,1.99e-06,5344.0,0.01063456
SNGLS/BTC,1560791161248,2019-06-17T17:06:01.248Z,buy,1.99e-06,2300.0,0.004577
SNGLS/BTC,1560791168801,2019-06-17T17:06:08.801Z,buy,1.99e-06,3942.0,0.00784458
SNGLS/BTC,1560791181568,2019-06-17T17:06:21.568Z,sell,1.99e-06,1265.0,0.00251735
SNGLS/BTC,1560791194036,2019-06-17T17:06:34.036Z,sell,1.99e-06,15000.0,0.02985
SNGLS/BTC,1560791196206,2019-06-17T17:06:36.206Z,buy,2e-06,1000.0,0.002
SNGLS/BTC,1560791204504,2019-06-17T17:06:44.504Z,buy,2e-06,8978.0,0.017956
SNGLS/BTC,1560791219307,2019-06-17T17:06:59.307Z,buy,2e-06,5670.0,0.01134
SNGLS/BTC,1560791229367,2019-06-17T17:07:09.367Z,buy,2e-06,28159.0,0.056318
SNGLS/BTC,1560791231708,2019-06-17T17:07:11.708Z,sell,2e-06,912.0,0.0018239999999999
SNGLS/BTC,1560791232992,2019-06-17T17:07:12.992Z,sell,2e-06,912.0,0.0018239999999999
SNGLS/BTC,1560791253107,2019-06-17T17:07:33.107Z,sell,2e-06,50000.0,0.0999999999999999
SNGLS/BTC,1560791253284,2019-06-17T17:07:33.284Z,sell,2e-06,10523.0,0.021046
SNGLS/BTC,1560791257194,2019-06-17T17:07:37.194Z,buy,2e-06,1326.0,0.002652
SNGLS/BTC,1560791259170,2019-06-17T17:07:39.170Z,buy,2e-06,6330.0,0.01266
SNGLS/BTC,1560791270251,2019-06-17T17:07:50.251Z,sell,2e-06,37934.0,0.0758679999999999
SNGLS/BTC,1560791271084,2019-06-17T17:07:51.084Z,buy,2e-06,1025.0,0.0020499999999999
SNGLS/BTC,1560791280149,2019-06-17T17:08:00.149Z,buy,2e-06,4482.0,0.008964
SNGLS/BTC,1560791286074,2019-06-17T17:08:06.074Z,buy,2e-06,24287.0,0.048574
SNGLS/BTC,1560791291188,2019-06-17T17:08:11.188Z,sell,2e-06,1346.0,0.002692
SNGLS/BTC,1560791292301,2019-06-17T17:08:12.301Z,sell,2e-06,16648.0,0.033296
SNGLS/BTC,1560791319275,2019-06-17T17:08:39.275Z,buy,2e-06,1388.0,0.002776
SNGLS/BTC,1560791324005,2019-06-17T17:08:44.005Z,buy,2e-06,5458.0,0.010916
SNGLS/BTC,1560791325558,2019-06-17T17:08:45.558Z,sell,2e-06,2156.0,0.004312
SNGLS/BTC,1560791341520,2019-06-17T17:09:01.520Z,sell,2e-06,506.0,0.0010119999999999
SNGLS/BTC,1560791395304,2019-06-17T17:09:55.304Z,sell,2e-06,29427.0,0.058854
SNGLS/BTC,1560791401638,2019-06-17T17:10:01.638Z,buy,2e-06,9305.0,0.0186099999999999
SNGLS/BTC,1560791414797,2019-06-17T17:10:14.797Z,buy,2e-06,19449.0,0.0388979999999999
SNGLS/BTC,1560791445946,2019-06-17T17:10:45.946Z,buy,2e-06,2901.0,0.005802
SNGLS/BTC,1560791477725,2019-06-17T17:11:17.725Z,buy,2e-06,2736.0,0.0054719999999999
SNGLS/BTC,1560791479109,2019-06-17T17:11:19.109Z,buy,2e-06,6693.0,0.0133859999999999
SNGLS/BTC,1560791522152,2019-06-17T17:12:02.152Z,sell,2e-06,233324.0,0.4666479999999999
SNGLS/BTC,1560791556357,2019-06-17T17:12:36.357Z,sell,1.99e-06,9295.0,0.01849705
SNGLS/BTC,1560791569584,2019-06-17T17:12:49.584Z,sell,1.99e-06,16595.0,0.03302405
SNGLS/BTC,1560791584907,2019-06-17T17:13:04.907Z,sell,1.99e-06,25000.0,0.04975
SNGLS/BTC,1560791600590,2019-06-17T17:13:20.590Z,buy,2e-06,4000.0,0.008
SNGLS/BTC,1560791606610,2019-06-17T17:13:26.610Z,buy,2e-06,7985.0,0.0159699999999999
SNGLS/BTC,1560791638745,2019-06-17T17:13:58.745Z,buy,2e-06,505.0,0.00101
SNGLS/BTC,1560791655451,2019-06-17T17:14:15.451Z,sell,1.99e-06,23603.0,0.04696997
SNGLS/BTC,1560791657775,2019-06-17T17:14:17.775Z,buy,2e-06,2630.0,0.00526
SNGLS/BTC,1560791661794,2019-06-17T17:14:21.794Z,sell,1.99e-06,29224.0,0.05815576
SNGLS/BTC,1560791661823,2019-06-17T17:14:21.823Z,buy,1.99e-06,3678.0,0.00731922
