symbol,timestamp,datetime,side,price,amount,btc_volume
SNM/BTC,1563904813422,2019-07-23T18:00:13.422Z,sell,1.33e-06,100.0,0.000133
SNM/BTC,1563904813499,2019-07-23T18:00:13.499Z,sell,1.33e-06,100.0,0.000133
SNM/BTC,1563904813518,2019-07-23T18:00:13.518Z,sell,1.33e-06,100.0,0.000133
SNM/BTC,1563905099692,2019-07-23T18:04:59.692Z,sell,1.33e-06,4034.0,0.0053652199999999
SNM/BTC,1563905240351,2019-07-23T18:07:20.351Z,buy,1.34e-06,3622.0,0.00485348
SNM/BTC,1563905240351,2019-07-23T18:07:20.351Z,buy,1.35e-06,889.0,0.00120015
SNM/BTC,1563905283319,2019-07-23T18:08:03.319Z,buy,1.35e-06,1482.0,0.0020007
SNM/BTC,1563905303671,2019-07-23T18:08:23.671Z,sell,1.33e-06,9672.0,0.01286376
SNM/BTC,1563905627282,2019-07-23T18:13:47.282Z,buy,1.34e-06,2265.0,0.0030351
SNM/BTC,1563905627309,2019-07-23T18:13:47.309Z,buy,1.34e-06,2265.0,0.0030351
SNM/BTC,1563905627385,2019-07-23T18:13:47.385Z,buy,1.34e-06,5601.0,0.00750534
SNM/BTC,1563905628133,2019-07-23T18:13:48.133Z,buy,1.34e-06,310.0,0.0004154
SNM/BTC,1563905634209,2019-07-23T18:13:54.209Z,buy,1.34e-06,410.0,0.0005494
SNM/BTC,1563905635178,2019-07-23T18:13:55.178Z,buy,1.34e-06,318.0,0.00042612
SNM/BTC,1563905638641,2019-07-23T18:13:58.641Z,buy,1.34e-06,4733.0,0.00634222
SNM/BTC,1563905639777,2019-07-23T18:13:59.777Z,buy,1.34e-06,319.0,0.00042746
SNM/BTC,1563905671409,2019-07-23T18:14:31.409Z,buy,1.34e-06,3081.0,0.00412854
SNM/BTC,1563905802615,2019-07-23T18:16:42.615Z,buy,1.34e-06,159.0,0.00021306
SNM/BTC,1563905812657,2019-07-23T18:16:52.657Z,buy,1.34e-06,159.0,0.00021306
SNM/BTC,1563905887084,2019-07-23T18:18:07.084Z,sell,1.33e-06,3391.0,0.00451003
SNM/BTC,1563905917894,2019-07-23T18:18:37.894Z,sell,1.33e-06,3147.0,0.00418551
SNM/BTC,1563905974866,2019-07-23T18:19:34.866Z,buy,1.34e-06,374.0,0.00050116
SNM/BTC,1563906678768,2019-07-23T18:31:18.768Z,buy,1.34e-06,552.0,0.00073968
SNM/BTC,1563906679585,2019-07-23T18:31:19.585Z,buy,1.34e-06,571.0,0.00076514
SNM/BTC,1563906680641,2019-07-23T18:31:20.641Z,buy,1.34e-06,205.0,0.0002747
SNM/BTC,1563906681667,2019-07-23T18:31:21.667Z,buy,1.34e-06,352.0,0.00047168
SNM/BTC,1563907248747,2019-07-23T18:40:48.747Z,buy,1.34e-06,959.0,0.00128506
SNM/BTC,1563907248852,2019-07-23T18:40:48.852Z,buy,1.34e-06,960.0,0.0012864
SNM/BTC,1563908159604,2019-07-23T18:55:59.604Z,buy,1.34e-06,81.0,0.00010854
SNM/BTC,1563908197891,2019-07-23T18:56:37.891Z,buy,1.34e-06,82.0,0.00010988
SNM/BTC,1563908327841,2019-07-23T18:58:47.841Z,buy,1.34e-06,81.0,0.00010854
SNM/BTC,1563908327841,2019-07-23T18:58:47.841Z,buy,1.34e-06,81.0,0.00010854
SNM/BTC,1563908413910,2019-07-23T19:00:13.910Z,buy,1.34e-06,1096.0,0.00146864
SNM/BTC,1563908414035,2019-07-23T19:00:14.035Z,buy,1.34e-06,1096.0,0.00146864
SNM/BTC,1563908517663,2019-07-23T19:01:57.663Z,buy,1.34e-06,26796.0,0.03590664
SNM/BTC,1563908729739,2019-07-23T19:05:29.739Z,buy,1.35e-06,38265.0,0.05165775
SNM/BTC,1563908767125,2019-07-23T19:06:07.125Z,buy,1.35e-06,8415.0,0.01136025
SNM/BTC,1563908818274,2019-07-23T19:06:58.274Z,buy,1.35e-06,953.0,0.00128655
SNM/BTC,1563908963240,2019-07-23T19:09:23.240Z,buy,1.35e-06,31195.0,0.04211325
SNM/BTC,1563908963240,2019-07-23T19:09:23.240Z,buy,1.36e-06,50355.0,0.0684828
SNM/BTC,1563908963312,2019-07-23T19:09:23.312Z,sell,1.36e-06,3564.0,0.0048470399999999
SNM/BTC,1563908963373,2019-07-23T19:09:23.373Z,sell,1.36e-06,719.0,0.00097784
SNM/BTC,1563908963447,2019-07-23T19:09:23.447Z,sell,1.36e-06,386.0,0.00052496
SNM/BTC,1563908993235,2019-07-23T19:09:53.235Z,sell,1.36e-06,3596.0,0.0048905599999999
SNM/BTC,1563909044519,2019-07-23T19:10:44.519Z,buy,1.37e-06,51635.0,0.07073995
SNM/BTC,1563909063255,2019-07-23T19:11:03.255Z,sell,1.36e-06,14478.0,0.01969008
SNM/BTC,1563909343368,2019-07-23T19:15:43.368Z,buy,1.37e-06,40648.0,0.05568776
SNM/BTC,1563909448440,2019-07-23T19:17:28.440Z,buy,1.37e-06,98.0,0.00013426
SNM/BTC,1563909448464,2019-07-23T19:17:28.464Z,buy,1.37e-06,83.0,0.00011371
SNM/BTC,1563909480628,2019-07-23T19:18:00.628Z,buy,1.37e-06,2284.0,0.00312908
SNM/BTC,1563909530717,2019-07-23T19:18:50.717Z,sell,1.36e-06,4044.0,0.00549984
SNM/BTC,1563909573634,2019-07-23T19:19:33.634Z,buy,1.37e-06,74.0,0.00010138
SNM/BTC,1563909635889,2019-07-23T19:20:35.889Z,sell,1.35e-06,163.0,0.00022005
SNM/BTC,1563909646117,2019-07-23T19:20:46.117Z,sell,1.35e-06,2284.0,0.0030834
SNM/BTC,1563909745861,2019-07-23T19:22:25.861Z,sell,1.35e-06,8230.0,0.0111105
SNM/BTC,1563909892254,2019-07-23T19:24:52.254Z,sell,1.35e-06,2296.0,0.0030996
SNM/BTC,1563909928334,2019-07-23T19:25:28.334Z,buy,1.36e-06,163.0,0.0002216799999999
SNM/BTC,1563909928744,2019-07-23T19:25:28.744Z,sell,1.36e-06,1822.0,0.0024779199999999
SNM/BTC,1563909964046,2019-07-23T19:26:04.046Z,sell,1.35e-06,642.0,0.0008667
SNM/BTC,1563909966347,2019-07-23T19:26:06.347Z,sell,1.35e-06,2105.0,0.00284175
SNM/BTC,1563910024557,2019-07-23T19:27:04.557Z,buy,1.36e-06,75.0,0.0001019999999999
SNM/BTC,1563910025185,2019-07-23T19:27:05.185Z,buy,1.36e-06,2652.0,0.00360672
SNM/BTC,1563910055048,2019-07-23T19:27:35.048Z,buy,1.36e-06,368.0,0.00050048
SNM/BTC,1563910286457,2019-07-23T19:31:26.457Z,sell,1.35e-06,17949.0,0.02423115
SNM/BTC,1563910293642,2019-07-23T19:31:33.642Z,buy,1.35e-06,916.0,0.0012366
SNM/BTC,1563910322495,2019-07-23T19:32:02.495Z,sell,1.35e-06,2046.0,0.0027621
SNM/BTC,1563910322495,2019-07-23T19:32:02.495Z,sell,1.34e-06,6360.0,0.0085224
SNM/BTC,1563910344488,2019-07-23T19:32:24.488Z,sell,1.34e-06,15038.0,0.02015092
SNM/BTC,1563910668172,2019-07-23T19:37:48.172Z,sell,1.34e-06,2652.0,0.00355368
SNM/BTC,1563910814704,2019-07-23T19:40:14.704Z,buy,1.35e-06,89.0,0.0001201499999999
SNM/BTC,1563910824485,2019-07-23T19:40:24.485Z,buy,1.35e-06,179.0,0.00024165
SNM/BTC,1563910975721,2019-07-23T19:42:55.721Z,buy,1.35e-06,14886.0,0.0200961
SNM/BTC,1563911720692,2019-07-23T19:55:20.692Z,sell,1.35e-06,117.0,0.00015795
SNM/BTC,1563911759036,2019-07-23T19:55:59.036Z,sell,1.35e-06,324.0,0.0004374
SNM/BTC,1563911786833,2019-07-23T19:56:26.833Z,sell,1.35e-06,86.0,0.0001161
SNM/BTC,1563911786833,2019-07-23T19:56:26.833Z,sell,1.35e-06,86.0,0.0001161
SNM/BTC,1563912239982,2019-07-23T20:03:59.982Z,sell,1.35e-06,1490.0,0.0020115
SNM/BTC,1563912621602,2019-07-23T20:10:21.602Z,sell,1.35e-06,9926.0,0.0134001
SNM/BTC,1563912947099,2019-07-23T20:15:47.099Z,sell,1.35e-06,258.0,0.0003483
SNM/BTC,1563913213127,2019-07-23T20:20:13.127Z,sell,1.35e-06,109.0,0.00014715
SNM/BTC,1563913328562,2019-07-23T20:22:08.562Z,sell,1.35e-06,8500.0,0.0114749999999999
SNM/BTC,1563913635755,2019-07-23T20:27:15.755Z,sell,1.35e-06,15647.0,0.02112345
SNM/BTC,1563914720309,2019-07-23T20:45:20.309Z,buy,1.36e-06,740.0,0.0010064
SNM/BTC,1563914721935,2019-07-23T20:45:21.935Z,buy,1.36e-06,2941.0,0.00399976
SNM/BTC,1563914824351,2019-07-23T20:47:04.351Z,sell,1.35e-06,3007.0,0.00405945
SNM/BTC,1563914824922,2019-07-23T20:47:04.922Z,sell,1.35e-06,3007.0,0.00405945
SNM/BTC,1563914826548,2019-07-23T20:47:06.548Z,sell,1.35e-06,3007.0,0.00405945
SNM/BTC,1563915027183,2019-07-23T20:50:27.183Z,buy,1.36e-06,757.0,0.00102952
SNM/BTC,1563915027183,2019-07-23T20:50:27.183Z,buy,1.36e-06,757.0,0.00102952
SNM/BTC,1563915614725,2019-07-23T21:00:14.725Z,sell,1.35e-06,89.0,0.0001201499999999
SNM/BTC,1563915649946,2019-07-23T21:00:49.946Z,sell,1.35e-06,1000.0,0.00135
SNM/BTC,1563915651341,2019-07-23T21:00:51.341Z,buy,1.36e-06,114.0,0.0001550399999999
SNM/BTC,1563916814556,2019-07-23T21:20:14.556Z,sell,1.36e-06,895.0,0.0012171999999999
SNM/BTC,1563917549167,2019-07-23T21:32:29.167Z,buy,1.37e-06,23765.0,0.03255805
SNM/BTC,1563917549227,2019-07-23T21:32:29.227Z,sell,1.37e-06,2991.0,0.00409767
SNM/BTC,1563917549378,2019-07-23T21:32:29.378Z,sell,1.37e-06,466.0,0.00063842
SNM/BTC,1563917549474,2019-07-23T21:32:29.474Z,sell,1.37e-06,192.0,0.00026304
SNM/BTC,1563917552943,2019-07-23T21:32:32.943Z,sell,1.37e-06,2962.0,0.00405794
SNM/BTC,1563917555338,2019-07-23T21:32:35.338Z,buy,1.38e-06,74.0,0.0001021199999999
SNM/BTC,1563917559875,2019-07-23T21:32:39.875Z,buy,1.38e-06,1197.0,0.00165186
SNM/BTC,1563917997528,2019-07-23T21:39:57.528Z,buy,1.38e-06,2263.0,0.00312294
SNM/BTC,1563918173813,2019-07-23T21:42:53.813Z,buy,1.38e-06,1000.0,0.00138
SNM/BTC,1563918269083,2019-07-23T21:44:29.083Z,sell,1.37e-06,751.0,0.00102887
SNM/BTC,1563918319058,2019-07-23T21:45:19.058Z,sell,1.37e-06,74.0,0.00010138
SNM/BTC,1563918342170,2019-07-23T21:45:42.170Z,sell,1.37e-06,2938.0,0.00402506
SNM/BTC,1563918374696,2019-07-23T21:46:14.696Z,sell,1.37e-06,746.0,0.00102202
SNM/BTC,1563918374696,2019-07-23T21:46:14.696Z,sell,1.37e-06,746.0,0.00102202
SNM/BTC,1563918640704,2019-07-23T21:50:40.704Z,sell,1.37e-06,138.0,0.00018906
SNM/BTC,1563918664599,2019-07-23T21:51:04.599Z,sell,1.37e-06,756.0,0.00103572
SNM/BTC,1563918707489,2019-07-23T21:51:47.489Z,sell,1.37e-06,670.0,0.0009179
SNM/BTC,1563918894773,2019-07-23T21:54:54.773Z,sell,1.37e-06,92.0,0.00012604
SNM/BTC,1563918918007,2019-07-23T21:55:18.007Z,sell,1.37e-06,73.0,0.00010001
SNM/BTC,1563918927508,2019-07-23T21:55:27.508Z,sell,1.37e-06,142.0,0.00019454
SNM/BTC,1563918957108,2019-07-23T21:55:57.108Z,sell,1.37e-06,295.0,0.00040415
SNM/BTC,1563918960576,2019-07-23T21:56:00.576Z,sell,1.37e-06,106.0,0.00014522
SNM/BTC,1563918997369,2019-07-23T21:56:37.369Z,sell,1.37e-06,101.0,0.00013837
SNM/BTC,1563919120841,2019-07-23T21:58:40.841Z,sell,1.37e-06,95.0,0.00013015
SNM/BTC,1563919555395,2019-07-23T22:05:55.395Z,buy,1.38e-06,42053.0,0.05803314
SNM/BTC,1563919555477,2019-07-23T22:05:55.477Z,sell,1.38e-06,866.0,0.0011950799999999
SNM/BTC,1563919555529,2019-07-23T22:05:55.529Z,sell,1.38e-06,190.0,0.0002622
SNM/BTC,1563919555541,2019-07-23T22:05:55.541Z,sell,1.38e-06,1099.0,0.00151662
SNM/BTC,1563919556784,2019-07-23T22:05:56.784Z,sell,1.38e-06,114.0,0.00015732
SNM/BTC,1563919561265,2019-07-23T22:06:01.265Z,sell,1.38e-06,746.0,0.00102948
SNM/BTC,1563919570222,2019-07-23T22:06:10.222Z,sell,1.38e-06,1504.0,0.00207552
SNM/BTC,1563919577020,2019-07-23T22:06:17.020Z,sell,1.38e-06,2940.0,0.0040571999999999
SNM/BTC,1563919726248,2019-07-23T22:08:46.248Z,buy,1.39e-06,11870.0,0.0164993
SNM/BTC,1563919745826,2019-07-23T22:09:05.826Z,buy,1.39e-06,3170.0,0.0044063
SNM/BTC,1563919747697,2019-07-23T22:09:07.697Z,buy,1.39e-06,3170.0,0.0044063
SNM/BTC,1563919929413,2019-07-23T22:12:09.413Z,sell,1.38e-06,46555.0,0.0642459
SNM/BTC,1563919929431,2019-07-23T22:12:09.431Z,sell,1.38e-06,35768.0,0.0493598399999999
SNM/BTC,1563919929432,2019-07-23T22:12:09.432Z,sell,1.38e-06,21518.0,0.0296948399999999
SNM/BTC,1563919929432,2019-07-23T22:12:09.432Z,sell,1.37e-06,14250.0,0.0195225
SNM/BTC,1563919929432,2019-07-23T22:12:09.432Z,sell,1.37e-06,3754.0,0.00514298
SNM/BTC,1563919997860,2019-07-23T22:13:17.860Z,buy,1.39e-06,320.0,0.0004448
SNM/BTC,1563920031101,2019-07-23T22:13:51.101Z,buy,1.39e-06,1798.0,0.00249922
SNM/BTC,1563920045552,2019-07-23T22:14:05.552Z,buy,1.39e-06,8821.0,0.01226119
SNM/BTC,1563920049006,2019-07-23T22:14:09.006Z,buy,1.39e-06,1636.0,0.00227404
SNM/BTC,1563920462032,2019-07-23T22:21:02.032Z,sell,1.38e-06,9900.0,0.0136619999999999
SNM/BTC,1563920513585,2019-07-23T22:21:53.585Z,sell,1.38e-06,76311.0,0.1053091799999999
SNM/BTC,1563920791974,2019-07-23T22:26:31.974Z,buy,1.38e-06,16953.0,0.02339514
SNM/BTC,1563920816801,2019-07-23T22:26:56.801Z,buy,1.38e-06,16727.0,0.0230832599999999
SNM/BTC,1563921004432,2019-07-23T22:30:04.432Z,sell,1.37e-06,1791.0,0.00245367
SNM/BTC,1563921067832,2019-07-23T22:31:07.832Z,buy,1.38e-06,819.0,0.00113022
SNM/BTC,1563921145754,2019-07-23T22:32:25.754Z,sell,1.37e-06,12500.0,0.017125
SNM/BTC,1563921256007,2019-07-23T22:34:16.007Z,sell,1.37e-06,6333.0,0.00867621
SNM/BTC,1563921282533,2019-07-23T22:34:42.533Z,sell,1.37e-06,78.0,0.00010686
SNM/BTC,1563921282708,2019-07-23T22:34:42.708Z,sell,1.37e-06,78.0,0.00010686
SNM/BTC,1563921283408,2019-07-23T22:34:43.408Z,buy,1.38e-06,113.0,0.00015594
SNM/BTC,1563921525729,2019-07-23T22:38:45.729Z,buy,1.38e-06,48449.0,0.06685962
SNM/BTC,1563921774473,2019-07-23T22:42:54.473Z,sell,1.38e-06,73510.0,0.1014438
SNM/BTC,1563921774473,2019-07-23T22:42:54.473Z,sell,1.38e-06,73510.0,0.1014438
SNM/BTC,1563922209309,2019-07-23T22:50:09.309Z,buy,1.38e-06,145.0,0.0002000999999999
SNM/BTC,1563922209326,2019-07-23T22:50:09.326Z,buy,1.38e-06,145.0,0.0002000999999999
SNM/BTC,1563922213807,2019-07-23T22:50:13.807Z,buy,1.38e-06,2338.0,0.0032264399999999
SNM/BTC,1563922543766,2019-07-23T22:55:43.766Z,sell,1.37e-06,1000.0,0.00137
SNM/BTC,1563922591769,2019-07-23T22:56:31.769Z,sell,1.37e-06,16853.0,0.02308861
SNM/BTC,1563922792567,2019-07-23T22:59:52.567Z,sell,1.37e-06,87940.0,0.1204778
SNM/BTC,1563922819912,2019-07-23T23:00:19.912Z,sell,1.37e-06,86311.0,0.11824607
SNM/BTC,1563923117457,2019-07-23T23:05:17.457Z,buy,1.38e-06,87.0,0.00012006
SNM/BTC,1563923453076,2019-07-23T23:10:53.076Z,buy,1.38e-06,267.0,0.00036846
SNM/BTC,1563923494506,2019-07-23T23:11:34.506Z,buy,1.38e-06,135.0,0.0001863
SNM/BTC,1563923822291,2019-07-23T23:17:02.291Z,buy,1.39e-06,24317.0,0.03380063
SNM/BTC,1563924020600,2019-07-23T23:20:20.600Z,buy,1.39e-06,1111.0,0.00154429
SNM/BTC,1563924036591,2019-07-23T23:20:36.591Z,sell,1.38e-06,32585.0,0.0449672999999999
SNM/BTC,1563924540864,2019-07-23T23:29:00.864Z,sell,1.38e-06,33646.0,0.04643148
SNM/BTC,1563924994445,2019-07-23T23:36:34.445Z,sell,1.38e-06,13921.0,0.01921098
SNM/BTC,1563925310949,2019-07-23T23:41:50.949Z,buy,1.39e-06,618.0,0.00085902
SNM/BTC,1563925310949,2019-07-23T23:41:50.949Z,buy,1.39e-06,618.0,0.00085902
SNM/BTC,1563925668725,2019-07-23T23:47:48.725Z,buy,1.39e-06,1942.0,0.00269938
SNM/BTC,1563925681203,2019-07-23T23:48:01.203Z,buy,1.39e-06,24129.0,0.03353931
SNM/BTC,1563925816806,2019-07-23T23:50:16.806Z,sell,1.38e-06,87.0,0.00012006
SNM/BTC,1563925868433,2019-07-23T23:51:08.433Z,buy,1.39e-06,111.0,0.00015429
SNM/BTC,1563925911781,2019-07-23T23:51:51.781Z,buy,1.39e-06,8822.0,0.01226258
SNM/BTC,1563926029342,2019-07-23T23:53:49.342Z,sell,1.38e-06,113888.0,0.15716544
SNM/BTC,1563926205777,2019-07-23T23:56:45.777Z,sell,1.37e-06,12111.0,0.01659207
SNM/BTC,1563926341313,2019-07-23T23:59:01.313Z,sell,1.37e-06,36335.0,0.04977895
SNM/BTC,1563926701914,2019-07-24T00:05:01.914Z,buy,1.38e-06,14134.0,0.01950492
SNM/BTC,1563926702038,2019-07-24T00:05:02.038Z,buy,1.38e-06,14133.0,0.01950354
SNM/BTC,1563926941657,2019-07-24T00:09:01.657Z,sell,1.37e-06,1455.0,0.00199335
SNM/BTC,1563926941864,2019-07-24T00:09:01.864Z,sell,1.37e-06,716.0,0.00098092
SNM/BTC,1563926942958,2019-07-24T00:09:02.958Z,sell,1.37e-06,723.0,0.00099051
SNM/BTC,1563927015445,2019-07-24T00:10:15.445Z,buy,1.37e-06,87.0,0.00011919
SNM/BTC,1563927044388,2019-07-24T00:10:44.388Z,sell,1.36e-06,203.0,0.00027608
SNM/BTC,1563927055088,2019-07-24T00:10:55.088Z,sell,1.36e-06,2261.0,0.00307496
SNM/BTC,1563927079579,2019-07-24T00:11:19.579Z,sell,1.36e-06,617.0,0.00083912
SNM/BTC,1563927164437,2019-07-24T00:12:44.437Z,sell,1.36e-06,1086.0,0.0014769599999999
SNM/BTC,1563927211132,2019-07-24T00:13:31.132Z,sell,1.36e-06,70804.0,0.09629344
SNM/BTC,1563927308618,2019-07-24T00:15:08.618Z,sell,1.36e-06,254.0,0.0003454399999999
SNM/BTC,1563927417559,2019-07-24T00:16:57.559Z,sell,1.36e-06,14134.0,0.0192222399999999
SNM/BTC,1563927662350,2019-07-24T00:21:02.350Z,buy,1.37e-06,31876.0,0.04367012
SNM/BTC,1563927804673,2019-07-24T00:23:24.673Z,buy,1.38e-06,1449.0,0.0019996199999999
SNM/BTC,1563927805079,2019-07-24T00:23:25.079Z,buy,1.38e-06,942.0,0.00129996
SNM/BTC,1563927805941,2019-07-24T00:23:25.941Z,buy,1.38e-06,1667.0,0.00230046
SNM/BTC,1563927806686,2019-07-24T00:23:26.686Z,buy,1.38e-06,4348.0,0.00600024
SNM/BTC,1563927807100,2019-07-24T00:23:27.100Z,buy,1.38e-06,7246.0,0.00999948
SNM/BTC,1563927816632,2019-07-24T00:23:36.632Z,buy,1.39e-06,2536.0,0.00352504
SNM/BTC,1563928213685,2019-07-24T00:30:13.685Z,sell,1.37e-06,87.0,0.00011919
SNM/BTC,1563928827946,2019-07-24T00:40:27.946Z,buy,1.38e-06,14825.0,0.0204584999999999
SNM/BTC,1563928827946,2019-07-24T00:40:27.946Z,buy,1.38e-06,14825.0,0.0204584999999999
SNM/BTC,1563929724827,2019-07-24T00:55:24.827Z,sell,1.38e-06,140.0,0.0001931999999999
SNM/BTC,1563929747256,2019-07-24T00:55:47.256Z,sell,1.38e-06,13982.0,0.01929516
SNM/BTC,1563929769267,2019-07-24T00:56:09.267Z,sell,1.38e-06,497.0,0.0006858599999999
SNM/BTC,1563929787150,2019-07-24T00:56:27.150Z,sell,1.38e-06,73.0,0.0001007399999999
SNM/BTC,1563929837205,2019-07-24T00:57:17.205Z,sell,1.38e-06,73.0,0.0001007399999999
SNM/BTC,1563930093432,2019-07-24T01:01:33.432Z,sell,1.38e-06,6148.0,0.0084842399999999
SNM/BTC,1563930093432,2019-07-24T01:01:33.432Z,sell,1.37e-06,43852.0,0.06007724
SNM/BTC,1563930649334,2019-07-24T01:10:49.334Z,buy,1.39e-06,1010.0,0.0014039
SNM/BTC,1563930754693,2019-07-24T01:12:34.693Z,sell,1.38e-06,217.0,0.00029946
SNM/BTC,1563930754693,2019-07-24T01:12:34.693Z,sell,1.37e-06,618.0,0.00084666
SNM/BTC,1563931814339,2019-07-24T01:30:14.339Z,buy,1.38e-06,87.0,0.00012006
SNM/BTC,1563931869366,2019-07-24T01:31:09.366Z,buy,1.38e-06,1805.0,0.0024909
SNM/BTC,1563932266856,2019-07-24T01:37:46.856Z,buy,1.38e-06,5785.0,0.0079832999999999
SNM/BTC,1563932266856,2019-07-24T01:37:46.856Z,buy,1.38e-06,5785.0,0.0079832999999999
SNM/BTC,1563932473092,2019-07-24T01:41:13.092Z,buy,1.38e-06,1169.0,0.0016132199999999
SNM/BTC,1563932748563,2019-07-24T01:45:48.563Z,buy,1.38e-06,224.0,0.0003091199999999
SNM/BTC,1563932791755,2019-07-24T01:46:31.755Z,buy,1.39e-06,1217.0,0.00169163
SNM/BTC,1563933119647,2019-07-24T01:51:59.647Z,buy,1.39e-06,73.0,0.00010147
SNM/BTC,1563933315713,2019-07-24T01:55:15.713Z,sell,1.38e-06,87.0,0.00012006
SNM/BTC,1563933715407,2019-07-24T02:01:55.407Z,sell,1.38e-06,232.0,0.00032016
SNM/BTC,1563933916550,2019-07-24T02:05:16.550Z,sell,1.38e-06,54714.0,0.07550532
SNM/BTC,1563934004470,2019-07-24T02:06:44.470Z,sell,1.38e-06,30000.0,0.0414
SNM/BTC,1563934029993,2019-07-24T02:07:09.993Z,sell,1.38e-06,10000.0,0.0138
SNM/BTC,1563934206362,2019-07-24T02:10:06.362Z,buy,1.39e-06,72.0,0.00010008
SNM/BTC,1563934507579,2019-07-24T02:15:07.579Z,buy,1.39e-06,1002.0,0.00139278
SNM/BTC,1563934602483,2019-07-24T02:16:42.483Z,buy,1.39e-06,72.0,0.00010008
SNM/BTC,1563935172414,2019-07-24T02:26:12.414Z,sell,1.38e-06,10000.0,0.0138
SNM/BTC,1563935601826,2019-07-24T02:33:21.826Z,sell,1.38e-06,3658.0,0.0050480399999999
SNM/BTC,1563935601826,2019-07-24T02:33:21.826Z,sell,1.38e-06,3658.0,0.0050480399999999
SNM/BTC,1563936076949,2019-07-24T02:41:16.949Z,sell,1.38e-06,7246.0,0.00999948
SNM/BTC,1563936313128,2019-07-24T02:45:13.128Z,buy,1.39e-06,86.0,0.00011954
SNM/BTC,1563936639539,2019-07-24T02:50:39.539Z,sell,1.38e-06,169.0,0.00023322
SNM/BTC,1563937724178,2019-07-24T03:08:44.178Z,sell,1.38e-06,13635.0,0.0188162999999999
SNM/BTC,1563938224007,2019-07-24T03:17:04.007Z,sell,1.38e-06,9715.0,0.0134066999999999
SNM/BTC,1563938262968,2019-07-24T03:17:42.968Z,sell,1.38e-06,5795.0,0.0079971
SNM/BTC,1563938299469,2019-07-24T03:18:19.469Z,sell,1.38e-06,8974.0,0.0123841199999999
SNM/BTC,1563938330067,2019-07-24T03:18:50.067Z,buy,1.39e-06,360.0,0.0005004
SNM/BTC,1563938410824,2019-07-24T03:20:10.824Z,buy,1.39e-06,142.0,0.00019738
SNM/BTC,1563938412533,2019-07-24T03:20:12.533Z,sell,1.38e-06,5169.0,0.0071332199999999
SNM/BTC,1563938468017,2019-07-24T03:21:08.017Z,buy,1.39e-06,7261.0,0.01009279
SNM/BTC,1563938713118,2019-07-24T03:25:13.118Z,sell,1.38e-06,86.0,0.00011868
SNM/BTC,1563938713118,2019-07-24T03:25:13.118Z,sell,1.38e-06,86.0,0.00011868
SNM/BTC,1563939242409,2019-07-24T03:34:02.409Z,buy,1.38e-06,248.0,0.00034224
SNM/BTC,1563939316714,2019-07-24T03:35:16.714Z,buy,1.38e-06,86.0,0.00011868
SNM/BTC,1563939385010,2019-07-24T03:36:25.010Z,buy,1.38e-06,171.0,0.0002359799999999
SNM/BTC,1563939697276,2019-07-24T03:41:37.276Z,buy,1.38e-06,571.0,0.00078798
SNM/BTC,1563940152181,2019-07-24T03:49:12.181Z,sell,1.38e-06,2443.0,0.0033713399999999
SNM/BTC,1563940393939,2019-07-24T03:53:13.939Z,sell,1.38e-06,2696.0,0.00372048
SNM/BTC,1563941675740,2019-07-24T04:14:35.740Z,sell,1.37e-06,185563.0,0.25422131
SNM/BTC,1563941677764,2019-07-24T04:14:37.764Z,sell,1.37e-06,1586.0,0.00217282
SNM/BTC,1563941971062,2019-07-24T04:19:31.062Z,buy,1.37e-06,73.0,0.00010001
SNM/BTC,1563941971062,2019-07-24T04:19:31.062Z,buy,1.38e-06,27.0,3.726e-05
SNM/BTC,1563941971062,2019-07-24T04:19:31.062Z,buy,1.37e-06,73.0,0.00010001
SNM/BTC,1563941971062,2019-07-24T04:19:31.062Z,buy,1.38e-06,27.0,3.726e-05
SNM/BTC,1563942697560,2019-07-24T04:31:37.560Z,sell,1.36e-06,1094.0,0.0014878399999999
SNM/BTC,1563943170416,2019-07-24T04:39:30.416Z,buy,1.37e-06,244.0,0.00033428
SNM/BTC,1563943170416,2019-07-24T04:39:30.416Z,buy,1.38e-06,1397.0,0.00192786
SNM/BTC,1563943455316,2019-07-24T04:44:15.316Z,sell,1.36e-06,1684.0,0.00229024
SNM/BTC,1563944113355,2019-07-24T04:55:13.355Z,sell,1.36e-06,3243.0,0.00441048
SNM/BTC,1563944136283,2019-07-24T04:55:36.283Z,buy,1.37e-06,125.0,0.00017125
SNM/BTC,1563944160151,2019-07-24T04:56:00.151Z,buy,1.37e-06,586.0,0.00080282
SNM/BTC,1563944197277,2019-07-24T04:56:37.277Z,buy,1.37e-06,128.0,0.00017536
SNM/BTC,1563944656111,2019-07-24T05:04:16.111Z,sell,1.36e-06,2825.0,0.0038419999999999
SNM/BTC,1563944675029,2019-07-24T05:04:35.029Z,sell,1.36e-06,11389.0,0.0154890399999999
SNM/BTC,1563944680918,2019-07-24T05:04:40.918Z,sell,1.36e-06,1559.0,0.00212024
SNM/BTC,1563944681124,2019-07-24T05:04:41.124Z,sell,1.36e-06,9831.0,0.0133701599999999
SNM/BTC,1563945401017,2019-07-24T05:16:41.017Z,sell,1.36e-06,26382.0,0.03587952
SNM/BTC,1563945403139,2019-07-24T05:16:43.139Z,sell,1.35e-06,19706.0,0.0266031
SNM/BTC,1563945422176,2019-07-24T05:17:02.176Z,sell,1.35e-06,86.0,0.0001161
SNM/BTC,1563945430089,2019-07-24T05:17:10.089Z,buy,1.36e-06,177.0,0.0002407199999999
SNM/BTC,1563945440939,2019-07-24T05:17:20.939Z,sell,1.35e-06,651.0,0.00087885
SNM/BTC,1563945446401,2019-07-24T05:17:26.401Z,sell,1.35e-06,117703.0,0.15889905
SNM/BTC,1563945446423,2019-07-24T05:17:26.423Z,buy,1.35e-06,5752.0,0.0077652
SNM/BTC,1563945446437,2019-07-24T05:17:26.437Z,buy,1.35e-06,2626.0,0.0035451
SNM/BTC,1563945446442,2019-07-24T05:17:26.442Z,buy,1.35e-06,2401.0,0.00324135
SNM/BTC,1563945446450,2019-07-24T05:17:26.450Z,buy,1.35e-06,1290.0,0.0017415
SNM/BTC,1563945446528,2019-07-24T05:17:26.528Z,buy,1.35e-06,188.0,0.0002538
SNM/BTC,1563945446528,2019-07-24T05:17:26.528Z,buy,1.35e-06,188.0,0.0002538
SNM/BTC,1563945582474,2019-07-24T05:19:42.474Z,buy,1.36e-06,281.0,0.00038216
SNM/BTC,1563945783482,2019-07-24T05:23:03.482Z,sell,1.35e-06,569.0,0.00076815
SNM/BTC,1563945877204,2019-07-24T05:24:37.204Z,sell,1.35e-06,239.0,0.00032265
SNM/BTC,1563945877707,2019-07-24T05:24:37.707Z,sell,1.35e-06,239.0,0.00032265
SNM/BTC,1563946037370,2019-07-24T05:27:17.370Z,sell,1.35e-06,2626.0,0.0035451
SNM/BTC,1563946233061,2019-07-24T05:30:33.061Z,buy,1.36e-06,41611.0,0.0565909599999999
SNM/BTC,1563946233089,2019-07-24T05:30:33.089Z,sell,1.36e-06,3862.0,0.0052523199999999
SNM/BTC,1563946233128,2019-07-24T05:30:33.128Z,sell,1.36e-06,911.0,0.0012389599999999
SNM/BTC,1563946233293,2019-07-24T05:30:33.293Z,sell,1.36e-06,303.0,0.0004120799999999
SNM/BTC,1563946243792,2019-07-24T05:30:43.792Z,buy,1.37e-06,2336.0,0.00320032
SNM/BTC,1563946553096,2019-07-24T05:35:53.096Z,buy,1.37e-06,134.0,0.00018358
SNM/BTC,1563947420059,2019-07-24T05:50:20.059Z,sell,1.36e-06,2338.0,0.00317968
SNM/BTC,1563947743415,2019-07-24T05:55:43.415Z,buy,1.37e-06,82.0,0.00011234
SNM/BTC,1563947758445,2019-07-24T05:55:58.445Z,buy,1.37e-06,93.0,0.00012741
SNM/BTC,1563948998571,2019-07-24T06:16:38.571Z,buy,1.36e-06,7100.0,0.009656
SNM/BTC,1563948998838,2019-07-24T06:16:38.838Z,buy,1.36e-06,6000.0,0.0081599999999999
SNM/BTC,1563948998838,2019-07-24T06:16:38.838Z,buy,1.36e-06,6000.0,0.0081599999999999
SNM/BTC,1563949074943,2019-07-24T06:17:54.943Z,buy,1.36e-06,300.0,0.0004079999999999
SNM/BTC,1563949075577,2019-07-24T06:17:55.577Z,buy,1.36e-06,341.0,0.0004637599999999
SNM/BTC,1563949148935,2019-07-24T06:19:08.935Z,buy,1.36e-06,367.0,0.0004991199999999
SNM/BTC,1563949152626,2019-07-24T06:19:12.626Z,buy,1.36e-06,367.0,0.0004991199999999
SNM/BTC,1563949156343,2019-07-24T06:19:16.343Z,buy,1.36e-06,367.0,0.0004991199999999
SNM/BTC,1563950102732,2019-07-24T06:35:02.732Z,sell,1.35e-06,470.0,0.0006345
SNM/BTC,1563950148517,2019-07-24T06:35:48.517Z,buy,1.36e-06,212.0,0.00028832
SNM/BTC,1563950314518,2019-07-24T06:38:34.518Z,sell,1.35e-06,221760.0,0.299376
SNM/BTC,1563950314588,2019-07-24T06:38:34.588Z,buy,1.35e-06,2298.0,0.0031023
SNM/BTC,1563950314678,2019-07-24T06:38:34.678Z,buy,1.35e-06,3202.0,0.0043227
SNM/BTC,1563950314789,2019-07-24T06:38:34.789Z,buy,1.35e-06,47000.0,0.06345
SNM/BTC,1563950314789,2019-07-24T06:38:34.789Z,buy,1.35e-06,57000.0,0.07695
SNM/BTC,1563950319487,2019-07-24T06:38:39.487Z,buy,1.35e-06,272.0,0.0003672
SNM/BTC,1563950381544,2019-07-24T06:39:41.544Z,buy,1.35e-06,1645.0,0.00222075
SNM/BTC,1563950383840,2019-07-24T06:39:43.840Z,buy,1.35e-06,645.0,0.00087075
SNM/BTC,1563950426603,2019-07-24T06:40:26.603Z,buy,1.35e-06,383.0,0.00051705
SNM/BTC,1563950426738,2019-07-24T06:40:26.738Z,buy,1.35e-06,410.0,0.0005535
SNM/BTC,1563951012453,2019-07-24T06:50:12.453Z,sell,1.34e-06,24513.0,0.03284742
SNM/BTC,1563951012453,2019-07-24T06:50:12.453Z,sell,1.34e-06,11858.0,0.01588972
SNM/BTC,1563951049138,2019-07-24T06:50:49.138Z,buy,1.35e-06,180.0,0.000243
SNM/BTC,1563951061206,2019-07-24T06:51:01.206Z,buy,1.35e-06,3314.0,0.0044739
SNM/BTC,1563951328973,2019-07-24T06:55:28.973Z,buy,1.35e-06,195.0,0.00026325
SNM/BTC,1563951329478,2019-07-24T06:55:29.478Z,buy,1.35e-06,391.0,0.00052785
SNM/BTC,1563951329926,2019-07-24T06:55:29.926Z,buy,1.35e-06,196.0,0.0002646
SNM/BTC,1563951359508,2019-07-24T06:55:59.508Z,buy,1.35e-06,482.0,0.0006507
SNM/BTC,1563951362559,2019-07-24T06:56:02.559Z,buy,1.35e-06,5457.0,0.00736695
SNM/BTC,1563951369239,2019-07-24T06:56:09.239Z,buy,1.35e-06,5457.0,0.00736695
SNM/BTC,1563951394564,2019-07-24T06:56:34.564Z,buy,1.35e-06,146.0,0.0001971
SNM/BTC,1563951402295,2019-07-24T06:56:42.295Z,buy,1.35e-06,104.0,0.0001404
SNM/BTC,1563951402550,2019-07-24T06:56:42.550Z,buy,1.35e-06,674.0,0.0009098999999999
SNM/BTC,1563951605145,2019-07-24T07:00:05.145Z,sell,1.35e-06,365.0,0.00049275
SNM/BTC,1563951616220,2019-07-24T07:00:16.220Z,buy,1.36e-06,24.0,3.264e-05
SNM/BTC,1563951714033,2019-07-24T07:01:54.033Z,buy,1.36e-06,2299.0,0.00312664
SNM/BTC,1563951720340,2019-07-24T07:02:00.340Z,buy,1.36e-06,3426.0,0.0046593599999999
SNM/BTC,1563951720373,2019-07-24T07:02:00.373Z,buy,1.36e-06,3426.0,0.0046593599999999
SNM/BTC,1563951720378,2019-07-24T07:02:00.378Z,buy,1.36e-06,3235.0,0.0043996
SNM/BTC,1563951720389,2019-07-24T07:02:00.389Z,buy,1.36e-06,3426.0,0.0046593599999999
SNM/BTC,1563952086632,2019-07-24T07:08:06.632Z,sell,1.35e-06,55631.0,0.07510185
SNM/BTC,1563952086655,2019-07-24T07:08:06.655Z,buy,1.35e-06,4670.0,0.0063045
SNM/BTC,1563952086659,2019-07-24T07:08:06.659Z,buy,1.35e-06,4670.0,0.0063045
SNM/BTC,1563952086690,2019-07-24T07:08:06.690Z,buy,1.35e-06,4670.0,0.0063045
SNM/BTC,1563952086712,2019-07-24T07:08:06.712Z,buy,1.35e-06,5858.0,0.0079083
SNM/BTC,1563952086723,2019-07-24T07:08:06.723Z,buy,1.35e-06,254.0,0.0003429
SNM/BTC,1563952514440,2019-07-24T07:15:14.440Z,buy,1.35e-06,11357.0,0.01533195
SNM/BTC,1563952514440,2019-07-24T07:15:14.440Z,buy,1.35e-06,11357.0,0.01533195
SNM/BTC,1563953255820,2019-07-24T07:27:35.820Z,buy,1.35e-06,16617.0,0.02243295
SNM/BTC,1563953998570,2019-07-24T07:39:58.570Z,sell,1.34e-06,39811.0,0.05334674
SNM/BTC,1563953998711,2019-07-24T07:39:58.711Z,sell,1.34e-06,4713.0,0.00631542
SNM/BTC,1563954146334,2019-07-24T07:42:26.334Z,sell,1.34e-06,1634.0,0.00218956
SNM/BTC,1563954289109,2019-07-24T07:44:49.109Z,sell,1.34e-06,1577.0,0.00211318
SNM/BTC,1563954297967,2019-07-24T07:44:57.967Z,sell,1.34e-06,6840.0,0.0091656
SNM/BTC,1563954648027,2019-07-24T07:50:48.027Z,buy,1.35e-06,97.0,0.00013095
SNM/BTC,1563955117850,2019-07-24T07:58:37.850Z,buy,1.35e-06,88.0,0.0001188
SNM/BTC,1563955127262,2019-07-24T07:58:47.262Z,buy,1.35e-06,16618.0,0.0224343
SNM/BTC,1563955272405,2019-07-24T08:01:12.405Z,sell,1.34e-06,3426.0,0.00459084
SNM/BTC,1563955272864,2019-07-24T08:01:12.864Z,sell,1.34e-06,4670.0,0.0062578
SNM/BTC,1563955623277,2019-07-24T08:07:03.277Z,buy,1.35e-06,740.0,0.0009989999999999
SNM/BTC,1563955981875,2019-07-24T08:13:01.875Z,buy,1.35e-06,82039.0,0.11075265
SNM/BTC,1563956064044,2019-07-24T08:14:24.044Z,sell,1.33e-06,33202.0,0.04415866
SNM/BTC,1563956087485,2019-07-24T08:14:47.485Z,buy,1.34e-06,76.0,0.00010184
SNM/BTC,1563956087485,2019-07-24T08:14:47.485Z,buy,1.34e-06,76.0,0.00010184
SNM/BTC,1563956225000,2019-07-24T08:17:05.000Z,sell,1.33e-06,3714.0,0.00493962
SNM/BTC,1563956252523,2019-07-24T08:17:32.523Z,buy,1.34e-06,230.0,0.0003082
SNM/BTC,1563956346300,2019-07-24T08:19:06.300Z,sell,1.33e-06,4286.0,0.00570038
SNM/BTC,1563956435007,2019-07-24T08:20:35.007Z,buy,1.34e-06,133.0,0.00017822
SNM/BTC,1563956465214,2019-07-24T08:21:05.214Z,buy,1.34e-06,8090.0,0.0108406
SNM/BTC,1563957328951,2019-07-24T08:35:28.951Z,sell,1.34e-06,98.0,0.00013132
SNM/BTC,1563957487171,2019-07-24T08:38:07.171Z,sell,1.34e-06,7000.0,0.00938
SNM/BTC,1563957491252,2019-07-24T08:38:11.252Z,buy,1.35e-06,4298.0,0.0058023
SNM/BTC,1563958112053,2019-07-24T08:48:32.053Z,buy,1.35e-06,85472.0,0.1153872
SNM/BTC,1563958396963,2019-07-24T08:53:16.963Z,buy,1.36e-06,7347.0,0.00999192
SNM/BTC,1563958560412,2019-07-24T08:56:00.412Z,buy,1.36e-06,140.0,0.0001904
SNM/BTC,1563959022191,2019-07-24T09:03:42.191Z,sell,1.34e-06,350.0,0.000469
SNM/BTC,1563959189976,2019-07-24T09:06:29.976Z,sell,1.35e-06,795.0,0.00107325
SNM/BTC,1563959285454,2019-07-24T09:08:05.454Z,buy,1.35e-06,112.0,0.0001512
SNM/BTC,1563959306619,2019-07-24T09:08:26.619Z,sell,1.34e-06,3599.0,0.00482266
SNM/BTC,1563959492189,2019-07-24T09:11:32.189Z,buy,1.36e-06,1031.0,0.00140216
SNM/BTC,1563959492189,2019-07-24T09:11:32.189Z,buy,1.36e-06,1031.0,0.00140216
SNM/BTC,1563960677998,2019-07-24T09:31:17.998Z,sell,1.35e-06,746.0,0.0010071
SNM/BTC,1563960677998,2019-07-24T09:31:17.998Z,sell,1.34e-06,74552.0,0.09989968
SNM/BTC,1563960678261,2019-07-24T09:31:18.261Z,buy,1.35e-06,3000.0,0.00405
SNM/BTC,1563960678261,2019-07-24T09:31:18.261Z,buy,1.35e-06,2000.0,0.0027
SNM/BTC,1563961071324,2019-07-24T09:37:51.324Z,sell,1.34e-06,5876.0,0.00787384
SNM/BTC,1563961496992,2019-07-24T09:44:56.992Z,buy,1.35e-06,293.0,0.00039555
SNM/BTC,1563961497141,2019-07-24T09:44:57.141Z,buy,1.35e-06,294.0,0.0003969
SNM/BTC,1563961497994,2019-07-24T09:44:57.994Z,buy,1.35e-06,292.0,0.0003942
SNM/BTC,1563962136416,2019-07-24T09:55:36.416Z,buy,1.35e-06,79.0,0.00010665
SNM/BTC,1563962159939,2019-07-24T09:55:59.939Z,buy,1.35e-06,201.0,0.00027135
SNM/BTC,1563962168852,2019-07-24T09:56:08.852Z,buy,1.35e-06,85.0,0.00011475
SNM/BTC,1563962542113,2019-07-24T10:02:22.113Z,buy,1.35e-06,904.0,0.0012204
SNM/BTC,1563962668371,2019-07-24T10:04:28.371Z,sell,1.34e-06,1101.0,0.00147534
SNM/BTC,1563962714538,2019-07-24T10:05:14.538Z,sell,1.34e-06,103.0,0.00013802
SNM/BTC,1563962827256,2019-07-24T10:07:07.256Z,buy,1.35e-06,216.0,0.0002916
SNM/BTC,1563962902926,2019-07-24T10:08:22.926Z,sell,1.34e-06,2312.0,0.00309808
SNM/BTC,1563963009636,2019-07-24T10:10:09.636Z,sell,1.34e-06,84.0,0.00011256
SNM/BTC,1563963009636,2019-07-24T10:10:09.636Z,sell,1.34e-06,84.0,0.00011256
SNM/BTC,1563963528254,2019-07-24T10:18:48.254Z,sell,1.34e-06,1002.0,0.00134268
SNM/BTC,1563963698484,2019-07-24T10:21:38.484Z,sell,1.34e-06,6844.0,0.00917096
SNM/BTC,1563963698924,2019-07-24T10:21:38.924Z,sell,1.34e-06,1883.0,0.00252322
SNM/BTC,1563963913698,2019-07-24T10:25:13.698Z,sell,1.34e-06,88.0,0.00011792
SNM/BTC,1563964323106,2019-07-24T10:32:03.106Z,buy,1.35e-06,1124.0,0.0015174
SNM/BTC,1563964971162,2019-07-24T10:42:51.162Z,sell,1.34e-06,3682.0,0.00493388
SNM/BTC,1563965041866,2019-07-24T10:44:01.866Z,sell,1.34e-06,4975.0,0.0066665
SNM/BTC,1563965585414,2019-07-24T10:53:05.414Z,buy,1.35e-06,440.0,0.000594
SNM/BTC,1563965634346,2019-07-24T10:53:54.346Z,buy,1.35e-06,877.0,0.00118395
SNM/BTC,1563965731863,2019-07-24T10:55:31.863Z,sell,1.34e-06,2147.0,0.00287698
SNM/BTC,1563965759413,2019-07-24T10:55:59.413Z,buy,1.35e-06,86.0,0.0001161
SNM/BTC,1563966443906,2019-07-24T11:07:23.906Z,buy,1.35e-06,15000.0,0.02025
SNM/BTC,1563966443906,2019-07-24T11:07:23.906Z,buy,1.35e-06,15000.0,0.02025
SNM/BTC,1563967251400,2019-07-24T11:20:51.400Z,buy,1.35e-06,100.0,0.000135
SNM/BTC,1563967319258,2019-07-24T11:21:59.258Z,sell,1.34e-06,2428.0,0.00325352
SNM/BTC,1563968281649,2019-07-24T11:38:01.649Z,sell,1.34e-06,67050.0,0.089847
SNM/BTC,1563968520505,2019-07-24T11:42:00.505Z,buy,1.35e-06,769.0,0.00103815
SNM/BTC,1563969356342,2019-07-24T11:55:56.342Z,sell,1.34e-06,88.0,0.00011792
SNM/BTC,1563969367595,2019-07-24T11:56:07.595Z,buy,1.35e-06,35007.0,0.04725945
SNM/BTC,1563969889171,2019-07-24T12:04:49.171Z,buy,1.35e-06,924.0,0.0012474
SNM/BTC,1563969889171,2019-07-24T12:04:49.171Z,buy,1.35e-06,924.0,0.0012474
SNM/BTC,1563970361021,2019-07-24T12:12:41.021Z,buy,1.35e-06,99995.0,0.13499325
SNM/BTC,1563970541869,2019-07-24T12:15:41.869Z,sell,1.35e-06,18303.0,0.02470905
SNM/BTC,1563970582701,2019-07-24T12:16:22.701Z,buy,1.36e-06,915.0,0.0012443999999999
SNM/BTC,1563970859989,2019-07-24T12:20:59.989Z,sell,1.35e-06,1021.0,0.00137835
SNM/BTC,1563971157515,2019-07-24T12:25:57.515Z,sell,1.35e-06,15247.0,0.02058345
SNM/BTC,1563971269030,2019-07-24T12:27:49.030Z,sell,1.35e-06,13434.0,0.0181359
SNM/BTC,1563971290742,2019-07-24T12:28:10.742Z,buy,1.36e-06,917.0,0.00124712
SNM/BTC,1563971576114,2019-07-24T12:32:56.114Z,sell,1.35e-06,113.0,0.00015255
SNM/BTC,1563971703027,2019-07-24T12:35:03.027Z,buy,1.36e-06,951.0,0.00129336
SNM/BTC,1563972169916,2019-07-24T12:42:49.916Z,buy,1.36e-06,1108.0,0.00150688
SNM/BTC,1563972549688,2019-07-24T12:49:09.688Z,sell,1.35e-06,15368.0,0.0207468
SNM/BTC,1563972669644,2019-07-24T12:51:09.644Z,buy,1.36e-06,7341.0,0.00998376
SNM/BTC,1563973038898,2019-07-24T12:57:18.898Z,sell,1.35e-06,7593.0,0.01025055
SNM/BTC,1563973383367,2019-07-24T13:03:03.367Z,buy,1.36e-06,7352.0,0.00999872
SNM/BTC,1563973383367,2019-07-24T13:03:03.367Z,buy,1.36e-06,7352.0,0.00999872
SNM/BTC,1563973502486,2019-07-24T13:05:02.486Z,buy,1.36e-06,149.0,0.00020264
SNM/BTC,1563973502493,2019-07-24T13:05:02.493Z,buy,1.36e-06,149.0,0.00020264
SNM/BTC,1563973669471,2019-07-24T13:07:49.471Z,sell,1.35e-06,63283.0,0.08543205
SNM/BTC,1563973670022,2019-07-24T13:07:50.022Z,buy,1.36e-06,2682.0,0.0036475199999999
SNM/BTC,1563974418776,2019-07-24T13:20:18.776Z,buy,1.36e-06,147.0,0.00019992
SNM/BTC,1563974550529,2019-07-24T13:22:30.529Z,sell,1.34e-06,1275.0,0.0017085
SNM/BTC,1563975341574,2019-07-24T13:35:41.574Z,sell,1.35e-06,140.0,0.0001889999999999
SNM/BTC,1563975606782,2019-07-24T13:40:06.782Z,sell,1.35e-06,106.0,0.0001431
SNM/BTC,1563975766241,2019-07-24T13:42:46.241Z,buy,1.36e-06,1101.0,0.0014973599999999
SNM/BTC,1563976068554,2019-07-24T13:47:48.554Z,sell,1.35e-06,7283.0,0.00983205
SNM/BTC,1563976068590,2019-07-24T13:47:48.590Z,buy,1.35e-06,1042.0,0.0014067
SNM/BTC,1563976068591,2019-07-24T13:47:48.591Z,buy,1.35e-06,5110.0,0.0068985
SNM/BTC,1563976320194,2019-07-24T13:52:00.194Z,buy,1.35e-06,709.0,0.00095715
SNM/BTC,1563976399714,2019-07-24T13:53:19.714Z,sell,1.35e-06,1042.0,0.0014067
SNM/BTC,1563976760911,2019-07-24T13:59:20.911Z,sell,1.35e-06,288.0,0.0003888
SNM/BTC,1563976760911,2019-07-24T13:59:20.911Z,sell,1.35e-06,288.0,0.0003888
SNM/BTC,1563977459149,2019-07-24T14:10:59.149Z,buy,1.35e-06,248.0,0.0003348
SNM/BTC,1563977459222,2019-07-24T14:10:59.222Z,buy,1.35e-06,243.0,0.00032805
SNM/BTC,1563977502596,2019-07-24T14:11:42.596Z,buy,1.36e-06,773.0,0.00105128
SNM/BTC,1563978044657,2019-07-24T14:20:44.657Z,sell,1.35e-06,58696.0,0.0792396
SNM/BTC,1563978074044,2019-07-24T14:21:14.044Z,sell,1.35e-06,5625.0,0.00759375
SNM/BTC,1563978146031,2019-07-24T14:22:26.031Z,buy,1.36e-06,597.0,0.0008119199999999
SNM/BTC,1563978147494,2019-07-24T14:22:27.494Z,buy,1.36e-06,200.0,0.000272
SNM/BTC,1563978171137,2019-07-24T14:22:51.137Z,buy,1.36e-06,10491.0,0.0142677599999999
SNM/BTC,1563978600055,2019-07-24T14:30:00.055Z,buy,1.36e-06,323.0,0.0004392799999999
SNM/BTC,1563978600094,2019-07-24T14:30:00.094Z,buy,1.36e-06,323.0,0.0004392799999999
SNM/BTC,1563978806162,2019-07-24T14:33:26.162Z,buy,1.36e-06,796.0,0.00108256
SNM/BTC,1563978806685,2019-07-24T14:33:26.685Z,buy,1.36e-06,1648.0,0.00224128
SNM/BTC,1563978806707,2019-07-24T14:33:26.707Z,buy,1.36e-06,1648.0,0.00224128
SNM/BTC,1563978807052,2019-07-24T14:33:27.052Z,buy,1.36e-06,2855.0,0.0038827999999999
SNM/BTC,1563978810099,2019-07-24T14:33:30.099Z,buy,1.36e-06,1258.0,0.00171088
SNM/BTC,1563978810136,2019-07-24T14:33:30.136Z,buy,1.36e-06,1258.0,0.00171088
SNM/BTC,1563978810272,2019-07-24T14:33:30.272Z,buy,1.36e-06,722.0,0.0009819199999999
SNM/BTC,1563978810298,2019-07-24T14:33:30.298Z,buy,1.36e-06,722.0,0.0009819199999999
SNM/BTC,1563978811642,2019-07-24T14:33:31.642Z,buy,1.36e-06,242.0,0.0003291199999999
SNM/BTC,1563978811817,2019-07-24T14:33:31.817Z,buy,1.36e-06,1387.0,0.00188632
SNM/BTC,1563978814237,2019-07-24T14:33:34.237Z,buy,1.36e-06,231.0,0.0003141599999999
SNM/BTC,1563978814438,2019-07-24T14:33:34.438Z,buy,1.36e-06,195.0,0.0002652
SNM/BTC,1563979399404,2019-07-24T14:43:19.404Z,buy,1.36e-06,7352.0,0.00999872
SNM/BTC,1563979794521,2019-07-24T14:49:54.521Z,sell,1.35e-06,25662.0,0.0346437
SNM/BTC,1563979794521,2019-07-24T14:49:54.521Z,sell,1.34e-06,6945.0,0.0093063
SNM/BTC,1563979794753,2019-07-24T14:49:54.753Z,sell,1.35e-06,318.0,0.0004292999999999
SNM/BTC,1563979794795,2019-07-24T14:49:54.795Z,buy,1.35e-06,318.0,0.0004292999999999
SNM/BTC,1563979794852,2019-07-24T14:49:54.852Z,buy,1.35e-06,180.0,0.000243
SNM/BTC,1563979794855,2019-07-24T14:49:54.855Z,buy,1.35e-06,180.0,0.000243
SNM/BTC,1563979794958,2019-07-24T14:49:54.958Z,buy,1.35e-06,626.0,0.0008451
SNM/BTC,1563979798469,2019-07-24T14:49:58.469Z,buy,1.35e-06,449.0,0.00060615
SNM/BTC,1563979798575,2019-07-24T14:49:58.575Z,buy,1.35e-06,179.0,0.00024165
SNM/BTC,1563980103197,2019-07-24T14:55:03.197Z,buy,1.35e-06,246.0,0.0003321
SNM/BTC,1563980110889,2019-07-24T14:55:10.889Z,buy,1.35e-06,2962.0,0.0039987
SNM/BTC,1563980112147,2019-07-24T14:55:12.147Z,buy,1.35e-06,1246.0,0.0016821
SNM/BTC,1563980148454,2019-07-24T14:55:48.454Z,buy,1.36e-06,2222.0,0.0030219199999999
SNM/BTC,1563980268865,2019-07-24T14:57:48.865Z,buy,1.36e-06,75.0,0.0001019999999999
SNM/BTC,1563980268865,2019-07-24T14:57:48.865Z,buy,1.36e-06,75.0,0.0001019999999999
SNM/BTC,1563980364396,2019-07-24T14:59:24.396Z,buy,1.35e-06,2962.0,0.0039987
SNM/BTC,1563980364907,2019-07-24T14:59:24.907Z,buy,1.35e-06,137.0,0.00018495
SNM/BTC,1563980366894,2019-07-24T14:59:26.894Z,sell,1.35e-06,535.0,0.00072225
SNM/BTC,1563980405878,2019-07-24T15:00:05.878Z,buy,1.36e-06,2222.0,0.0030219199999999
SNM/BTC,1563980477917,2019-07-24T15:01:17.917Z,buy,1.36e-06,1392.0,0.0018931199999999
SNM/BTC,1563981160982,2019-07-24T15:12:40.982Z,sell,1.35e-06,2860.0,0.003861
SNM/BTC,1563981292988,2019-07-24T15:14:52.988Z,buy,1.36e-06,84.0,0.0001142399999999
SNM/BTC,1563981295454,2019-07-24T15:14:55.454Z,buy,1.36e-06,84.0,0.0001142399999999
SNM/BTC,1563981422244,2019-07-24T15:17:02.244Z,buy,1.36e-06,230.0,0.0003127999999999
SNM/BTC,1563981436463,2019-07-24T15:17:16.463Z,buy,1.36e-06,784.0,0.00106624
SNM/BTC,1563981463689,2019-07-24T15:17:43.689Z,buy,1.36e-06,91.0,0.00012376
SNM/BTC,1563981482442,2019-07-24T15:18:02.442Z,buy,1.36e-06,124.0,0.0001686399999999
SNM/BTC,1563981978912,2019-07-24T15:26:18.912Z,buy,1.36e-06,161.0,0.0002189599999999
SNM/BTC,1563981979376,2019-07-24T15:26:19.376Z,buy,1.36e-06,163.0,0.0002216799999999
SNM/BTC,1563982860835,2019-07-24T15:41:00.835Z,buy,1.36e-06,776.0,0.00105536
SNM/BTC,1563983227468,2019-07-24T15:47:07.468Z,buy,1.36e-06,248.0,0.0003372799999999
SNM/BTC,1563983227525,2019-07-24T15:47:07.525Z,buy,1.36e-06,234.0,0.0003182399999999
SNM/BTC,1563983227642,2019-07-24T15:47:07.642Z,buy,1.36e-06,248.0,0.0003372799999999
SNM/BTC,1563983484330,2019-07-24T15:51:24.330Z,sell,1.35e-06,142.0,0.0001917
SNM/BTC,1563983484330,2019-07-24T15:51:24.330Z,sell,1.35e-06,142.0,0.0001917
SNM/BTC,1563984027243,2019-07-24T16:00:27.243Z,buy,1.36e-06,79.0,0.0001074399999999
SNM/BTC,1563984102762,2019-07-24T16:01:42.762Z,buy,1.36e-06,1061.0,0.0014429599999999
SNM/BTC,1563984121315,2019-07-24T16:02:01.315Z,buy,1.36e-06,4255.0,0.0057868
SNM/BTC,1563984121326,2019-07-24T16:02:01.326Z,buy,1.36e-06,2193.0,0.0029824799999999
SNM/BTC,1563984121334,2019-07-24T16:02:01.334Z,buy,1.36e-06,5384.0,0.00732224
SNM/BTC,1563984121334,2019-07-24T16:02:01.334Z,buy,1.37e-06,8941.0,0.01224917
SNM/BTC,1563984121334,2019-07-24T16:02:01.334Z,buy,1.37e-06,7764.0,0.01063668
SNM/BTC,1563984121339,2019-07-24T16:02:01.339Z,buy,1.37e-06,9579.0,0.01312323
SNM/BTC,1563984121357,2019-07-24T16:02:01.357Z,buy,1.37e-06,50592.0,0.06931104
SNM/BTC,1563984121357,2019-07-24T16:02:01.357Z,buy,1.37e-06,882.0,0.00120834
SNM/BTC,1563984121376,2019-07-24T16:02:01.376Z,buy,1.37e-06,47857.0,0.06556409
SNM/BTC,1563984121376,2019-07-24T16:02:01.376Z,buy,1.38e-06,80151.0,0.1106083799999999
SNM/BTC,1563984121442,2019-07-24T16:02:01.442Z,buy,1.38e-06,882.0,0.00121716
SNM/BTC,1563984121443,2019-07-24T16:02:01.443Z,buy,1.38e-06,6007.0,0.0082896599999999
SNM/BTC,1563984121456,2019-07-24T16:02:01.456Z,buy,1.38e-06,4979.0,0.0068710199999999
SNM/BTC,1563984121519,2019-07-24T16:02:01.519Z,sell,1.37e-06,882.0,0.00120834
SNM/BTC,1563984121557,2019-07-24T16:02:01.557Z,buy,1.38e-06,35577.0,0.0490962599999999
SNM/BTC,1563984121566,2019-07-24T16:02:01.566Z,buy,1.38e-06,12292.0,0.01696296
SNM/BTC,1563984121568,2019-07-24T16:02:01.568Z,buy,1.36e-06,882.0,0.00119952
SNM/BTC,1563984121568,2019-07-24T16:02:01.568Z,buy,1.38e-06,5972.0,0.00824136
SNM/BTC,1563984121583,2019-07-24T16:02:01.583Z,buy,1.38e-06,4568.0,0.00630384
SNM/BTC,1563984121585,2019-07-24T16:02:01.585Z,buy,1.38e-06,4064.0,0.00560832
SNM/BTC,1563984121586,2019-07-24T16:02:01.586Z,buy,1.38e-06,6747.0,0.0093108599999999
SNM/BTC,1563984121587,2019-07-24T16:02:01.587Z,buy,1.38e-06,54289.0,0.07491882
SNM/BTC,1563984121596,2019-07-24T16:02:01.596Z,buy,1.38e-06,7794.0,0.01075572
SNM/BTC,1563984123882,2019-07-24T16:02:03.882Z,sell,1.37e-06,2469.0,0.00338253
SNM/BTC,1563984128017,2019-07-24T16:02:08.017Z,buy,1.37e-06,74.0,0.00010138
SNM/BTC,1563984168011,2019-07-24T16:02:48.011Z,sell,1.36e-06,351.0,0.0004773599999999
SNM/BTC,1563984182008,2019-07-24T16:03:02.008Z,buy,1.38e-06,94920.0,0.1309895999999999
SNM/BTC,1563984182008,2019-07-24T16:03:02.008Z,buy,1.39e-06,25210.0,0.0350419
SNM/BTC,1563984184437,2019-07-24T16:03:04.437Z,sell,1.37e-06,2230.0,0.0030551
SNM/BTC,1563984201288,2019-07-24T16:03:21.288Z,buy,1.37e-06,1238.0,0.00169606
SNM/BTC,1563984201288,2019-07-24T16:03:21.288Z,buy,1.38e-06,2479.0,0.00342102
SNM/BTC,1563984201288,2019-07-24T16:03:21.288Z,buy,1.39e-06,3582.0,0.00497898
SNM/BTC,1563984202601,2019-07-24T16:03:22.601Z,sell,1.37e-06,2477.0,0.00339349
SNM/BTC,1563984202661,2019-07-24T16:03:22.661Z,sell,1.36e-06,2477.0,0.0033687199999999
SNM/BTC,1563984202667,2019-07-24T16:03:22.667Z,sell,1.36e-06,2477.0,0.0033687199999999
SNM/BTC,1563984202869,2019-07-24T16:03:22.869Z,sell,1.36e-06,2911.0,0.00395896
SNM/BTC,1563984203174,2019-07-24T16:03:23.174Z,sell,1.36e-06,2477.0,0.0033687199999999
SNM/BTC,1563984349107,2019-07-24T16:05:49.107Z,sell,1.37e-06,2962.0,0.00405794
SNM/BTC,1563984351527,2019-07-24T16:05:51.527Z,sell,1.37e-06,2962.0,0.00405794
SNM/BTC,1563984365684,2019-07-24T16:06:05.684Z,sell,1.37e-06,1448.0,0.00198376
SNM/BTC,1563984700441,2019-07-24T16:11:40.441Z,buy,1.38e-06,16938.0,0.02337444
SNM/BTC,1563984700481,2019-07-24T16:11:40.481Z,sell,1.38e-06,11027.0,0.01521726
SNM/BTC,1563984700513,2019-07-24T16:11:40.513Z,sell,1.38e-06,690.0,0.0009521999999999
SNM/BTC,1563985017067,2019-07-24T16:16:57.067Z,buy,1.38e-06,74.0,0.0001021199999999
SNM/BTC,1563985042954,2019-07-24T16:17:22.954Z,sell,1.37e-06,105.0,0.00014385
SNM/BTC,1563985056472,2019-07-24T16:17:36.472Z,sell,1.37e-06,410.0,0.0005617
SNM/BTC,1563985080751,2019-07-24T16:18:00.751Z,sell,1.37e-06,94.0,0.00012878
SNM/BTC,1563985088026,2019-07-24T16:18:08.026Z,sell,1.37e-06,76751.0,0.10514887
SNM/BTC,1563985111170,2019-07-24T16:18:31.170Z,buy,1.37e-06,736.0,0.00100832
SNM/BTC,1563985323157,2019-07-24T16:22:03.157Z,sell,1.36e-06,969.0,0.0013178399999999
SNM/BTC,1563985323471,2019-07-24T16:22:03.471Z,sell,1.36e-06,3111.0,0.00423096
SNM/BTC,1563985326435,2019-07-24T16:22:06.435Z,sell,1.36e-06,7899.0,0.01074264
SNM/BTC,1563985356485,2019-07-24T16:22:36.485Z,sell,1.36e-06,3237.0,0.0044023199999999
SNM/BTC,1563985389292,2019-07-24T16:23:09.292Z,buy,1.37e-06,2786.0,0.00381682
SNM/BTC,1563985424856,2019-07-24T16:23:44.856Z,buy,1.37e-06,2011.0,0.00275507
SNM/BTC,1563985428068,2019-07-24T16:23:48.068Z,buy,1.37e-06,23167.0,0.03173879
SNM/BTC,1563985431115,2019-07-24T16:23:51.115Z,sell,1.36e-06,3606.0,0.0049041599999999
SNM/BTC,1563985569309,2019-07-24T16:26:09.309Z,sell,1.36e-06,78.0,0.0001060799999999
SNM/BTC,1563985668016,2019-07-24T16:27:48.016Z,buy,1.37e-06,347.0,0.00047539
SNM/BTC,1563985683762,2019-07-24T16:28:03.762Z,buy,1.37e-06,24904.0,0.03411848
SNM/BTC,1563985702511,2019-07-24T16:28:22.511Z,sell,1.36e-06,101600.0,0.138176
SNM/BTC,1563985708164,2019-07-24T16:28:28.164Z,buy,1.37e-06,71287.0,0.09766319
SNM/BTC,1563985708176,2019-07-24T16:28:28.176Z,buy,1.37e-06,11974.0,0.01640438
SNM/BTC,1563985708177,2019-07-24T16:28:28.177Z,buy,1.37e-06,53916.0,0.07386492
SNM/BTC,1563985809871,2019-07-24T16:30:09.871Z,sell,1.36e-06,189.0,0.00025704
SNM/BTC,1563986496128,2019-07-24T16:41:36.128Z,sell,1.36e-06,2895.0,0.0039372
SNM/BTC,1563986767654,2019-07-24T16:46:07.654Z,sell,1.36e-06,169.0,0.0002298399999999
SNM/BTC,1563987075270,2019-07-24T16:51:15.270Z,buy,1.37e-06,146.0,0.00020002
SNM/BTC,1563987075270,2019-07-24T16:51:15.270Z,buy,1.37e-06,146.0,0.00020002
SNM/BTC,1563987168701,2019-07-24T16:52:48.701Z,buy,1.37e-06,141.0,0.00019317
SNM/BTC,1563987267012,2019-07-24T16:54:27.012Z,buy,1.37e-06,365.0,0.00050005
SNM/BTC,1563987624012,2019-07-24T17:00:24.012Z,buy,1.37e-06,76.0,0.00010412
SNM/BTC,1563987678803,2019-07-24T17:01:18.803Z,sell,1.36e-06,1230.0,0.0016728
SNM/BTC,1563987792592,2019-07-24T17:03:12.592Z,buy,1.37e-06,13323.0,0.01825251
SNM/BTC,1563987852143,2019-07-24T17:04:12.143Z,buy,1.38e-06,101.0,0.0001393799999999
SNM/BTC,1563988016214,2019-07-24T17:06:56.214Z,buy,1.38e-06,199101.0,0.27475938
SNM/BTC,1563988016266,2019-07-24T17:06:56.266Z,sell,1.38e-06,101.0,0.0001393799999999
SNM/BTC,1563988018607,2019-07-24T17:06:58.607Z,sell,1.38e-06,873.0,0.00120474
SNM/BTC,1563988053677,2019-07-24T17:07:33.677Z,sell,1.38e-06,4298.0,0.00593124
SNM/BTC,1563988154744,2019-07-24T17:09:14.744Z,buy,1.39e-06,6851.0,0.00952289
SNM/BTC,1563988254047,2019-07-24T17:10:54.047Z,buy,1.39e-06,7194.0,0.00999966
SNM/BTC,1563988386831,2019-07-24T17:13:06.831Z,sell,1.38e-06,13741.0,0.01896258
SNM/BTC,1563988766328,2019-07-24T17:19:26.328Z,sell,1.36e-06,4511.0,0.0061349599999999
SNM/BTC,1563988859226,2019-07-24T17:20:59.226Z,sell,1.36e-06,7194.0,0.0097838399999999
SNM/BTC,1563989233820,2019-07-24T17:27:13.820Z,sell,1.36e-06,190.0,0.0002584
SNM/BTC,1563989233875,2019-07-24T17:27:13.875Z,sell,1.36e-06,190.0,0.0002584
SNM/BTC,1563989234372,2019-07-24T17:27:14.372Z,sell,1.36e-06,190.0,0.0002584
SNM/BTC,1563990030859,2019-07-24T17:40:30.859Z,buy,1.38e-06,1208.0,0.0016670399999999
SNM/BTC,1563990377513,2019-07-24T17:46:17.513Z,buy,1.38e-06,184.0,0.00025392
SNM/BTC,1563990377576,2019-07-24T17:46:17.576Z,buy,1.38e-06,184.0,0.00025392
SNM/BTC,1563990377672,2019-07-24T17:46:17.672Z,buy,1.38e-06,184.0,0.00025392
SNM/BTC,1563990646712,2019-07-24T17:50:46.712Z,sell,1.37e-06,794.0,0.00108778
SNM/BTC,1563990646712,2019-07-24T17:50:46.712Z,sell,1.37e-06,794.0,0.00108778
SNM/BTC,1563991124098,2019-07-24T17:58:44.098Z,sell,1.37e-06,30000.0,0.0411
SNM/BTC,1563991527776,2019-07-24T18:05:27.776Z,sell,1.37e-06,402.0,0.00055074
SNM/BTC,1563991527960,2019-07-24T18:05:27.960Z,sell,1.37e-06,402.0,0.00055074
SNM/BTC,1563991527995,2019-07-24T18:05:27.995Z,sell,1.37e-06,402.0,0.00055074
SNM/BTC,1563991916658,2019-07-24T18:11:56.658Z,buy,1.38e-06,2679.0,0.0036970199999999
SNM/BTC,1563992054593,2019-07-24T18:14:14.593Z,sell,1.37e-06,2676.0,0.00366612
SNM/BTC,1563992257483,2019-07-24T18:17:37.483Z,buy,1.38e-06,193.0,0.00026634
SNM/BTC,1563992538576,2019-07-24T18:22:18.576Z,buy,1.38e-06,653.0,0.0009011399999999
SNM/BTC,1563992538718,2019-07-24T18:22:18.718Z,buy,1.38e-06,649.0,0.00089562
SNM/BTC,1563992604797,2019-07-24T18:23:24.797Z,sell,1.37e-06,141.0,0.00019317
SNM/BTC,1563992709916,2019-07-24T18:25:09.916Z,sell,1.37e-06,3416.0,0.00467992
SNM/BTC,1563993434447,2019-07-24T18:37:14.447Z,buy,1.38e-06,14648.0,0.0202142399999999
SNM/BTC,1563993496353,2019-07-24T18:38:16.353Z,buy,1.38e-06,1625.0,0.0022424999999999
SNM/BTC,1563993536533,2019-07-24T18:38:56.533Z,buy,1.38e-06,25577.0,0.0352962599999999
SNM/BTC,1563993613391,2019-07-24T18:40:13.391Z,sell,1.38e-06,96.0,0.0001324799999999
SNM/BTC,1563993924735,2019-07-24T18:45:24.735Z,sell,1.38e-06,10558.0,0.01457004
SNM/BTC,1563994135664,2019-07-24T18:48:55.664Z,buy,1.38e-06,724.0,0.00099912
SNM/BTC,1563994135664,2019-07-24T18:48:55.664Z,buy,1.38e-06,724.0,0.00099912
SNM/BTC,1563994425912,2019-07-24T18:53:45.912Z,buy,1.38e-06,140.0,0.0001931999999999
SNM/BTC,1563994609310,2019-07-24T18:56:49.310Z,buy,1.38e-06,74.0,0.0001021199999999
SNM/BTC,1563994929869,2019-07-24T19:02:09.869Z,buy,1.37e-06,364.0,0.00049868
SNM/BTC,1563994934326,2019-07-24T19:02:14.326Z,sell,1.36e-06,412.0,0.00056032
SNM/BTC,1563995354004,2019-07-24T19:09:14.004Z,sell,1.37e-06,7070.0,0.0096859
SNM/BTC,1563995512011,2019-07-24T19:11:52.011Z,buy,1.38e-06,729.0,0.0010060199999999
SNM/BTC,1563995512128,2019-07-24T19:11:52.128Z,buy,1.38e-06,1449.0,0.0019996199999999
SNM/BTC,1563995857420,2019-07-24T19:17:37.420Z,sell,1.37e-06,87.0,0.00011919
SNM/BTC,1563995868300,2019-07-24T19:17:48.300Z,sell,1.37e-06,380.0,0.0005206
SNM/BTC,1563996004862,2019-07-24T19:20:04.862Z,sell,1.37e-06,786.0,0.00107682
SNM/BTC,1563996010281,2019-07-24T19:20:10.281Z,sell,1.37e-06,317.0,0.00043429
SNM/BTC,1563996044879,2019-07-24T19:20:44.879Z,sell,1.37e-06,28626.0,0.03921762
SNM/BTC,1563996181381,2019-07-24T19:23:01.381Z,sell,1.37e-06,3721.0,0.00509777
SNM/BTC,1563996434640,2019-07-24T19:27:14.640Z,sell,1.36e-06,85536.0,0.11632896
SNM/BTC,1563996479960,2019-07-24T19:27:59.960Z,buy,1.37e-06,23715.0,0.03248955
SNM/BTC,1563996513089,2019-07-24T19:28:33.089Z,buy,1.37e-06,2919.0,0.00399903
SNM/BTC,1563996513668,2019-07-24T19:28:33.668Z,buy,1.37e-06,2919.0,0.00399903
SNM/BTC,1563996518673,2019-07-24T19:28:38.673Z,buy,1.37e-06,2919.0,0.00399903
SNM/BTC,1563996519144,2019-07-24T19:28:39.144Z,buy,1.37e-06,2919.0,0.00399903
SNM/BTC,1563996654092,2019-07-24T19:30:54.092Z,buy,1.37e-06,1092.0,0.00149604
SNM/BTC,1563996990249,2019-07-24T19:36:30.249Z,buy,1.37e-06,165.0,0.00022605
SNM/BTC,1563997140703,2019-07-24T19:39:00.703Z,sell,1.36e-06,225.0,0.0003059999999999
SNM/BTC,1563997315372,2019-07-24T19:41:55.372Z,buy,1.37e-06,1194.0,0.00163578
SNM/BTC,1563997385094,2019-07-24T19:43:05.094Z,sell,1.36e-06,8920.0,0.0121311999999999
SNM/BTC,1563997385094,2019-07-24T19:43:05.094Z,sell,1.36e-06,8920.0,0.0121311999999999
SNM/BTC,1563997757839,2019-07-24T19:49:17.839Z,buy,1.37e-06,144.0,0.00019728
SNM/BTC,1563998910468,2019-07-24T20:08:30.468Z,buy,1.38e-06,185.0,0.0002552999999999
SNM/BTC,1563998911162,2019-07-24T20:08:31.162Z,sell,1.37e-06,2919.0,0.00399903
SNM/BTC,1563998913073,2019-07-24T20:08:33.073Z,sell,1.37e-06,1556.0,0.00213172
SNM/BTC,1563998913102,2019-07-24T20:08:33.102Z,buy,1.37e-06,469.0,0.00064253
SNM/BTC,1563998913131,2019-07-24T20:08:33.131Z,buy,1.37e-06,469.0,0.00064253
SNM/BTC,1563998913154,2019-07-24T20:08:33.154Z,buy,1.37e-06,288.0,0.00039456
SNM/BTC,1563998944287,2019-07-24T20:09:04.287Z,sell,1.36e-06,137.0,0.00018632
SNM/BTC,1563998953623,2019-07-24T20:09:13.623Z,buy,1.38e-06,318.0,0.0004388399999999
SNM/BTC,1563998955794,2019-07-24T20:09:15.794Z,sell,1.37e-06,318.0,0.00043566
SNM/BTC,1563998955939,2019-07-24T20:09:15.939Z,buy,1.37e-06,2601.0,0.00356337
SNM/BTC,1563999029962,2019-07-24T20:10:29.962Z,sell,1.37e-06,2111.0,0.00289207
SNM/BTC,1563999029998,2019-07-24T20:10:29.998Z,buy,1.37e-06,808.0,0.00110696
SNM/BTC,1563999458340,2019-07-24T20:17:38.340Z,buy,1.38e-06,154.0,0.0002125199999999
SNM/BTC,1564000349121,2019-07-24T20:32:29.121Z,buy,1.38e-06,109.0,0.0001504199999999
SNM/BTC,1564000349121,2019-07-24T20:32:29.121Z,buy,1.38e-06,109.0,0.0001504199999999
SNM/BTC,1564001368723,2019-07-24T20:49:28.723Z,buy,1.38e-06,7246.0,0.00999948
SNM/BTC,1564001480511,2019-07-24T20:51:20.511Z,sell,1.37e-06,882.0,0.00120834
SNM/BTC,1564001908809,2019-07-24T20:58:28.809Z,buy,1.38e-06,34169.0,0.0471532199999999
SNM/BTC,1564002030589,2019-07-24T21:00:30.589Z,sell,1.38e-06,7157.0,0.0098766599999999
SNM/BTC,1564002114141,2019-07-24T21:01:54.141Z,sell,1.38e-06,736.0,0.00101568
SNM/BTC,1564003051218,2019-07-24T21:17:31.218Z,sell,1.38e-06,75.0,0.0001035
SNM/BTC,1564003056911,2019-07-24T21:17:36.911Z,sell,1.38e-06,75.0,0.0001035
SNM/BTC,1564003059896,2019-07-24T21:17:39.896Z,sell,1.38e-06,75.0,0.0001035
SNM/BTC,1564003062898,2019-07-24T21:17:42.898Z,sell,1.38e-06,75.0,0.0001035
SNM/BTC,1564003065897,2019-07-24T21:17:45.897Z,sell,1.38e-06,75.0,0.0001035
SNM/BTC,1564003068898,2019-07-24T21:17:48.898Z,sell,1.38e-06,75.0,0.0001035
SNM/BTC,1564003071916,2019-07-24T21:17:51.916Z,sell,1.38e-06,75.0,0.0001035
SNM/BTC,1564003073851,2019-07-24T21:17:53.851Z,buy,1.39e-06,139990.0,0.1945861
SNM/BTC,1564003073851,2019-07-24T21:17:53.851Z,buy,1.39e-06,91630.0,0.1273657
SNM/BTC,1564003074900,2019-07-24T21:17:54.900Z,sell,1.38e-06,75.0,0.0001035
SNM/BTC,1564003105927,2019-07-24T21:18:25.927Z,sell,1.39e-06,464.0,0.00064496
SNM/BTC,1564003107713,2019-07-24T21:18:27.713Z,sell,1.39e-06,2768.0,0.00384752
SNM/BTC,1564003109442,2019-07-24T21:18:29.442Z,sell,1.39e-06,740.0,0.0010286
SNM/BTC,1564003117315,2019-07-24T21:18:37.315Z,buy,1.39e-06,10491.0,0.01458249
SNM/BTC,1564003130322,2019-07-24T21:18:50.322Z,sell,1.38e-06,1094.0,0.00150972
SNM/BTC,1564003133368,2019-07-24T21:18:53.368Z,sell,1.38e-06,2627.0,0.00362526
SNM/BTC,1564003135934,2019-07-24T21:18:55.934Z,sell,1.38e-06,1605.0,0.0022148999999999
SNM/BTC,1564003147493,2019-07-24T21:19:07.493Z,buy,1.4e-06,358.0,0.0005011999999999
SNM/BTC,1564003149121,2019-07-24T21:19:09.121Z,sell,1.39e-06,1014.0,0.00140946
SNM/BTC,1564003153659,2019-07-24T21:19:13.659Z,sell,1.39e-06,2231.0,0.00310109
SNM/BTC,1564003169440,2019-07-24T21:19:29.440Z,sell,1.39e-06,924.0,0.00128436
SNM/BTC,1564003214828,2019-07-24T21:20:14.828Z,sell,1.39e-06,592.0,0.00082288
SNM/BTC,1564003247735,2019-07-24T21:20:47.735Z,sell,1.39e-06,1042.0,0.00144838
SNM/BTC,1564003250936,2019-07-24T21:20:50.936Z,sell,1.39e-06,903.0,0.00125517
SNM/BTC,1564003254178,2019-07-24T21:20:54.178Z,sell,1.39e-06,3970.0,0.0055183
SNM/BTC,1564003256225,2019-07-24T21:20:56.225Z,sell,1.39e-06,1011.0,0.00140529
SNM/BTC,1564003276469,2019-07-24T21:21:16.469Z,sell,1.39e-06,1686.0,0.00234354
SNM/BTC,1564003308297,2019-07-24T21:21:48.297Z,sell,1.39e-06,1016.0,0.00141224
SNM/BTC,1564003443525,2019-07-24T21:24:03.525Z,sell,1.39e-06,10000.0,0.0139
SNM/BTC,1564003556483,2019-07-24T21:25:56.483Z,sell,1.38e-06,288.0,0.00039744
SNM/BTC,1564003646109,2019-07-24T21:27:26.109Z,sell,1.38e-06,3605.0,0.0049749
SNM/BTC,1564003807230,2019-07-24T21:30:07.230Z,sell,1.38e-06,121.0,0.0001669799999999
SNM/BTC,1564003873830,2019-07-24T21:31:13.830Z,sell,1.38e-06,808.0,0.0011150399999999
SNM/BTC,1564003873830,2019-07-24T21:31:13.830Z,sell,1.38e-06,808.0,0.0011150399999999
SNM/BTC,1564004004959,2019-07-24T21:33:24.959Z,sell,1.38e-06,24961.0,0.03444618
SNM/BTC,1564004444489,2019-07-24T21:40:44.489Z,sell,1.37e-06,7025.0,0.00962425
SNM/BTC,1564004757111,2019-07-24T21:45:57.111Z,sell,1.37e-06,131.0,0.00017947
SNM/BTC,1564004758569,2019-07-24T21:45:58.569Z,sell,1.37e-06,49748.0,0.06815476
SNM/BTC,1564005024944,2019-07-24T21:50:24.944Z,sell,1.37e-06,30891.0,0.04232067
SNM/BTC,1564005353517,2019-07-24T21:55:53.517Z,buy,1.38e-06,1344.0,0.0018547199999999
SNM/BTC,1564005380126,2019-07-24T21:56:20.126Z,buy,1.38e-06,74.0,0.0001021199999999
SNM/BTC,1564005479872,2019-07-24T21:57:59.872Z,buy,1.38e-06,725.0,0.0010004999999999
SNM/BTC,1564005575526,2019-07-24T21:59:35.526Z,buy,1.38e-06,13260.0,0.0182988
SNM/BTC,1564006016569,2019-07-24T22:06:56.569Z,buy,1.37e-06,804.0,0.00110148
SNM/BTC,1564006016896,2019-07-24T22:06:56.896Z,buy,1.37e-06,4.0,5.48e-06
SNM/BTC,1564006269355,2019-07-24T22:11:09.355Z,buy,1.38e-06,780.0,0.0010764
SNM/BTC,1564006333071,2019-07-24T22:12:13.071Z,buy,1.38e-06,1956.0,0.0026992799999999
SNM/BTC,1564006410920,2019-07-24T22:13:30.920Z,buy,1.38e-06,878.0,0.00121164
SNM/BTC,1564006652173,2019-07-24T22:17:32.173Z,buy,1.38e-06,195.0,0.0002691
SNM/BTC,1564006652173,2019-07-24T22:17:32.173Z,buy,1.38e-06,195.0,0.0002691
SNM/BTC,1564008061696,2019-07-24T22:41:01.696Z,sell,1.37e-06,1196.0,0.00163852
SNM/BTC,1564009827255,2019-07-24T23:10:27.255Z,buy,1.38e-06,299.0,0.00041262
SNM/BTC,1564010250793,2019-07-24T23:17:30.793Z,buy,1.38e-06,110.0,0.0001518
SNM/BTC,1564010250793,2019-07-24T23:17:30.793Z,buy,1.38e-06,110.0,0.0001518
SNM/BTC,1564010721974,2019-07-24T23:25:21.974Z,buy,1.38e-06,140.0,0.0001931999999999
SNM/BTC,1564012563503,2019-07-24T23:56:03.503Z,sell,1.37e-06,140.0,0.0001918
SNM/BTC,1564012590825,2019-07-24T23:56:30.825Z,buy,1.38e-06,77.0,0.0001062599999999
SNM/BTC,1564012991207,2019-07-25T00:03:11.207Z,buy,1.38e-06,2898.0,0.0039992399999999
SNM/BTC,1564012991588,2019-07-25T00:03:11.588Z,buy,1.38e-06,428.0,0.0005906399999999
SNM/BTC,1564013027868,2019-07-25T00:03:47.868Z,buy,1.39e-06,2173.0,0.00302047
SNM/BTC,1564013109442,2019-07-25T00:05:09.442Z,buy,1.39e-06,375.0,0.00052125
SNM/BTC,1564013169600,2019-07-25T00:06:09.600Z,buy,1.39e-06,108.0,0.00015012
SNM/BTC,1564013448248,2019-07-25T00:10:48.248Z,sell,1.38e-06,2601.0,0.0035893799999999
SNM/BTC,1564013448696,2019-07-25T00:10:48.696Z,sell,1.38e-06,2898.0,0.0039992399999999
SNM/BTC,1564013479704,2019-07-25T00:11:19.704Z,sell,1.38e-06,106.0,0.00014628
SNM/BTC,1564013479704,2019-07-25T00:11:19.704Z,sell,1.38e-06,106.0,0.00014628
SNM/BTC,1564014166589,2019-07-25T00:22:46.589Z,buy,1.39e-06,24.0,3.336e-05
SNM/BTC,1564014170976,2019-07-25T00:22:50.976Z,buy,1.39e-06,12912.0,0.01794768
SNM/BTC,1564014184961,2019-07-25T00:23:04.961Z,sell,1.38e-06,7330.0,0.0101154
SNM/BTC,1564014332652,2019-07-25T00:25:32.652Z,sell,1.38e-06,94.0,0.00012972
SNM/BTC,1564014369253,2019-07-25T00:26:09.253Z,buy,1.39e-06,882.0,0.00122598
SNM/BTC,1564014433083,2019-07-25T00:27:13.083Z,buy,1.39e-06,7264.0,0.01009696
SNM/BTC,1564014809725,2019-07-25T00:33:29.725Z,sell,1.39e-06,72.0,0.00010008
SNM/BTC,1564015115588,2019-07-25T00:38:35.588Z,sell,1.39e-06,4177.0,0.00580603
SNM/BTC,1564015132100,2019-07-25T00:38:52.100Z,buy,1.4e-06,1779.0,0.0024906
SNM/BTC,1564015135006,2019-07-25T00:38:55.006Z,sell,1.39e-06,381.0,0.00052959
SNM/BTC,1564015136336,2019-07-25T00:38:56.336Z,buy,1.4e-06,142.0,0.0001987999999999
SNM/BTC,1564015136645,2019-07-25T00:38:56.645Z,buy,1.4e-06,21429.0,0.0300006
SNM/BTC,1564015150663,2019-07-25T00:39:10.663Z,sell,1.39e-06,1667.0,0.00231713
SNM/BTC,1564015160501,2019-07-25T00:39:20.501Z,sell,1.39e-06,362.0,0.00050318
SNM/BTC,1564015182794,2019-07-25T00:39:42.794Z,buy,1.39e-06,16878.0,0.02346042
SNM/BTC,1564015188393,2019-07-25T00:39:48.393Z,buy,1.39e-06,5298.0,0.00736422
SNM/BTC,1564015195302,2019-07-25T00:39:55.302Z,buy,1.39e-06,1016.0,0.00141224
SNM/BTC,1564015196215,2019-07-25T00:39:56.215Z,buy,1.39e-06,265.0,0.00036835
SNM/BTC,1564015196323,2019-07-25T00:39:56.323Z,buy,1.39e-06,1065.0,0.00148035
SNM/BTC,1564015196363,2019-07-25T00:39:56.363Z,buy,1.39e-06,800.0,0.001112
SNM/BTC,1564015197015,2019-07-25T00:39:57.015Z,buy,1.39e-06,868.0,0.00120652
SNM/BTC,1564015203029,2019-07-25T00:40:03.029Z,buy,1.39e-06,201.0,0.00027939
SNM/BTC,1564015203264,2019-07-25T00:40:03.264Z,buy,1.39e-06,514.0,0.00071446
SNM/BTC,1564015212960,2019-07-25T00:40:12.960Z,buy,1.39e-06,2700.0,0.003753
SNM/BTC,1564015242904,2019-07-25T00:40:42.904Z,sell,1.39e-06,5837.0,0.00811343
SNM/BTC,1564015251599,2019-07-25T00:40:51.599Z,buy,1.39e-06,720.0,0.0010008
SNM/BTC,1564015263883,2019-07-25T00:41:03.883Z,sell,1.38e-06,135.0,0.0001863
SNM/BTC,1564015268228,2019-07-25T00:41:08.228Z,buy,1.39e-06,7505.0,0.01043195
SNM/BTC,1564015274937,2019-07-25T00:41:14.937Z,buy,1.39e-06,283.0,0.00039337
SNM/BTC,1564015298549,2019-07-25T00:41:38.549Z,sell,1.38e-06,14984.0,0.02067792
SNM/BTC,1564015304208,2019-07-25T00:41:44.208Z,sell,1.38e-06,1027.0,0.0014172599999999
SNM/BTC,1564015323119,2019-07-25T00:42:03.119Z,buy,1.39e-06,667.0,0.00092713
SNM/BTC,1564015324342,2019-07-25T00:42:04.342Z,buy,1.39e-06,24023.0,0.03339197
SNM/BTC,1564015354812,2019-07-25T00:42:34.812Z,sell,1.38e-06,1343.0,0.00185334
SNM/BTC,1564015375064,2019-07-25T00:42:55.064Z,buy,1.38e-06,3713.0,0.00512394
SNM/BTC,1564015375098,2019-07-25T00:42:55.098Z,buy,1.38e-06,8833.0,0.0121895399999999
SNM/BTC,1564015375154,2019-07-25T00:42:55.154Z,buy,1.38e-06,2286.0,0.00315468
SNM/BTC,1564015379721,2019-07-25T00:42:59.721Z,sell,1.38e-06,2286.0,0.00315468
SNM/BTC,1564015379721,2019-07-25T00:42:59.721Z,sell,1.37e-06,50.0,6.85e-05
SNM/BTC,1564015386206,2019-07-25T00:43:06.206Z,buy,1.38e-06,2898.0,0.0039992399999999
SNM/BTC,1564015386332,2019-07-25T00:43:06.332Z,buy,1.38e-06,2898.0,0.0039992399999999
SNM/BTC,1564015387731,2019-07-25T00:43:07.731Z,buy,1.38e-06,4967.0,0.00685446
SNM/BTC,1564015440460,2019-07-25T00:44:00.460Z,buy,1.38e-06,1023.0,0.0014117399999999
SNM/BTC,1564015759919,2019-07-25T00:49:19.919Z,buy,1.38e-06,884.0,0.00121992
SNM/BTC,1564015759963,2019-07-25T00:49:19.963Z,sell,1.38e-06,1285.0,0.0017732999999999
SNM/BTC,1564015760253,2019-07-25T00:49:20.253Z,sell,1.38e-06,220.0,0.0003036
SNM/BTC,1564015760520,2019-07-25T00:49:20.520Z,sell,1.38e-06,509.0,0.0007024199999999
SNM/BTC,1564015788066,2019-07-25T00:49:48.066Z,buy,1.38e-06,2389.0,0.00329682
SNM/BTC,1564015791644,2019-07-25T00:49:51.644Z,sell,1.38e-06,509.0,0.0007024199999999
SNM/BTC,1564015791934,2019-07-25T00:49:51.934Z,buy,1.38e-06,2389.0,0.00329682
SNM/BTC,1564015805925,2019-07-25T00:50:05.925Z,sell,1.38e-06,509.0,0.0007024199999999
SNM/BTC,1564015806179,2019-07-25T00:50:06.179Z,buy,1.38e-06,2389.0,0.00329682
SNM/BTC,1564016007165,2019-07-25T00:53:27.165Z,sell,1.37e-06,2389.0,0.00327293
SNM/BTC,1564016124730,2019-07-25T00:55:24.730Z,sell,1.37e-06,7435.0,0.01018595
SNM/BTC,1564016124730,2019-07-25T00:55:24.730Z,sell,1.36e-06,58375.0,0.0793899999999999
SNM/BTC,1564016216289,2019-07-25T00:56:56.289Z,buy,1.38e-06,141.0,0.00019458
SNM/BTC,1564016450992,2019-07-25T01:00:50.992Z,buy,1.37e-06,1086.0,0.00148782
SNM/BTC,1564016492378,2019-07-25T01:01:32.378Z,buy,1.38e-06,2189.0,0.00302082
SNM/BTC,1564017023665,2019-07-25T01:10:23.665Z,buy,1.38e-06,6488.0,0.00895344
SNM/BTC,1564017023665,2019-07-25T01:10:23.665Z,buy,1.38e-06,6488.0,0.00895344
SNM/BTC,1564017441335,2019-07-25T01:17:21.335Z,sell,1.37e-06,3893.0,0.00533341
SNM/BTC,1564017446824,2019-07-25T01:17:26.824Z,sell,1.36e-06,132.0,0.00017952
SNM/BTC,1564017480155,2019-07-25T01:18:00.155Z,sell,1.36e-06,202804.0,0.2758134399999999
SNM/BTC,1564017490127,2019-07-25T01:18:10.127Z,sell,1.36e-06,79.0,0.0001074399999999
SNM/BTC,1564017620633,2019-07-25T01:20:20.633Z,buy,1.37e-06,2919.0,0.00399903
SNM/BTC,1564017630639,2019-07-25T01:20:30.639Z,sell,1.36e-06,100000.0,0.1359999999999999
SNM/BTC,1564017771656,2019-07-25T01:22:51.656Z,sell,1.36e-06,2798.0,0.00380528
SNM/BTC,1564017897672,2019-07-25T01:24:57.672Z,sell,1.36e-06,22607.0,0.03074552
SNM/BTC,1564018188240,2019-07-25T01:29:48.240Z,sell,1.36e-06,120000.0,0.1631999999999999
SNM/BTC,1564018225137,2019-07-25T01:30:25.137Z,buy,1.37e-06,888.0,0.00121656
SNM/BTC,1564018380802,2019-07-25T01:33:00.802Z,buy,1.37e-06,12769.0,0.01749353
SNM/BTC,1564018489818,2019-07-25T01:34:49.818Z,buy,1.37e-06,24.0,3.288e-05
SNM/BTC,1564018721054,2019-07-25T01:38:41.054Z,sell,1.36e-06,2800.0,0.0038079999999999
SNM/BTC,1564019381896,2019-07-25T01:49:41.896Z,sell,1.36e-06,4467.0,0.00607512
SNM/BTC,1564019469142,2019-07-25T01:51:09.142Z,sell,1.36e-06,6627.0,0.00901272
SNM/BTC,1564019469181,2019-07-25T01:51:09.181Z,sell,1.36e-06,2188.0,0.0029756799999999
SNM/BTC,1564019469190,2019-07-25T01:51:09.190Z,sell,1.36e-06,2047.0,0.0027839199999999
SNM/BTC,1564019782902,2019-07-25T01:56:22.902Z,buy,1.37e-06,99.0,0.00013563
SNM/BTC,1564020037109,2019-07-25T02:00:37.109Z,sell,1.36e-06,805.0,0.0010948
SNM/BTC,1564020305446,2019-07-25T02:05:05.446Z,buy,1.37e-06,74.0,0.00010138
SNM/BTC,1564020305446,2019-07-25T02:05:05.446Z,buy,1.37e-06,74.0,0.00010138
SNM/BTC,1564020823385,2019-07-25T02:13:43.385Z,sell,1.36e-06,15000.0,0.0203999999999999
SNM/BTC,1564021050743,2019-07-25T02:17:30.743Z,buy,1.37e-06,144.0,0.00019728
SNM/BTC,1564022672373,2019-07-25T02:44:32.373Z,buy,1.37e-06,11297.0,0.01547689
SNM/BTC,1564022816239,2019-07-25T02:46:56.239Z,buy,1.37e-06,3465.0,0.00474705
SNM/BTC,1564022816239,2019-07-25T02:46:56.239Z,buy,1.37e-06,3465.0,0.00474705
SNM/BTC,1564024039072,2019-07-25T03:07:19.072Z,buy,1.37e-06,682.0,0.00093434
SNM/BTC,1564024041035,2019-07-25T03:07:21.035Z,buy,1.38e-06,1446.0,0.00199548
SNM/BTC,1564024614254,2019-07-25T03:16:54.254Z,buy,1.37e-06,3131.0,0.00428947
SNM/BTC,1564024614304,2019-07-25T03:16:54.304Z,sell,1.37e-06,1446.0,0.00198102
SNM/BTC,1564024614437,2019-07-25T03:16:54.437Z,sell,1.37e-06,4628.0,0.00634036
SNM/BTC,1564024614592,2019-07-25T03:16:54.592Z,sell,1.37e-06,10588.0,0.01450556
SNM/BTC,1564024624175,2019-07-25T03:17:04.175Z,sell,1.37e-06,2898.0,0.00397026
SNM/BTC,1564024624560,2019-07-25T03:17:04.560Z,sell,1.37e-06,2919.0,0.00399903
SNM/BTC,1564024646088,2019-07-25T03:17:26.088Z,sell,1.37e-06,378.0,0.00051786
SNM/BTC,1564024650781,2019-07-25T03:17:30.781Z,sell,1.37e-06,137.0,0.00018769
SNM/BTC,1564024868338,2019-07-25T03:21:08.338Z,sell,1.37e-06,311.0,0.00042607
SNM/BTC,1564024887004,2019-07-25T03:21:27.004Z,sell,1.37e-06,160.0,0.0002192
SNM/BTC,1564024903932,2019-07-25T03:21:43.932Z,sell,1.37e-06,80.0,0.0001096
SNM/BTC,1564024903932,2019-07-25T03:21:43.932Z,sell,1.37e-06,80.0,0.0001096
SNM/BTC,1564027034392,2019-07-25T03:57:14.392Z,buy,1.38e-06,1876.0,0.00258888
SNM/BTC,1564027474529,2019-07-25T04:04:34.529Z,buy,1.38e-06,6632.0,0.00915216
SNM/BTC,1564027560833,2019-07-25T04:06:00.833Z,sell,1.37e-06,571.0,0.00078227
SNM/BTC,1564027688086,2019-07-25T04:08:08.086Z,buy,1.38e-06,2662.0,0.0036735599999999
SNM/BTC,1564028250016,2019-07-25T04:17:30.016Z,sell,1.37e-06,170.0,0.0002329
SNM/BTC,1564028250016,2019-07-25T04:17:30.016Z,sell,1.37e-06,170.0,0.0002329
SNM/BTC,1564028504985,2019-07-25T04:21:44.985Z,buy,1.38e-06,3111.0,0.00429318
SNM/BTC,1564028509548,2019-07-25T04:21:49.548Z,buy,1.38e-06,3040.0,0.0041952
SNM/BTC,1564028564186,2019-07-25T04:22:44.186Z,buy,1.38e-06,1664.0,0.0022963199999999
SNM/BTC,1564028583341,2019-07-25T04:23:03.341Z,buy,1.38e-06,2026.0,0.0027958799999999
SNM/BTC,1564028604593,2019-07-25T04:23:24.593Z,buy,1.38e-06,1248.0,0.0017222399999999
SNM/BTC,1564028645782,2019-07-25T04:24:05.782Z,buy,1.38e-06,1351.0,0.00186438
SNM/BTC,1564028666946,2019-07-25T04:24:26.946Z,buy,1.38e-06,936.0,0.00129168
SNM/BTC,1564031330984,2019-07-25T05:08:50.984Z,sell,1.37e-06,2901.0,0.00397437
SNM/BTC,1564031330984,2019-07-25T05:08:50.984Z,sell,1.37e-06,2901.0,0.00397437
SNM/BTC,1564031850757,2019-07-25T05:17:30.757Z,buy,1.38e-06,288.0,0.00039744
SNM/BTC,1564032081348,2019-07-25T05:21:21.348Z,sell,1.37e-06,737.0,0.00100969
SNM/BTC,1564032389403,2019-07-25T05:26:29.403Z,sell,1.37e-06,2898.0,0.00397026
SNM/BTC,1564032635336,2019-07-25T05:30:35.336Z,sell,1.37e-06,46687.0,0.06396119
SNM/BTC,1564033053590,2019-07-25T05:37:33.590Z,sell,1.37e-06,3275.0,0.00448675
SNM/BTC,1564033366442,2019-07-25T05:42:46.442Z,buy,1.38e-06,16231.0,0.02239878
SNM/BTC,1564033366979,2019-07-25T05:42:46.979Z,sell,1.38e-06,2662.0,0.0036735599999999
SNM/BTC,1564033647156,2019-07-25T05:47:27.156Z,sell,1.38e-06,112.0,0.0001545599999999
SNM/BTC,1564034500016,2019-07-25T06:01:40.016Z,sell,1.38e-06,100.0,0.000138
SNM/BTC,1564034924758,2019-07-25T06:08:44.758Z,sell,1.38e-06,14429.0,0.01991202
SNM/BTC,1564034924758,2019-07-25T06:08:44.758Z,sell,1.38e-06,14429.0,0.01991202
SNM/BTC,1564034990235,2019-07-25T06:09:50.235Z,sell,1.38e-06,19940.0,0.0275172
SNM/BTC,1564035357278,2019-07-25T06:15:57.278Z,buy,1.38e-06,1022.0,0.0014103599999999
SNM/BTC,1564035771963,2019-07-25T06:22:51.963Z,buy,1.38e-06,140.0,0.0001931999999999
SNM/BTC,1564035889241,2019-07-25T06:24:49.241Z,sell,1.37e-06,331.0,0.00045347
SNM/BTC,1564036047591,2019-07-25T06:27:27.591Z,sell,1.37e-06,10033.0,0.01374521
SNM/BTC,1564036095278,2019-07-25T06:28:15.278Z,sell,1.37e-06,2055.0,0.00281535
SNM/BTC,1564036390678,2019-07-25T06:33:10.678Z,sell,1.37e-06,1956.0,0.00267972
SNM/BTC,1564036521272,2019-07-25T06:35:21.272Z,sell,1.37e-06,160.0,0.0002192
SNM/BTC,1564036573843,2019-07-25T06:36:13.843Z,sell,1.37e-06,154.0,0.00021098
SNM/BTC,1564036809230,2019-07-25T06:40:09.230Z,buy,1.38e-06,1956.0,0.0026992799999999
SNM/BTC,1564036946085,2019-07-25T06:42:26.085Z,buy,1.38e-06,2608.0,0.00359904
SNM/BTC,1564037029717,2019-07-25T06:43:49.717Z,sell,1.37e-06,14890.0,0.0203993
SNM/BTC,1564037528121,2019-07-25T06:52:08.121Z,buy,1.38e-06,2665.0,0.0036777
SNM/BTC,1564037545063,2019-07-25T06:52:25.063Z,sell,1.37e-06,1212.0,0.00166044
SNM/BTC,1564037553344,2019-07-25T06:52:33.344Z,sell,1.37e-06,36869.0,0.05051053
SNM/BTC,1564037553344,2019-07-25T06:52:33.344Z,sell,1.37e-06,36869.0,0.05051053
SNM/BTC,1564038661065,2019-07-25T07:11:01.065Z,buy,1.38e-06,223.0,0.00030774
SNM/BTC,1564038941454,2019-07-25T07:15:41.454Z,buy,1.38e-06,165.0,0.0002276999999999
SNM/BTC,1564039053237,2019-07-25T07:17:33.237Z,sell,1.37e-06,132.0,0.00018084
SNM/BTC,1564039478751,2019-07-25T07:24:38.751Z,buy,1.38e-06,428.0,0.0005906399999999
SNM/BTC,1564040685950,2019-07-25T07:44:45.950Z,sell,1.37e-06,74.0,0.00010138
SNM/BTC,1564040685950,2019-07-25T07:44:45.950Z,sell,1.37e-06,74.0,0.00010138
SNM/BTC,1564042349191,2019-07-25T08:12:29.191Z,sell,1.37e-06,6506.0,0.00891322
SNM/BTC,1564042605844,2019-07-25T08:16:45.844Z,sell,1.37e-06,186.0,0.00025482
SNM/BTC,1564042646778,2019-07-25T08:17:26.778Z,sell,1.37e-06,144.0,0.00019728
SNM/BTC,1564043031636,2019-07-25T08:23:51.636Z,buy,1.38e-06,1449.0,0.0019996199999999
SNM/BTC,1564043067040,2019-07-25T08:24:27.040Z,buy,1.38e-06,14491.0,0.0199975799999999
SNM/BTC,1564043328353,2019-07-25T08:28:48.353Z,buy,1.38e-06,434.0,0.00059892
SNM/BTC,1564043944889,2019-07-25T08:39:04.889Z,sell,1.37e-06,5020.0,0.0068774
SNM/BTC,1564044142559,2019-07-25T08:42:22.559Z,sell,1.37e-06,279.0,0.00038223
SNM/BTC,1564044160687,2019-07-25T08:42:40.687Z,sell,1.37e-06,143.0,0.00019591
SNM/BTC,1564044160687,2019-07-25T08:42:40.687Z,sell,1.37e-06,143.0,0.00019591
SNM/BTC,1564044329084,2019-07-25T08:45:29.084Z,sell,1.37e-06,3028.0,0.00414836
SNM/BTC,1564045080313,2019-07-25T08:58:00.313Z,sell,1.37e-06,1042.0,0.00142754
SNM/BTC,1564045510403,2019-07-25T09:05:10.403Z,sell,1.37e-06,73.0,0.00010001
SNM/BTC,1564045960116,2019-07-25T09:12:40.116Z,sell,1.37e-06,612.0,0.00083844
SNM/BTC,1564045960116,2019-07-25T09:12:40.116Z,sell,1.37e-06,612.0,0.00083844
SNM/BTC,1564047914771,2019-07-25T09:45:14.771Z,sell,1.37e-06,513.0,0.00070281
SNM/BTC,1564048501821,2019-07-25T09:55:01.821Z,sell,1.37e-06,2036.0,0.00278932
SNM/BTC,1564048501821,2019-07-25T09:55:01.821Z,sell,1.37e-06,2036.0,0.00278932
SNM/BTC,1564049859785,2019-07-25T10:17:39.785Z,buy,1.38e-06,80.0,0.0001104
SNM/BTC,1564050448253,2019-07-25T10:27:28.253Z,sell,1.37e-06,3605.0,0.00493885
SNM/BTC,1564051824085,2019-07-25T10:50:24.085Z,buy,1.38e-06,31045.0,0.0428420999999999
SNM/BTC,1564051868099,2019-07-25T10:51:08.099Z,sell,1.38e-06,2662.0,0.0036735599999999
SNM/BTC,1564051868680,2019-07-25T10:51:08.680Z,sell,1.38e-06,2665.0,0.0036777
SNM/BTC,1564051965485,2019-07-25T10:52:45.485Z,sell,1.38e-06,529.0,0.00073002
SNM/BTC,1564052003114,2019-07-25T10:53:23.114Z,buy,1.39e-06,719.0,0.00099941
SNM/BTC,1564052003114,2019-07-25T10:53:23.114Z,buy,1.39e-06,719.0,0.00099941
SNM/BTC,1564052122387,2019-07-25T10:55:22.387Z,buy,1.39e-06,108.0,0.00015012
SNM/BTC,1564052168739,2019-07-25T10:56:08.739Z,sell,1.38e-06,188.0,0.00025944
SNM/BTC,1564053419270,2019-07-25T11:16:59.270Z,sell,1.38e-06,87.0,0.00012006
SNM/BTC,1564053446719,2019-07-25T11:17:26.719Z,sell,1.38e-06,23.0,3.174e-05
SNM/BTC,1564053448730,2019-07-25T11:17:28.730Z,sell,1.37e-06,184.0,0.00025208
SNM/BTC,1564053747285,2019-07-25T11:22:27.285Z,sell,1.37e-06,4533.0,0.00621021
SNM/BTC,1564053784445,2019-07-25T11:23:04.445Z,buy,1.39e-06,23605.0,0.03281095
SNM/BTC,1564054304626,2019-07-25T11:31:44.626Z,buy,1.39e-06,80.0,0.0001112
SNM/BTC,1564054304697,2019-07-25T11:31:44.697Z,buy,1.39e-06,80.0,0.0001112
SNM/BTC,1564054580951,2019-07-25T11:36:20.951Z,sell,1.38e-06,2743.0,0.00378534
SNM/BTC,1564054810232,2019-07-25T11:40:10.232Z,sell,1.38e-06,148.0,0.0002042399999999
SNM/BTC,1564055283945,2019-07-25T11:48:03.945Z,sell,1.38e-06,3844.0,0.00530472
SNM/BTC,1564055312189,2019-07-25T11:48:32.189Z,sell,1.38e-06,3111.0,0.00429318
SNM/BTC,1564055313511,2019-07-25T11:48:33.511Z,sell,1.38e-06,6411.0,0.00884718
SNM/BTC,1564055432460,2019-07-25T11:50:32.460Z,sell,1.38e-06,102.0,0.00014076
SNM/BTC,1564055432460,2019-07-25T11:50:32.460Z,sell,1.38e-06,102.0,0.00014076
SNM/BTC,1564055668214,2019-07-25T11:54:28.214Z,sell,1.38e-06,1477.0,0.00203826
SNM/BTC,1564056410194,2019-07-25T12:06:50.194Z,sell,1.38e-06,3581.0,0.00494178
SNM/BTC,1564056410208,2019-07-25T12:06:50.208Z,sell,1.38e-06,1087.0,0.00150006
SNM/BTC,1564056415465,2019-07-25T12:06:55.465Z,sell,1.37e-06,2385.0,0.00326745
SNM/BTC,1564056422997,2019-07-25T12:07:02.997Z,sell,1.37e-06,53912.0,0.07385944
SNM/BTC,1564056681949,2019-07-25T12:11:21.949Z,buy,1.39e-06,82.0,0.00011398
SNM/BTC,1564056705379,2019-07-25T12:11:45.379Z,buy,1.39e-06,13697.0,0.01903883
SNM/BTC,1564056705510,2019-07-25T12:11:45.510Z,sell,1.38e-06,161.0,0.00022218
SNM/BTC,1564056705715,2019-07-25T12:11:45.715Z,sell,1.38e-06,161.0,0.00022218
SNM/BTC,1564056705908,2019-07-25T12:11:45.908Z,sell,1.38e-06,161.0,0.00022218
SNM/BTC,1564056706122,2019-07-25T12:11:46.122Z,sell,1.38e-06,161.0,0.00022218
SNM/BTC,1564056706223,2019-07-25T12:11:46.223Z,sell,1.38e-06,161.0,0.00022218
SNM/BTC,1564056706425,2019-07-25T12:11:46.425Z,sell,1.38e-06,161.0,0.00022218
SNM/BTC,1564056706528,2019-07-25T12:11:46.528Z,sell,1.38e-06,161.0,0.00022218
SNM/BTC,1564056706648,2019-07-25T12:11:46.648Z,buy,1.39e-06,14388.0,0.01999932
SNM/BTC,1564056720783,2019-07-25T12:12:00.783Z,buy,1.39e-06,2195.0,0.00305105
SNM/BTC,1564056736568,2019-07-25T12:12:16.568Z,buy,1.39e-06,2536.0,0.00352504
SNM/BTC,1564057056846,2019-07-25T12:17:36.846Z,buy,1.39e-06,1000.0,0.00139
SNM/BTC,1564058004667,2019-07-25T12:33:24.667Z,sell,1.38e-06,10712.0,0.0147825599999999
SNM/BTC,1564058004667,2019-07-25T12:33:24.667Z,sell,1.38e-06,10712.0,0.0147825599999999
SNM/BTC,1564059756935,2019-07-25T13:02:36.935Z,sell,1.38e-06,907.0,0.00125166
SNM/BTC,1564060616842,2019-07-25T13:16:56.842Z,sell,1.38e-06,3418.0,0.00471684
SNM/BTC,1564060650855,2019-07-25T13:17:30.855Z,sell,1.37e-06,147.0,0.00020139
SNM/BTC,1564061099741,2019-07-25T13:24:59.741Z,buy,1.38e-06,3897.0,0.00537786
SNM/BTC,1564061106325,2019-07-25T13:25:06.325Z,sell,1.38e-06,4293.0,0.0059243399999999
SNM/BTC,1564061365560,2019-07-25T13:29:25.560Z,buy,1.39e-06,399.0,0.00055461
SNM/BTC,1564061365560,2019-07-25T13:29:25.560Z,buy,1.39e-06,399.0,0.00055461
SNM/BTC,1564061626474,2019-07-25T13:33:46.474Z,buy,1.39e-06,3716.0,0.00516524
SNM/BTC,1564061626940,2019-07-25T13:33:46.940Z,buy,1.39e-06,724.0,0.00100636
SNM/BTC,1564061628031,2019-07-25T13:33:48.031Z,buy,1.39e-06,151193.0,0.21015827
SNM/BTC,1564061628069,2019-07-25T13:33:48.069Z,sell,1.39e-06,8105.0,0.01126595
SNM/BTC,1564061628097,2019-07-25T13:33:48.097Z,sell,1.39e-06,8726.0,0.01212914
SNM/BTC,1564061628115,2019-07-25T13:33:48.115Z,sell,1.39e-06,1633.0,0.00226987
SNM/BTC,1564061628122,2019-07-25T13:33:48.122Z,sell,1.39e-06,10199.0,0.01417661
SNM/BTC,1564061629081,2019-07-25T13:33:49.081Z,buy,1.39e-06,1438.0,0.00199882
SNM/BTC,1564061970919,2019-07-25T13:39:30.919Z,buy,1.39e-06,14771.0,0.02053169
SNM/BTC,1564062190992,2019-07-25T13:43:10.992Z,buy,1.4e-06,1285.0,0.0017989999999999
SNM/BTC,1564062944832,2019-07-25T13:55:44.832Z,buy,1.4e-06,3565.0,0.004991
SNM/BTC,1564062947187,2019-07-25T13:55:47.187Z,buy,1.4e-06,3565.0,0.004991
SNM/BTC,1564063190519,2019-07-25T13:59:50.519Z,buy,1.4e-06,5239.0,0.0073345999999999
SNM/BTC,1564063860856,2019-07-25T14:11:00.856Z,sell,1.39e-06,154.0,0.00021406
SNM/BTC,1564063929236,2019-07-25T14:12:09.236Z,sell,1.39e-06,1956.0,0.00271884
SNM/BTC,1564064109003,2019-07-25T14:15:09.003Z,sell,1.39e-06,79.0,0.00010981
SNM/BTC,1564064192828,2019-07-25T14:16:32.828Z,buy,1.4e-06,200100.0,0.28014
SNM/BTC,1564064193067,2019-07-25T14:16:33.067Z,sell,1.39e-06,7069.0,0.00982591
SNM/BTC,1564064195956,2019-07-25T14:16:35.956Z,buy,1.4e-06,79.0,0.0001105999999999
SNM/BTC,1564064197418,2019-07-25T14:16:37.418Z,buy,1.4e-06,358.0,0.0005011999999999
SNM/BTC,1564064249600,2019-07-25T14:17:29.600Z,sell,1.39e-06,397.0,0.00055183
SNM/BTC,1564064253575,2019-07-25T14:17:33.575Z,sell,1.39e-06,85.0,0.00011815
SNM/BTC,1564064264100,2019-07-25T14:17:44.100Z,sell,1.39e-06,7069.0,0.00982591
SNM/BTC,1564064319181,2019-07-25T14:18:39.181Z,sell,1.39e-06,7069.0,0.00982591
SNM/BTC,1564064366123,2019-07-25T14:19:26.123Z,buy,1.4e-06,46401.0,0.0649614
SNM/BTC,1564064366144,2019-07-25T14:19:26.144Z,sell,1.4e-06,10502.0,0.0147027999999999
SNM/BTC,1564064366157,2019-07-25T14:19:26.157Z,sell,1.4e-06,5512.0,0.0077167999999999
SNM/BTC,1564064366185,2019-07-25T14:19:26.185Z,sell,1.4e-06,731.0,0.0010234
SNM/BTC,1564064367755,2019-07-25T14:19:27.755Z,sell,1.4e-06,73.0,0.0001021999999999
SNM/BTC,1564064375181,2019-07-25T14:19:35.181Z,buy,1.41e-06,14073.0,0.01984293
SNM/BTC,1564064375690,2019-07-25T14:19:35.690Z,sell,1.4e-06,5000.0,0.0069999999999999
SNM/BTC,1564064376429,2019-07-25T14:19:36.429Z,sell,1.4e-06,435.0,0.000609
SNM/BTC,1564064392433,2019-07-25T14:19:52.433Z,sell,1.4e-06,917.0,0.0012837999999999
SNM/BTC,1564064393129,2019-07-25T14:19:53.129Z,sell,1.4e-06,915.0,0.001281
SNM/BTC,1564064397088,2019-07-25T14:19:57.088Z,sell,1.4e-06,2608.0,0.0036512
SNM/BTC,1564064419994,2019-07-25T14:20:19.994Z,buy,1.41e-06,14073.0,0.01984293
SNM/BTC,1564064422395,2019-07-25T14:20:22.395Z,sell,1.4e-06,7246.0,0.0101444
SNM/BTC,1564064458946,2019-07-25T14:20:58.946Z,buy,1.41e-06,14073.0,0.01984293
SNM/BTC,1564064492335,2019-07-25T14:21:32.335Z,buy,1.41e-06,14073.0,0.01984293
SNM/BTC,1564064523874,2019-07-25T14:22:03.874Z,buy,1.41e-06,14073.0,0.01984293
SNM/BTC,1564064556356,2019-07-25T14:22:36.356Z,buy,1.41e-06,14073.0,0.01984293
SNM/BTC,1564064579896,2019-07-25T14:22:59.896Z,sell,1.4e-06,3576.0,0.0050063999999999
SNM/BTC,1564064579932,2019-07-25T14:22:59.932Z,sell,1.4e-06,3365.0,0.004711
SNM/BTC,1564064586711,2019-07-25T14:23:06.711Z,sell,1.4e-06,1195.0,0.001673
SNM/BTC,1564064593074,2019-07-25T14:23:13.074Z,sell,1.4e-06,2195.0,0.0030729999999999
SNM/BTC,1564064598070,2019-07-25T14:23:18.070Z,buy,1.41e-06,14073.0,0.01984293
SNM/BTC,1564064648405,2019-07-25T14:24:08.405Z,buy,1.41e-06,14073.0,0.01984293
SNM/BTC,1564064693645,2019-07-25T14:24:53.645Z,sell,1.4e-06,1326.0,0.0018564
SNM/BTC,1564064693740,2019-07-25T14:24:53.740Z,sell,1.4e-06,16940.0,0.0237159999999999
SNM/BTC,1564064693852,2019-07-25T14:24:53.852Z,sell,1.4e-06,8468.0,0.0118552
SNM/BTC,1564064702240,2019-07-25T14:25:02.240Z,buy,1.41e-06,14073.0,0.01984293
SNM/BTC,1564064798894,2019-07-25T14:26:38.894Z,sell,1.4e-06,3927.0,0.0054978
SNM/BTC,1564064842035,2019-07-25T14:27:22.035Z,sell,1.4e-06,18774.0,0.0262835999999999
SNM/BTC,1564064842035,2019-07-25T14:27:22.035Z,sell,1.4e-06,18774.0,0.0262835999999999
SNM/BTC,1564065127169,2019-07-25T14:32:07.169Z,buy,1.41e-06,2482.0,0.00349962
SNM/BTC,1564065127529,2019-07-25T14:32:07.529Z,buy,1.41e-06,1914.0,0.00269874
SNM/BTC,1564065173854,2019-07-25T14:32:53.854Z,sell,1.4e-06,97.0,0.0001358
SNM/BTC,1564065666292,2019-07-25T14:41:06.292Z,sell,1.4e-06,165.0,0.0002309999999999
SNM/BTC,1564065972466,2019-07-25T14:46:12.466Z,buy,1.41e-06,4230.0,0.0059643
SNM/BTC,1564066453367,2019-07-25T14:54:13.367Z,sell,1.4e-06,1095.0,0.0015329999999999
SNM/BTC,1564066980682,2019-07-25T15:03:00.682Z,buy,1.41e-06,5724.0,0.00807084
SNM/BTC,1564066980682,2019-07-25T15:03:00.682Z,buy,1.42e-06,8636.0,0.0122631199999999
SNM/BTC,1564067004659,2019-07-25T15:03:24.659Z,buy,1.42e-06,30238.0,0.04293796
SNM/BTC,1564067604097,2019-07-25T15:13:24.097Z,sell,1.41e-06,684.0,0.00096444
SNM/BTC,1564067604211,2019-07-25T15:13:24.211Z,sell,1.41e-06,288.0,0.00040608
SNM/BTC,1564067609847,2019-07-25T15:13:29.847Z,sell,1.41e-06,162.0,0.00022842
SNM/BTC,1564067613617,2019-07-25T15:13:33.617Z,sell,1.4e-06,593.0,0.0008302
SNM/BTC,1564067614713,2019-07-25T15:13:34.713Z,sell,1.4e-06,715.0,0.001001
SNM/BTC,1564067614818,2019-07-25T15:13:34.818Z,sell,1.4e-06,147.0,0.0002058
SNM/BTC,1564067628171,2019-07-25T15:13:48.171Z,sell,1.4e-06,14388.0,0.0201432
SNM/BTC,1564067630128,2019-07-25T15:13:50.128Z,sell,1.4e-06,950.0,0.00133
SNM/BTC,1564067726221,2019-07-25T15:15:26.221Z,sell,1.4e-06,86.0,0.0001204
SNM/BTC,1564067726221,2019-07-25T15:15:26.221Z,sell,1.4e-06,86.0,0.0001204
SNM/BTC,1564068803711,2019-07-25T15:33:23.711Z,buy,1.41e-06,714.0,0.00100674
SNM/BTC,1564069019831,2019-07-25T15:36:59.831Z,buy,1.42e-06,78867.0,0.11199114
SNM/BTC,1564069020208,2019-07-25T15:37:00.208Z,sell,1.41e-06,202.0,0.00028482
SNM/BTC,1564069024498,2019-07-25T15:37:04.498Z,sell,1.41e-06,24222.0,0.03415302
SNM/BTC,1564069024734,2019-07-25T15:37:04.734Z,buy,1.42e-06,78.0,0.00011076
SNM/BTC,1564069026848,2019-07-25T15:37:06.848Z,sell,1.41e-06,562.0,0.00079242
SNM/BTC,1564069033338,2019-07-25T15:37:13.338Z,sell,1.41e-06,13247.0,0.01867827
SNM/BTC,1564069050961,2019-07-25T15:37:30.961Z,sell,1.4e-06,11858.0,0.0166012
SNM/BTC,1564069061307,2019-07-25T15:37:41.307Z,sell,1.4e-06,1796.0,0.0025144
SNM/BTC,1564069069794,2019-07-25T15:37:49.794Z,buy,1.42e-06,2547.0,0.00361674
SNM/BTC,1564069075928,2019-07-25T15:37:55.928Z,sell,1.41e-06,729.0,0.00102789
SNM/BTC,1564069084457,2019-07-25T15:38:04.457Z,buy,1.42e-06,21454.0,0.0304646799999999
SNM/BTC,1564069084483,2019-07-25T15:38:04.483Z,sell,1.42e-06,4974.0,0.0070630799999999
SNM/BTC,1564069084715,2019-07-25T15:38:04.715Z,sell,1.42e-06,2536.0,0.0036011199999999
SNM/BTC,1564069085586,2019-07-25T15:38:05.586Z,sell,1.42e-06,83.0,0.00011786
SNM/BTC,1564069085695,2019-07-25T15:38:05.695Z,sell,1.42e-06,963.0,0.00136746
SNM/BTC,1564069090271,2019-07-25T15:38:10.271Z,sell,1.42e-06,537.0,0.00076254
SNM/BTC,1564069092920,2019-07-25T15:38:12.920Z,sell,1.42e-06,724.0,0.00102808
SNM/BTC,1564069096526,2019-07-25T15:38:16.526Z,sell,1.42e-06,14531.0,0.02063402
SNM/BTC,1564069113706,2019-07-25T15:38:33.706Z,sell,1.41e-06,13697.0,0.01931277
SNM/BTC,1564069117822,2019-07-25T15:38:37.822Z,buy,1.42e-06,12657.0,0.01797294
SNM/BTC,1564069240828,2019-07-25T15:40:40.828Z,buy,1.42e-06,37973.0,0.0539216599999999
SNM/BTC,1564069258828,2019-07-25T15:40:58.828Z,sell,1.41e-06,146.0,0.00020586
SNM/BTC,1564069261767,2019-07-25T15:41:01.767Z,sell,1.41e-06,3842.0,0.00541722
SNM/BTC,1564069762155,2019-07-25T15:49:22.155Z,sell,1.41e-06,10000.0,0.0141
SNM/BTC,1564069854163,2019-07-25T15:50:54.163Z,buy,1.42e-06,1901.0,0.00269942
SNM/BTC,1564069938727,2019-07-25T15:52:18.727Z,sell,1.41e-06,6981.0,0.00984321
SNM/BTC,1564070167647,2019-07-25T15:56:07.647Z,sell,1.41e-06,392.0,0.00055272
SNM/BTC,1564070514827,2019-07-25T16:01:54.827Z,buy,1.42e-06,350.0,0.0004969999999999
SNM/BTC,1564070588704,2019-07-25T16:03:08.704Z,sell,1.4e-06,7352.0,0.0102928
SNM/BTC,1564070589213,2019-07-25T16:03:09.213Z,sell,1.4e-06,7352.0,0.0102928
SNM/BTC,1564070608426,2019-07-25T16:03:28.426Z,sell,1.4e-06,4960.0,0.006944
SNM/BTC,1564070721823,2019-07-25T16:05:21.823Z,buy,1.42e-06,353.0,0.00050126
SNM/BTC,1564070748468,2019-07-25T16:05:48.468Z,sell,1.4e-06,2482.0,0.0034747999999999
SNM/BTC,1564070786204,2019-07-25T16:06:26.204Z,sell,1.4e-06,45757.0,0.0640598
SNM/BTC,1564071041652,2019-07-25T16:10:41.652Z,buy,1.41e-06,1000.0,0.00141
SNM/BTC,1564071050948,2019-07-25T16:10:50.948Z,buy,1.41e-06,16081.0,0.02267421
SNM/BTC,1564071063714,2019-07-25T16:11:03.714Z,buy,1.41e-06,2344.0,0.00330504
SNM/BTC,1564071063714,2019-07-25T16:11:03.714Z,buy,1.42e-06,13343.0,0.0189470599999999
SNM/BTC,1564071082100,2019-07-25T16:11:22.100Z,buy,1.42e-06,2511.0,0.00356562
SNM/BTC,1564071095382,2019-07-25T16:11:35.382Z,buy,1.42e-06,1237.0,0.00175654
SNM/BTC,1564071109262,2019-07-25T16:11:49.262Z,buy,1.42e-06,610.0,0.0008662
SNM/BTC,1564071116407,2019-07-25T16:11:56.407Z,buy,1.42e-06,301.0,0.0004274199999999
SNM/BTC,1564071123223,2019-07-25T16:12:03.223Z,buy,1.42e-06,222.0,0.00031524
SNM/BTC,1564071123223,2019-07-25T16:12:03.223Z,buy,1.42e-06,222.0,0.00031524
SNM/BTC,1564071448579,2019-07-25T16:17:28.579Z,sell,1.41e-06,308.0,0.00043428
SNM/BTC,1564071449264,2019-07-25T16:17:29.264Z,sell,1.41e-06,86.0,0.00012126
SNM/BTC,1564071479115,2019-07-25T16:17:59.115Z,sell,1.41e-06,126.0,0.00017766
SNM/BTC,1564071619955,2019-07-25T16:20:19.955Z,buy,1.42e-06,2464.0,0.00349888
SNM/BTC,1564073822734,2019-07-25T16:57:02.734Z,sell,1.41e-06,23007.0,0.03243987
SNM/BTC,1564073822764,2019-07-25T16:57:02.764Z,buy,1.41e-06,7200.0,0.010152
SNM/BTC,1564073922168,2019-07-25T16:58:42.168Z,sell,1.41e-06,13000.0,0.01833
SNM/BTC,1564074468551,2019-07-25T17:07:48.551Z,buy,1.42e-06,70422.0,0.09999924
SNM/BTC,1564074468551,2019-07-25T17:07:48.551Z,buy,1.42e-06,70422.0,0.09999924
SNM/BTC,1564075052439,2019-07-25T17:17:32.439Z,buy,1.42e-06,124.0,0.00017608
SNM/BTC,1564075336492,2019-07-25T17:22:16.492Z,sell,1.41e-06,2277.0,0.00321057
SNM/BTC,1564075616499,2019-07-25T17:26:56.499Z,sell,1.41e-06,25923.0,0.03655143
SNM/BTC,1564075777824,2019-07-25T17:29:37.824Z,sell,1.4e-06,2850.0,0.00399
SNM/BTC,1564075777824,2019-07-25T17:29:37.824Z,sell,1.4e-06,20000.0,0.0279999999999999
SNM/BTC,1564075778011,2019-07-25T17:29:38.011Z,sell,1.4e-06,140.0,0.000196
SNM/BTC,1564075833206,2019-07-25T17:30:33.206Z,buy,1.41e-06,247.0,0.00034827
SNM/BTC,1564075833341,2019-07-25T17:30:33.341Z,buy,1.41e-06,257.0,0.00036237
SNM/BTC,1564076792629,2019-07-25T17:46:32.629Z,sell,1.4e-06,7550.0,0.01057
SNM/BTC,1564076793552,2019-07-25T17:46:33.552Z,sell,1.4e-06,3548.0,0.0049672
SNM/BTC,1564076969320,2019-07-25T17:49:29.320Z,sell,1.4e-06,26799.0,0.0375186
SNM/BTC,1564076999850,2019-07-25T17:49:59.850Z,sell,1.4e-06,16152.0,0.0226128
SNM/BTC,1564077003653,2019-07-25T17:50:03.653Z,sell,1.4e-06,1774.0,0.0024836
SNM/BTC,1564077006551,2019-07-25T17:50:06.551Z,sell,1.39e-06,46522.0,0.06466558
SNM/BTC,1564077166466,2019-07-25T17:52:46.466Z,sell,1.39e-06,89427.0,0.12430353
SNM/BTC,1564077166490,2019-07-25T17:52:46.490Z,buy,1.39e-06,5429.0,0.00754631
SNM/BTC,1564077167315,2019-07-25T17:52:47.315Z,buy,1.39e-06,95.0,0.00013205
SNM/BTC,1564077168074,2019-07-25T17:52:48.074Z,sell,1.38e-06,608.0,0.00083904
SNM/BTC,1564077168074,2019-07-25T17:52:48.074Z,sell,1.38e-06,63227.0,0.08725326
SNM/BTC,1564077168456,2019-07-25T17:52:48.456Z,buy,1.39e-06,19406.0,0.02697434
SNM/BTC,1564077169238,2019-07-25T17:52:49.238Z,sell,1.39e-06,151.0,0.00020989
SNM/BTC,1564077169817,2019-07-25T17:52:49.817Z,sell,1.39e-06,5524.0,0.00767836
SNM/BTC,1564077170823,2019-07-25T17:52:50.823Z,sell,1.39e-06,1000.0,0.00139
SNM/BTC,1564077221443,2019-07-25T17:53:41.443Z,sell,1.39e-06,97.0,0.00013483
SNM/BTC,1564077281651,2019-07-25T17:54:41.651Z,buy,1.4e-06,857.0,0.0011998
SNM/BTC,1564077331183,2019-07-25T17:55:31.183Z,buy,1.4e-06,831.0,0.0011634
SNM/BTC,1564077421120,2019-07-25T17:57:01.120Z,buy,1.4e-06,33423.0,0.0467922
SNM/BTC,1564077444580,2019-07-25T17:57:24.580Z,sell,1.4e-06,103.0,0.0001441999999999
SNM/BTC,1564077453283,2019-07-25T17:57:33.283Z,buy,1.41e-06,78770.0,0.1110657
SNM/BTC,1564077921950,2019-07-25T18:05:21.950Z,buy,1.41e-06,73.0,0.00010293
SNM/BTC,1564077921950,2019-07-25T18:05:21.950Z,buy,1.41e-06,73.0,0.00010293
SNM/BTC,1564078540977,2019-07-25T18:15:40.977Z,buy,1.41e-06,45603.0,0.06430023
SNM/BTC,1564078648746,2019-07-25T18:17:28.746Z,buy,1.41e-06,313.0,0.00044133
SNM/BTC,1564078682777,2019-07-25T18:18:02.777Z,buy,1.41e-06,81.0,0.00011421
SNM/BTC,1564079287302,2019-07-25T18:28:07.302Z,sell,1.4e-06,3349.0,0.0046885999999999
SNM/BTC,1564079287302,2019-07-25T18:28:07.302Z,sell,1.4e-06,3349.0,0.0046885999999999
SNM/BTC,1564081861110,2019-07-25T19:11:01.110Z,sell,1.4e-06,15667.0,0.0219338
SNM/BTC,1564081861110,2019-07-25T19:11:01.110Z,sell,1.39e-06,5769.0,0.00801891
SNM/BTC,1564081873246,2019-07-25T19:11:13.246Z,sell,1.39e-06,160.0,0.0002224
SNM/BTC,1564081878926,2019-07-25T19:11:18.926Z,sell,1.39e-06,140.0,0.0001946
SNM/BTC,1564082008433,2019-07-25T19:13:28.433Z,buy,1.4e-06,1229.0,0.0017205999999999
SNM/BTC,1564082082403,2019-07-25T19:14:42.403Z,sell,1.4e-06,421.0,0.0005894
SNM/BTC,1564082082407,2019-07-25T19:14:42.407Z,sell,1.4e-06,280.0,0.000392
SNM/BTC,1564082082412,2019-07-25T19:14:42.412Z,sell,1.4e-06,831.0,0.0011634
SNM/BTC,1564082082416,2019-07-25T19:14:42.416Z,sell,1.4e-06,181.0,0.0002534
SNM/BTC,1564082082417,2019-07-25T19:14:42.417Z,sell,1.4e-06,534.0,0.0007476
SNM/BTC,1564082251574,2019-07-25T19:17:31.574Z,buy,1.41e-06,96.0,0.00013536
SNM/BTC,1564082251574,2019-07-25T19:17:31.574Z,buy,1.41e-06,96.0,0.00013536
SNM/BTC,1564083312113,2019-07-25T19:35:12.113Z,buy,1.41e-06,4964.0,0.00699924
SNM/BTC,1564083445915,2019-07-25T19:37:25.915Z,buy,1.41e-06,36120.0,0.0509292
SNM/BTC,1564084396305,2019-07-25T19:53:16.305Z,buy,1.41e-06,7000.0,0.00987
SNM/BTC,1564084546749,2019-07-25T19:55:46.749Z,buy,1.41e-06,451.0,0.00063591
SNM/BTC,1564084630244,2019-07-25T19:57:10.244Z,sell,1.4e-06,450.0,0.0006299999999999
SNM/BTC,1564084868147,2019-07-25T20:01:08.147Z,sell,1.4e-06,28746.0,0.0402444
SNM/BTC,1564084975353,2019-07-25T20:02:55.353Z,sell,1.4e-06,36120.0,0.0505679999999999
SNM/BTC,1564085581586,2019-07-25T20:13:01.586Z,sell,1.4e-06,4964.0,0.0069495999999999
SNM/BTC,1564085851421,2019-07-25T20:17:31.421Z,sell,1.4e-06,141.0,0.0001974
SNM/BTC,1564085851421,2019-07-25T20:17:31.421Z,sell,1.4e-06,141.0,0.0001974
SNM/BTC,1564086371808,2019-07-25T20:26:11.808Z,buy,1.41e-06,714.0,0.00100674
SNM/BTC,1564086428612,2019-07-25T20:27:08.612Z,buy,1.41e-06,753.0,0.00106173
SNM/BTC,1564086481175,2019-07-25T20:28:01.175Z,sell,1.4e-06,228.0,0.0003192
SNM/BTC,1564086566292,2019-07-25T20:29:26.292Z,buy,1.41e-06,35460.0,0.0499986
SNM/BTC,1564086661166,2019-07-25T20:31:01.166Z,buy,1.41e-06,8719.0,0.01229379
SNM/BTC,1564087676417,2019-07-25T20:47:56.417Z,buy,1.41e-06,14538.0,0.02049858
SNM/BTC,1564087676455,2019-07-25T20:47:56.455Z,sell,1.41e-06,7018.0,0.00989538
SNM/BTC,1564087706989,2019-07-25T20:48:26.989Z,sell,1.41e-06,1609.0,0.00226869
SNM/BTC,1564088084674,2019-07-25T20:54:44.674Z,sell,1.4e-06,177.0,0.0002478
SNM/BTC,1564088549479,2019-07-25T21:02:29.479Z,sell,1.4e-06,8710.0,0.012194
SNM/BTC,1564088573915,2019-07-25T21:02:53.915Z,sell,1.4e-06,2110.0,0.002954
SNM/BTC,1564088745390,2019-07-25T21:05:45.390Z,buy,1.41e-06,106.0,0.00014946
SNM/BTC,1564088745789,2019-07-25T21:05:45.789Z,sell,1.4e-06,100.0,0.00014
SNM/BTC,1564088798617,2019-07-25T21:06:38.617Z,sell,1.4e-06,107.0,0.0001497999999999
SNM/BTC,1564089094305,2019-07-25T21:11:34.305Z,buy,1.41e-06,126.0,0.00017766
SNM/BTC,1564089094305,2019-07-25T21:11:34.305Z,buy,1.41e-06,126.0,0.00017766
SNM/BTC,1564089457888,2019-07-25T21:17:37.888Z,buy,1.41e-06,198.0,0.00027918
SNM/BTC,1564089899704,2019-07-25T21:24:59.704Z,buy,1.41e-06,2185.0,0.00308085
SNM/BTC,1564091312711,2019-07-25T21:48:32.711Z,buy,1.41e-06,37874.0,0.05340234
SNM/BTC,1564091312711,2019-07-25T21:48:32.711Z,buy,1.42e-06,958.0,0.00136036
SNM/BTC,1564091518116,2019-07-25T21:51:58.116Z,buy,1.42e-06,777.0,0.00110334
SNM/BTC,1564091615512,2019-07-25T21:53:35.512Z,buy,1.42e-06,14184.0,0.02014128
SNM/BTC,1564091619081,2019-07-25T21:53:39.081Z,buy,1.42e-06,2952.0,0.00419184
SNM/BTC,1564091619081,2019-07-25T21:53:39.081Z,buy,1.42e-06,2952.0,0.00419184
SNM/BTC,1564093079014,2019-07-25T22:17:59.014Z,buy,1.42e-06,132.0,0.0001874399999999
SNM/BTC,1564094057873,2019-07-25T22:34:17.873Z,buy,1.42e-06,35281.0,0.05009902
SNM/BTC,1564094105756,2019-07-25T22:35:05.756Z,buy,1.42e-06,15588.0,0.02213496
SNM/BTC,1564094524353,2019-07-25T22:42:04.353Z,buy,1.42e-06,1434.0,0.00203628
SNM/BTC,1564094782641,2019-07-25T22:46:22.641Z,sell,1.41e-06,31517.0,0.04443897
SNM/BTC,1564094978297,2019-07-25T22:49:38.297Z,sell,1.41e-06,2324.0,0.00327684
SNM/BTC,1564095142047,2019-07-25T22:52:22.047Z,buy,1.42e-06,21481.0,0.03050302
SNM/BTC,1564095142047,2019-07-25T22:52:22.047Z,buy,1.42e-06,21481.0,0.03050302
SNM/BTC,1564095417646,2019-07-25T22:56:57.646Z,buy,1.42e-06,7042.0,0.0099996399999999
SNM/BTC,1564095703490,2019-07-25T23:01:43.490Z,buy,1.42e-06,63380.0,0.0899996
SNM/BTC,1564095763974,2019-07-25T23:02:43.974Z,buy,1.42e-06,709.0,0.0010067799999999
SNM/BTC,1564095765212,2019-07-25T23:02:45.212Z,buy,1.42e-06,2535.0,0.0035997
SNM/BTC,1564095765247,2019-07-25T23:02:45.247Z,buy,1.42e-06,38732.0,0.05499944
SNM/BTC,1564095806714,2019-07-25T23:03:26.714Z,buy,1.42e-06,1926.0,0.00273492
SNM/BTC,1564095834225,2019-07-25T23:03:54.225Z,sell,1.42e-06,856.0,0.0012155199999999
SNM/BTC,1564095846222,2019-07-25T23:04:06.222Z,sell,1.42e-06,78.0,0.00011076
SNM/BTC,1564095875519,2019-07-25T23:04:35.519Z,buy,1.42e-06,353.0,0.00050126
SNM/BTC,1564095933545,2019-07-25T23:05:33.545Z,sell,1.41e-06,2735.0,0.00385635
SNM/BTC,1564095961111,2019-07-25T23:06:01.111Z,buy,1.42e-06,1461.0,0.00207462
SNM/BTC,1564096353125,2019-07-25T23:12:33.125Z,sell,1.42e-06,4946.0,0.0070233199999999
SNM/BTC,1564096466469,2019-07-25T23:14:26.469Z,sell,1.42e-06,93.0,0.00013206
SNM/BTC,1564096655791,2019-07-25T23:17:35.791Z,sell,1.42e-06,453.0,0.00064326
SNM/BTC,1564096684695,2019-07-25T23:18:04.695Z,sell,1.42e-06,123.0,0.0001746599999999
SNM/BTC,1564096804159,2019-07-25T23:20:04.159Z,buy,1.43e-06,2447.0,0.00349921
SNM/BTC,1564096956079,2019-07-25T23:22:36.079Z,buy,1.43e-06,699.0,0.00099957
SNM/BTC,1564097256714,2019-07-25T23:27:36.714Z,sell,1.42e-06,144.0,0.00020448
SNM/BTC,1564097315405,2019-07-25T23:28:35.405Z,sell,1.42e-06,7906.0,0.01122652
SNM/BTC,1564097315517,2019-07-25T23:28:35.517Z,sell,1.42e-06,4546.0,0.00645532
SNM/BTC,1564097315618,2019-07-25T23:28:35.618Z,sell,1.42e-06,1832.0,0.00260144
SNM/BTC,1564097989409,2019-07-25T23:39:49.409Z,sell,1.42e-06,71.0,0.00010082
SNM/BTC,1564097989409,2019-07-25T23:39:49.409Z,sell,1.42e-06,71.0,0.00010082
SNM/BTC,1564100020728,2019-07-26T00:13:40.728Z,buy,1.43e-06,34930.0,0.0499499
SNM/BTC,1564100027899,2019-07-26T00:13:47.899Z,buy,1.43e-06,77.0,0.00011011
SNM/BTC,1564100065105,2019-07-26T00:14:25.105Z,buy,1.43e-06,94706.0,0.13542958
SNM/BTC,1564100065146,2019-07-26T00:14:25.146Z,sell,1.43e-06,3875.0,0.00554125
SNM/BTC,1564100154067,2019-07-26T00:15:54.067Z,buy,1.43e-06,83.0,0.00011869
SNM/BTC,1564100165651,2019-07-26T00:16:05.651Z,sell,1.43e-06,40.0,5.72e-05
SNM/BTC,1564100386776,2019-07-26T00:19:46.776Z,buy,1.43e-06,862.0,0.00123266
SNM/BTC,1564100499177,2019-07-26T00:21:39.177Z,buy,1.44e-06,1374.0,0.00197856
SNM/BTC,1564100504794,2019-07-26T00:21:44.794Z,buy,1.44e-06,13199.0,0.01900656
SNM/BTC,1564100519040,2019-07-26T00:21:59.040Z,sell,1.43e-06,718.0,0.00102674
SNM/BTC,1564100527320,2019-07-26T00:22:07.320Z,sell,1.43e-06,13212.0,0.01889316
SNM/BTC,1564100536250,2019-07-26T00:22:16.250Z,sell,1.42e-06,7299.0,0.01036458
SNM/BTC,1564100536721,2019-07-26T00:22:16.721Z,sell,1.42e-06,7246.0,0.01028932
SNM/BTC,1564100543204,2019-07-26T00:22:23.204Z,sell,1.42e-06,8119.0,0.01152898
SNM/BTC,1564100994952,2019-07-26T00:29:54.952Z,sell,1.42e-06,94014.0,0.13349988
SNM/BTC,1564100994981,2019-07-26T00:29:54.981Z,buy,1.42e-06,4442.0,0.00630764
SNM/BTC,1564100994996,2019-07-26T00:29:54.996Z,buy,1.42e-06,4745.0,0.0067379
SNM/BTC,1564100995085,2019-07-26T00:29:55.085Z,buy,1.42e-06,12839.0,0.01823138
SNM/BTC,1564100996482,2019-07-26T00:29:56.482Z,sell,1.41e-06,4442.0,0.00626322
SNM/BTC,1564101034213,2019-07-26T00:30:34.213Z,sell,1.41e-06,101001.0,0.14241141
SNM/BTC,1564101048380,2019-07-26T00:30:48.380Z,buy,1.42e-06,1044.0,0.00148248
SNM/BTC,1564101049266,2019-07-26T00:30:49.266Z,sell,1.42e-06,1772.0,0.00251624
SNM/BTC,1564101432035,2019-07-26T00:37:12.035Z,sell,1.42e-06,2816.0,0.00399872
SNM/BTC,1564101432035,2019-07-26T00:37:12.035Z,sell,1.42e-06,2816.0,0.00399872
SNM/BTC,1564101657388,2019-07-26T00:40:57.388Z,sell,1.42e-06,13015.0,0.0184813
SNM/BTC,1564101976524,2019-07-26T00:46:16.524Z,sell,1.42e-06,2670.0,0.0037914
SNM/BTC,1564102108151,2019-07-26T00:48:28.151Z,sell,1.42e-06,107.0,0.0001519399999999
SNM/BTC,1564102401457,2019-07-26T00:53:21.457Z,sell,1.42e-06,2774.0,0.00393908
SNM/BTC,1564102629899,2019-07-26T00:57:09.899Z,sell,1.42e-06,103.0,0.00014626
SNM/BTC,1564103260842,2019-07-26T01:07:40.842Z,sell,1.42e-06,1100.0,0.001562
SNM/BTC,1564103522408,2019-07-26T01:12:02.408Z,sell,1.42e-06,51065.0,0.0725123
SNM/BTC,1564103849693,2019-07-26T01:17:29.693Z,buy,1.42e-06,198.0,0.0002811599999999
SNM/BTC,1564104371366,2019-07-26T01:26:11.366Z,buy,1.42e-06,179146.0,0.25438732
SNM/BTC,1564104720549,2019-07-26T01:32:00.549Z,buy,1.42e-06,2966.0,0.0042117199999999
SNM/BTC,1564104720835,2019-07-26T01:32:00.835Z,buy,1.42e-06,14181.0,0.02013702
SNM/BTC,1564104772484,2019-07-26T01:32:52.484Z,buy,1.42e-06,1054.0,0.00149668
SNM/BTC,1564104772484,2019-07-26T01:32:52.484Z,buy,1.42e-06,1054.0,0.00149668
SNM/BTC,1564105376290,2019-07-26T01:42:56.290Z,sell,1.41e-06,4979.0,0.00702039
SNM/BTC,1564105422941,2019-07-26T01:43:42.941Z,sell,1.41e-06,351.0,0.00049491
SNM/BTC,1564106067317,2019-07-26T01:54:27.317Z,buy,1.42e-06,931.0,0.00132202
SNM/BTC,1564106691652,2019-07-26T02:04:51.652Z,sell,1.42e-06,21459.0,0.03047178
SNM/BTC,1564107453662,2019-07-26T02:17:33.662Z,sell,1.42e-06,244.0,0.00034648
SNM/BTC,1564107806142,2019-07-26T02:23:26.142Z,sell,1.42e-06,6793.0,0.00964606
SNM/BTC,1564107831866,2019-07-26T02:23:51.866Z,sell,1.41e-06,11023.0,0.01554243
SNM/BTC,1564107831866,2019-07-26T02:23:51.866Z,sell,1.41e-06,11023.0,0.01554243
SNM/BTC,1564108847736,2019-07-26T02:40:47.736Z,buy,1.42e-06,2300.0,0.003266
SNM/BTC,1564109719944,2019-07-26T02:55:19.944Z,sell,1.41e-06,103.0,0.00014523
SNM/BTC,1564109847815,2019-07-26T02:57:27.815Z,buy,1.42e-06,11034.0,0.01566828
SNM/BTC,1564109847845,2019-07-26T02:57:27.845Z,sell,1.42e-06,9748.0,0.01384216
SNM/BTC,1564109847883,2019-07-26T02:57:27.883Z,sell,1.42e-06,8592.0,0.01220064
SNM/BTC,1564109847974,2019-07-26T02:57:27.974Z,sell,1.42e-06,5075.0,0.0072064999999999
SNM/BTC,1564109848082,2019-07-26T02:57:28.082Z,sell,1.42e-06,1692.0,0.0024026399999999
SNM/BTC,1564110279481,2019-07-26T03:04:39.481Z,buy,1.43e-06,10378.0,0.01484054
SNM/BTC,1564110323828,2019-07-26T03:05:23.828Z,buy,1.43e-06,19736.0,0.02822248
SNM/BTC,1564111052382,2019-07-26T03:17:32.382Z,sell,1.42e-06,177.0,0.00025134
SNM/BTC,1564111052382,2019-07-26T03:17:32.382Z,sell,1.42e-06,177.0,0.00025134
SNM/BTC,1564111888423,2019-07-26T03:31:28.423Z,sell,1.42e-06,3268.0,0.00464056
SNM/BTC,1564112032714,2019-07-26T03:33:52.714Z,sell,1.41e-06,30084.0,0.04241844
SNM/BTC,1564112034782,2019-07-26T03:33:54.782Z,sell,1.41e-06,109.0,0.00015369
SNM/BTC,1564112045291,2019-07-26T03:34:05.291Z,sell,1.41e-06,99.0,0.00013959
SNM/BTC,1564112276126,2019-07-26T03:37:56.126Z,sell,1.41e-06,4525.0,0.00638025
SNM/BTC,1564112570541,2019-07-26T03:42:50.541Z,buy,1.42e-06,97.0,0.00013774
SNM/BTC,1564112577796,2019-07-26T03:42:57.796Z,buy,1.42e-06,362.0,0.00051404
SNM/BTC,1564112903231,2019-07-26T03:48:23.231Z,sell,1.41e-06,5053.0,0.00712473
SNM/BTC,1564112903250,2019-07-26T03:48:23.250Z,buy,1.41e-06,4155.0,0.00585855
SNM/BTC,1564112903277,2019-07-26T03:48:23.277Z,buy,1.41e-06,3203.0,0.00451623
SNM/BTC,1564112903292,2019-07-26T03:48:23.292Z,buy,1.41e-06,164.0,0.00023124
SNM/BTC,1564112952092,2019-07-26T03:49:12.092Z,sell,1.41e-06,3203.0,0.00451623
SNM/BTC,1564112959338,2019-07-26T03:49:19.338Z,sell,1.41e-06,661.0,0.00093201
SNM/BTC,1564112959338,2019-07-26T03:49:19.338Z,sell,1.4e-06,17266.0,0.0241724
SNM/BTC,1564113005527,2019-07-26T03:50:05.527Z,buy,1.41e-06,2000.0,0.00282
SNM/BTC,1564113019186,2019-07-26T03:50:19.186Z,buy,1.42e-06,600.0,0.000852
SNM/BTC,1564113019349,2019-07-26T03:50:19.349Z,sell,1.42e-06,158.0,0.00022436
SNM/BTC,1564113019442,2019-07-26T03:50:19.442Z,sell,1.42e-06,158.0,0.00022436
SNM/BTC,1564113019569,2019-07-26T03:50:19.569Z,sell,1.42e-06,158.0,0.00022436
SNM/BTC,1564113019662,2019-07-26T03:50:19.662Z,sell,1.42e-06,158.0,0.00022436
SNM/BTC,1564113019766,2019-07-26T03:50:19.766Z,sell,1.42e-06,158.0,0.00022436
SNM/BTC,1564113019822,2019-07-26T03:50:19.822Z,sell,1.42e-06,158.0,0.00022436
