symbol,timestamp,datetime,side,price,amount,btc_volume
SNM/BTC,1561827607524,2019-06-29T17:00:07.524Z,sell,1.74e-06,7010.0,0.0121974
SNM/BTC,1561827615066,2019-06-29T17:00:15.066Z,sell,1.74e-06,40000.0,0.0696
SNM/BTC,1561827636206,2019-06-29T17:00:36.206Z,sell,1.74e-06,25000.0,0.0435
SNM/BTC,1561827673855,2019-06-29T17:01:13.855Z,sell,1.74e-06,610.0,0.0010614
SNM/BTC,1561827680724,2019-06-29T17:01:20.724Z,sell,1.73e-06,9975.0,0.01725675
SNM/BTC,1561827694442,2019-06-29T17:01:34.442Z,buy,1.74e-06,5676.0,0.00987624
SNM/BTC,1561827996577,2019-06-29T17:06:36.577Z,sell,1.74e-06,9567.0,0.01664658
SNM/BTC,1561828225944,2019-06-29T17:10:25.944Z,sell,1.74e-06,6906.0,0.01201644
SNM/BTC,1561828429366,2019-06-29T17:13:49.366Z,sell,1.74e-06,11683.0,0.02032842
SNM/BTC,1561828461587,2019-06-29T17:14:21.587Z,buy,1.75e-06,8359.0,0.01462825
SNM/BTC,1561828461907,2019-06-29T17:14:21.907Z,sell,1.75e-06,10974.0,0.0192045
SNM/BTC,1561828461907,2019-06-29T17:14:21.907Z,sell,1.74e-06,35212.0,0.06126888
SNM/BTC,1561828552261,2019-06-29T17:15:52.261Z,buy,1.75e-06,3442.0,0.0060235
SNM/BTC,1561828649825,2019-06-29T17:17:29.825Z,sell,1.75e-06,11327.0,0.01982225
SNM/BTC,1561828660776,2019-06-29T17:17:40.776Z,sell,1.75e-06,11633.0,0.02035775
SNM/BTC,1561828672292,2019-06-29T17:17:52.292Z,buy,1.75e-06,15075.0,0.02638125
SNM/BTC,1561828760075,2019-06-29T17:19:20.075Z,buy,1.75e-06,2919.0,0.00510825
SNM/BTC,1561828857801,2019-06-29T17:20:57.801Z,sell,1.74e-06,604.0,0.00105096
SNM/BTC,1561828987595,2019-06-29T17:23:07.595Z,sell,1.74e-06,19263.0,0.03351762
SNM/BTC,1561829080640,2019-06-29T17:24:40.640Z,sell,1.74e-06,600.0,0.001044
SNM/BTC,1561829084331,2019-06-29T17:24:44.331Z,buy,1.76e-06,598.0,0.00105248
SNM/BTC,1561829132553,2019-06-29T17:25:32.553Z,sell,1.74e-06,21353.0,0.03715422
SNM/BTC,1561829203459,2019-06-29T17:26:43.459Z,sell,1.73e-06,36436.0,0.06303428
SNM/BTC,1561829246309,2019-06-29T17:27:26.309Z,sell,1.73e-06,926.0,0.00160198
SNM/BTC,1561829257917,2019-06-29T17:27:37.917Z,sell,1.73e-06,934.0,0.00161582
SNM/BTC,1561829258397,2019-06-29T17:27:38.397Z,sell,1.73e-06,869.0,0.00150337
SNM/BTC,1561829258496,2019-06-29T17:27:38.496Z,sell,1.73e-06,953.0,0.00164869
SNM/BTC,1561829259220,2019-06-29T17:27:39.220Z,sell,1.73e-06,673.0,0.00116429
SNM/BTC,1561829261162,2019-06-29T17:27:41.162Z,sell,1.73e-06,932.0,0.00161236
SNM/BTC,1561829265890,2019-06-29T17:27:45.890Z,sell,1.73e-06,872.0,0.00150856
SNM/BTC,1561829268721,2019-06-29T17:27:48.721Z,sell,1.73e-06,876.0,0.00151548
SNM/BTC,1561829269108,2019-06-29T17:27:49.108Z,sell,1.73e-06,921.0,0.00159333
SNM/BTC,1561829310196,2019-06-29T17:28:30.196Z,sell,1.73e-06,117299.0,0.20292727
SNM/BTC,1561829352082,2019-06-29T17:29:12.082Z,buy,1.73e-06,7999.0,0.01383827
SNM/BTC,1561829396562,2019-06-29T17:29:56.562Z,sell,1.72e-06,2536.0,0.00436192
SNM/BTC,1561829407480,2019-06-29T17:30:07.480Z,buy,1.73e-06,19731.0,0.03413463
SNM/BTC,1561829413900,2019-06-29T17:30:13.900Z,buy,1.73e-06,29897.0,0.05172181
SNM/BTC,1561829566108,2019-06-29T17:32:46.108Z,sell,1.73e-06,4309.0,0.00745457
SNM/BTC,1561829583845,2019-06-29T17:33:03.845Z,sell,1.73e-06,6891.0,0.01192143
SNM/BTC,1561829611043,2019-06-29T17:33:31.043Z,sell,1.73e-06,6697.0,0.01158581
SNM/BTC,1561829620814,2019-06-29T17:33:40.814Z,sell,1.73e-06,2232.0,0.00386136
SNM/BTC,1561829662087,2019-06-29T17:34:22.087Z,buy,1.74e-06,4570.0,0.0079518
SNM/BTC,1561829662087,2019-06-29T17:34:22.087Z,buy,1.75e-06,3087.0,0.00540225
SNM/BTC,1561829662087,2019-06-29T17:34:22.087Z,buy,1.76e-06,25327.0,0.04457552
SNM/BTC,1561829715378,2019-06-29T17:35:15.378Z,sell,1.74e-06,2334.0,0.00406116
SNM/BTC,1561829740269,2019-06-29T17:35:40.269Z,buy,1.74e-06,671.0,0.00116754
SNM/BTC,1561829757810,2019-06-29T17:35:57.810Z,buy,1.74e-06,20100.0,0.034974
SNM/BTC,1561829799780,2019-06-29T17:36:39.780Z,buy,1.74e-06,21206.0,0.03689844
SNM/BTC,1561829799780,2019-06-29T17:36:39.780Z,buy,1.75e-06,13064.0,0.022862
SNM/BTC,1561829833938,2019-06-29T17:37:13.938Z,buy,1.75e-06,11583.0,0.02027025
SNM/BTC,1561829917158,2019-06-29T17:38:37.158Z,buy,1.75e-06,17361.0,0.03038175
SNM/BTC,1561830055774,2019-06-29T17:40:55.774Z,sell,1.74e-06,2660.0,0.0046284
SNM/BTC,1561830195017,2019-06-29T17:43:15.017Z,buy,1.74e-06,1750.0,0.003045
SNM/BTC,1561830245811,2019-06-29T17:44:05.811Z,buy,1.74e-06,5612.0,0.00976488
SNM/BTC,1561830576056,2019-06-29T17:49:36.056Z,sell,1.74e-06,731.0,0.00127194
SNM/BTC,1561830623395,2019-06-29T17:50:23.395Z,sell,1.74e-06,634.0,0.00110316
SNM/BTC,1561830687636,2019-06-29T17:51:27.636Z,buy,1.75e-06,1363.0,0.00238525
SNM/BTC,1561830699833,2019-06-29T17:51:39.833Z,buy,1.75e-06,585.0,0.00102375
SNM/BTC,1561830700177,2019-06-29T17:51:40.177Z,sell,1.74e-06,5705.0,0.0099267
SNM/BTC,1561830748732,2019-06-29T17:52:28.732Z,sell,1.74e-06,11571.0,0.02013354
SNM/BTC,1561830756002,2019-06-29T17:52:36.002Z,buy,1.75e-06,18688.0,0.032704
SNM/BTC,1561830794321,2019-06-29T17:53:14.321Z,sell,1.74e-06,9709.0,0.01689366
SNM/BTC,1561830915420,2019-06-29T17:55:15.420Z,sell,1.74e-06,10312.0,0.01794288
SNM/BTC,1561830958629,2019-06-29T17:55:58.629Z,sell,1.74e-06,4526.0,0.00787524
SNM/BTC,1561830963143,2019-06-29T17:56:03.143Z,sell,1.73e-06,19063.0,0.03297899
SNM/BTC,1561830963352,2019-06-29T17:56:03.352Z,buy,1.73e-06,733.0,0.00126809
SNM/BTC,1561830965265,2019-06-29T17:56:05.265Z,buy,1.73e-06,579.0,0.00100167
SNM/BTC,1561830970406,2019-06-29T17:56:10.406Z,buy,1.73e-06,667.0,0.00115391
SNM/BTC,1561830984034,2019-06-29T17:56:24.034Z,buy,1.74e-06,3705.0,0.0064467
SNM/BTC,1561831036530,2019-06-29T17:57:16.530Z,sell,1.73e-06,7734.0,0.0133798199999999
SNM/BTC,1561831057996,2019-06-29T17:57:37.996Z,buy,1.74e-06,9047.0,0.01574178
SNM/BTC,1561831057996,2019-06-29T17:57:37.996Z,buy,1.75e-06,9205.0,0.0161087499999999
SNM/BTC,1561831057996,2019-06-29T17:57:37.996Z,buy,1.74e-06,9047.0,0.01574178
SNM/BTC,1561831057996,2019-06-29T17:57:37.996Z,buy,1.75e-06,9205.0,0.0161087499999999
SNM/BTC,1561831237499,2019-06-29T18:00:37.499Z,sell,1.73e-06,1369.0,0.00236837
SNM/BTC,1561831341163,2019-06-29T18:02:21.163Z,sell,1.73e-06,8066.0,0.01395418
SNM/BTC,1561831349205,2019-06-29T18:02:29.205Z,sell,1.73e-06,1357.0,0.00234761
SNM/BTC,1561831427640,2019-06-29T18:03:47.640Z,sell,1.73e-06,13580.0,0.0234934
SNM/BTC,1561831519400,2019-06-29T18:05:19.400Z,sell,1.73e-06,1760.0,0.0030448
SNM/BTC,1561831584573,2019-06-29T18:06:24.573Z,sell,1.73e-06,7710.0,0.0133382999999999
SNM/BTC,1561831632348,2019-06-29T18:07:12.348Z,sell,1.73e-06,2177.0,0.00376621
SNM/BTC,1561831878704,2019-06-29T18:11:18.704Z,sell,1.72e-06,6254.0,0.01075688
SNM/BTC,1561832052286,2019-06-29T18:14:12.286Z,buy,1.74e-06,2873.0,0.00499902
SNM/BTC,1561832053133,2019-06-29T18:14:13.133Z,buy,1.74e-06,862.0,0.00149988
SNM/BTC,1561832255386,2019-06-29T18:17:35.386Z,buy,1.74e-06,4331.0,0.00753594
SNM/BTC,1561832319479,2019-06-29T18:18:39.479Z,buy,1.74e-06,10525.0,0.0183135
SNM/BTC,1561832339379,2019-06-29T18:18:59.379Z,buy,1.74e-06,10524.0,0.01831176
SNM/BTC,1561832568810,2019-06-29T18:22:48.810Z,buy,1.74e-06,671.0,0.00116754
SNM/BTC,1561832573426,2019-06-29T18:22:53.426Z,sell,1.73e-06,1247.0,0.00215731
SNM/BTC,1561832988043,2019-06-29T18:29:48.043Z,sell,1.73e-06,5314.0,0.00919322
SNM/BTC,1561832988043,2019-06-29T18:29:48.043Z,sell,1.72e-06,60960.0,0.1048512
SNM/BTC,1561832988043,2019-06-29T18:29:48.043Z,sell,1.71e-06,41535.0,0.07102485
SNM/BTC,1561832988043,2019-06-29T18:29:48.043Z,sell,1.7e-06,133329.0,0.2266593
SNM/BTC,1561833252330,2019-06-29T18:34:12.330Z,buy,1.72e-06,827.0,0.00142244
SNM/BTC,1561833280711,2019-06-29T18:34:40.711Z,buy,1.72e-06,22764.0,0.03915408
SNM/BTC,1561833420861,2019-06-29T18:37:00.861Z,sell,1.71e-06,111695.0,0.19099845
SNM/BTC,1561833421024,2019-06-29T18:37:01.024Z,buy,1.71e-06,1842.0,0.00314982
SNM/BTC,1561833440485,2019-06-29T18:37:20.485Z,buy,1.71e-06,1044.0,0.00178524
SNM/BTC,1561833468905,2019-06-29T18:37:48.905Z,buy,1.71e-06,661.0,0.00113031
SNM/BTC,1561833524021,2019-06-29T18:38:44.021Z,buy,1.71e-06,1953.0,0.0033396299999999
SNM/BTC,1561833527026,2019-06-29T18:38:47.026Z,buy,1.71e-06,3906.0,0.0066792599999999
SNM/BTC,1561833530891,2019-06-29T18:38:50.891Z,buy,1.71e-06,7809.0,0.01335339
SNM/BTC,1561833542083,2019-06-29T18:39:02.083Z,buy,1.71e-06,3900.0,0.006669
SNM/BTC,1561833546950,2019-06-29T18:39:06.950Z,buy,1.71e-06,9649.0,0.01649979
SNM/BTC,1561833547380,2019-06-29T18:39:07.380Z,buy,1.71e-06,1014.0,0.00173394
SNM/BTC,1561833560681,2019-06-29T18:39:20.681Z,buy,1.71e-06,2179.0,0.00372609
SNM/BTC,1561833579200,2019-06-29T18:39:39.200Z,buy,1.71e-06,1063.0,0.0018177299999999
SNM/BTC,1561833613433,2019-06-29T18:40:13.433Z,buy,1.71e-06,887.0,0.00151677
SNM/BTC,1561833629577,2019-06-29T18:40:29.577Z,sell,1.71e-06,113.0,0.00019323
SNM/BTC,1561833630803,2019-06-29T18:40:30.803Z,buy,1.71e-06,588.0,0.00100548
SNM/BTC,1561833660037,2019-06-29T18:41:00.037Z,sell,1.7e-06,51144.0,0.0869448
SNM/BTC,1561833660098,2019-06-29T18:41:00.098Z,buy,1.7e-06,1700.0,0.00289
SNM/BTC,1561833660108,2019-06-29T18:41:00.108Z,buy,1.7e-06,1718.0,0.0029206
SNM/BTC,1561833660184,2019-06-29T18:41:00.184Z,buy,1.7e-06,957.0,0.0016269
SNM/BTC,1561833686061,2019-06-29T18:41:26.061Z,buy,1.7e-06,1309.0,0.0022253
SNM/BTC,1561833687860,2019-06-29T18:41:27.860Z,buy,1.7e-06,720.0,0.001224
SNM/BTC,1561833706466,2019-06-29T18:41:46.466Z,sell,1.69e-06,25970.0,0.0438893
SNM/BTC,1561833720312,2019-06-29T18:42:00.312Z,buy,1.7e-06,1177.0,0.0020009
SNM/BTC,1561833733024,2019-06-29T18:42:13.024Z,buy,1.7e-06,1299.0,0.0022083
SNM/BTC,1561833742483,2019-06-29T18:42:22.483Z,sell,1.69e-06,24256.0,0.04099264
SNM/BTC,1561833748271,2019-06-29T18:42:28.271Z,buy,1.7e-06,1292.0,0.0021964
SNM/BTC,1561833765728,2019-06-29T18:42:45.728Z,buy,1.7e-06,1113.0,0.0018921
SNM/BTC,1561833771794,2019-06-29T18:42:51.794Z,sell,1.69e-06,3911.0,0.0066095899999999
SNM/BTC,1561833786352,2019-06-29T18:43:06.352Z,sell,1.69e-06,104831.0,0.1771643899999999
SNM/BTC,1561833825131,2019-06-29T18:43:45.131Z,buy,1.7e-06,167.0,0.0002839
SNM/BTC,1561833906192,2019-06-29T18:45:06.192Z,sell,1.69e-06,651.0,0.00110019
SNM/BTC,1561833922696,2019-06-29T18:45:22.696Z,buy,1.7e-06,23299.0,0.0396083
SNM/BTC,1561834040675,2019-06-29T18:47:20.675Z,sell,1.7e-06,10056.0,0.0170952
SNM/BTC,1561834144260,2019-06-29T18:49:04.260Z,buy,1.71e-06,600.0,0.001026
SNM/BTC,1561834167011,2019-06-29T18:49:27.011Z,buy,1.71e-06,13944.0,0.02384424
SNM/BTC,1561834325268,2019-06-29T18:52:05.268Z,buy,1.71e-06,15216.0,0.02601936
SNM/BTC,1561834369077,2019-06-29T18:52:49.077Z,buy,1.71e-06,732.0,0.00125172
SNM/BTC,1561834536097,2019-06-29T18:55:36.097Z,buy,1.71e-06,1588.0,0.0027154799999999
SNM/BTC,1561834540298,2019-06-29T18:55:40.298Z,buy,1.71e-06,168086.0,0.28742706
SNM/BTC,1561834591903,2019-06-29T18:56:31.903Z,buy,1.71e-06,6000.0,0.01026
SNM/BTC,1561834591903,2019-06-29T18:56:31.903Z,buy,1.71e-06,6000.0,0.01026
SNM/BTC,1561834687647,2019-06-29T18:58:07.647Z,buy,1.71e-06,11624.0,0.01987704
SNM/BTC,1561834831093,2019-06-29T19:00:31.093Z,sell,1.7e-06,2111.0,0.0035887
SNM/BTC,1561835157103,2019-06-29T19:05:57.103Z,sell,1.7e-06,11612.0,0.0197404
SNM/BTC,1561835241524,2019-06-29T19:07:21.524Z,buy,1.71e-06,744.0,0.00127224
SNM/BTC,1561835265076,2019-06-29T19:07:45.076Z,buy,1.71e-06,1805.0,0.00308655
SNM/BTC,1561835427187,2019-06-29T19:10:27.187Z,buy,1.71e-06,3891.0,0.00665361
SNM/BTC,1561835530376,2019-06-29T19:12:10.376Z,buy,1.71e-06,207.0,0.00035397
SNM/BTC,1561835563479,2019-06-29T19:12:43.479Z,sell,1.7e-06,1935.0,0.0032895
SNM/BTC,1561835906366,2019-06-29T19:18:26.366Z,buy,1.71e-06,702.0,0.00120042
SNM/BTC,1561835915126,2019-06-29T19:18:35.126Z,buy,1.71e-06,39317.0,0.0672320699999999
SNM/BTC,1561835915126,2019-06-29T19:18:35.126Z,buy,1.72e-06,108457.0,0.18654604
SNM/BTC,1561835915172,2019-06-29T19:18:35.172Z,sell,1.72e-06,6750.0,0.01161
SNM/BTC,1561835915197,2019-06-29T19:18:35.197Z,sell,1.72e-06,2110.0,0.0036292
SNM/BTC,1561835915234,2019-06-29T19:18:35.234Z,sell,1.72e-06,140.0,0.0002408
SNM/BTC,1561836491128,2019-06-29T19:28:11.128Z,sell,1.71e-06,105691.0,0.18073161
SNM/BTC,1561836491128,2019-06-29T19:28:11.128Z,sell,1.7e-06,161966.0,0.2753422
SNM/BTC,1561836491147,2019-06-29T19:28:11.147Z,buy,1.7e-06,8026.0,0.0136442
SNM/BTC,1561836491151,2019-06-29T19:28:11.151Z,buy,1.7e-06,22282.0,0.0378794
SNM/BTC,1561836491154,2019-06-29T19:28:11.154Z,buy,1.7e-06,7160.0,0.012172
SNM/BTC,1561836491171,2019-06-29T19:28:11.171Z,buy,1.7e-06,2678.0,0.0045526
SNM/BTC,1561836491175,2019-06-29T19:28:11.175Z,buy,1.7e-06,6361.0,0.0108137
SNM/BTC,1561836491175,2019-06-29T19:28:11.175Z,buy,1.7e-06,3591.0,0.0061047
SNM/BTC,1561836492867,2019-06-29T19:28:12.867Z,buy,1.7e-06,589.0,0.0010013
SNM/BTC,1561836501391,2019-06-29T19:28:21.391Z,buy,1.7e-06,619.0,0.0010523
SNM/BTC,1561836502948,2019-06-29T19:28:22.948Z,buy,1.7e-06,2871.0,0.0048807
SNM/BTC,1561836510859,2019-06-29T19:28:30.859Z,buy,1.71e-06,20510.0,0.0350721
SNM/BTC,1561836512688,2019-06-29T19:28:32.688Z,buy,1.71e-06,856.0,0.00146376
SNM/BTC,1561836512964,2019-06-29T19:28:32.964Z,sell,1.71e-06,8026.0,0.0137244599999999
SNM/BTC,1561836513300,2019-06-29T19:28:33.300Z,sell,1.71e-06,4988.0,0.0085294799999999
SNM/BTC,1561836522624,2019-06-29T19:28:42.624Z,sell,1.69e-06,46985.0,0.07940465
SNM/BTC,1561836522624,2019-06-29T19:28:42.624Z,sell,1.68e-06,221090.0,0.3714312
SNM/BTC,1561836522643,2019-06-29T19:28:42.643Z,buy,1.68e-06,1232.0,0.00206976
SNM/BTC,1561836522667,2019-06-29T19:28:42.667Z,buy,1.72e-06,1232.0,0.00211904
SNM/BTC,1561836522896,2019-06-29T19:28:42.896Z,buy,1.72e-06,674.0,0.00115928
SNM/BTC,1561836523389,2019-06-29T19:28:43.389Z,buy,1.7e-06,11834.0,0.0201178
SNM/BTC,1561836524039,2019-06-29T19:28:44.039Z,sell,1.69e-06,1985.0,0.00335465
SNM/BTC,1561836527228,2019-06-29T19:28:47.228Z,buy,1.71e-06,2928.0,0.00500688
SNM/BTC,1561836528353,2019-06-29T19:28:48.353Z,buy,1.71e-06,10738.0,0.01836198
SNM/BTC,1561836549257,2019-06-29T19:29:09.257Z,sell,1.71e-06,1676.0,0.00286596
SNM/BTC,1561836549265,2019-06-29T19:29:09.265Z,sell,1.71e-06,774.0,0.00132354
SNM/BTC,1561836646769,2019-06-29T19:30:46.769Z,buy,1.72e-06,663.0,0.00114036
SNM/BTC,1561836723145,2019-06-29T19:32:03.145Z,buy,1.71e-06,16272.0,0.02782512
SNM/BTC,1561836727118,2019-06-29T19:32:07.118Z,sell,1.7e-06,7558.0,0.0128486
SNM/BTC,1561836734002,2019-06-29T19:32:14.002Z,buy,1.71e-06,2857.0,0.0048854699999999
SNM/BTC,1561836757091,2019-06-29T19:32:37.091Z,buy,1.71e-06,2287.0,0.00391077
SNM/BTC,1561836757823,2019-06-29T19:32:37.823Z,buy,1.71e-06,5223.0,0.00893133
SNM/BTC,1561836781435,2019-06-29T19:33:01.435Z,buy,1.71e-06,4438.0,0.0075889799999999
SNM/BTC,1561836822525,2019-06-29T19:33:42.525Z,sell,1.71e-06,1293.0,0.00221103
SNM/BTC,1561837024903,2019-06-29T19:37:04.903Z,buy,1.72e-06,24269.0,0.04174268
SNM/BTC,1561837028674,2019-06-29T19:37:08.674Z,buy,1.72e-06,197.0,0.00033884
SNM/BTC,1561837053555,2019-06-29T19:37:33.555Z,buy,1.72e-06,12170.0,0.0209324
SNM/BTC,1561837066554,2019-06-29T19:37:46.554Z,buy,1.72e-06,582.0,0.00100104
SNM/BTC,1561837070903,2019-06-29T19:37:50.903Z,buy,1.72e-06,18232.0,0.03135904
SNM/BTC,1561837106883,2019-06-29T19:38:26.883Z,buy,1.73e-06,150289.0,0.2599999699999999
SNM/BTC,1561837112468,2019-06-29T19:38:32.468Z,sell,1.72e-06,8465.0,0.0145598
SNM/BTC,1561837223430,2019-06-29T19:40:23.430Z,sell,1.72e-06,3406.0,0.00585832
SNM/BTC,1561837404605,2019-06-29T19:43:24.605Z,buy,1.73e-06,3630.0,0.0062799
SNM/BTC,1561837417153,2019-06-29T19:43:37.153Z,sell,1.72e-06,3630.0,0.0062436
SNM/BTC,1561837440633,2019-06-29T19:44:00.633Z,buy,1.73e-06,3628.0,0.0062764399999999
SNM/BTC,1561837520270,2019-06-29T19:45:20.270Z,buy,1.73e-06,3244.0,0.00561212
SNM/BTC,1561837846387,2019-06-29T19:50:46.387Z,sell,1.72e-06,2041.0,0.00351052
SNM/BTC,1561837846387,2019-06-29T19:50:46.387Z,sell,1.72e-06,2041.0,0.00351052
SNM/BTC,1561838418482,2019-06-29T20:00:18.482Z,sell,1.72e-06,2417.0,0.00415724
SNM/BTC,1561838459479,2019-06-29T20:00:59.479Z,sell,1.72e-06,31158.0,0.05359176
SNM/BTC,1561838464699,2019-06-29T20:01:04.699Z,sell,1.72e-06,9640.0,0.0165808
SNM/BTC,1561838613670,2019-06-29T20:03:33.670Z,sell,1.72e-06,23369.0,0.04019468
SNM/BTC,1561838658703,2019-06-29T20:04:18.703Z,buy,1.73e-06,178.0,0.00030794
SNM/BTC,1561838700664,2019-06-29T20:05:00.664Z,sell,1.72e-06,4063.0,0.00698836
SNM/BTC,1561838740080,2019-06-29T20:05:40.080Z,sell,1.72e-06,17527.0,0.03014644
SNM/BTC,1561838792145,2019-06-29T20:06:32.145Z,sell,1.72e-06,17527.0,0.03014644
SNM/BTC,1561838890315,2019-06-29T20:08:10.315Z,buy,1.73e-06,10011.0,0.01731903
SNM/BTC,1561838906498,2019-06-29T20:08:26.498Z,buy,1.73e-06,29592.0,0.0511941599999999
SNM/BTC,1561838997510,2019-06-29T20:09:57.510Z,buy,1.74e-06,759.0,0.00132066
SNM/BTC,1561839001452,2019-06-29T20:10:01.452Z,buy,1.74e-06,759.0,0.00132066
SNM/BTC,1561839006012,2019-06-29T20:10:06.012Z,buy,1.74e-06,758.0,0.00131892
SNM/BTC,1561839009930,2019-06-29T20:10:09.930Z,buy,1.74e-06,759.0,0.00132066
SNM/BTC,1561839014615,2019-06-29T20:10:14.615Z,buy,1.74e-06,759.0,0.00132066
SNM/BTC,1561839015190,2019-06-29T20:10:15.190Z,buy,1.74e-06,3124.0,0.00543576
SNM/BTC,1561839018650,2019-06-29T20:10:18.650Z,buy,1.74e-06,759.0,0.00132066
SNM/BTC,1561839029188,2019-06-29T20:10:29.188Z,buy,1.74e-06,2396.0,0.00416904
SNM/BTC,1561839046477,2019-06-29T20:10:46.477Z,buy,1.74e-06,4792.0,0.00833808
SNM/BTC,1561839073602,2019-06-29T20:11:13.602Z,sell,1.73e-06,645.0,0.00111585
SNM/BTC,1561839099023,2019-06-29T20:11:39.023Z,buy,1.74e-06,109801.0,0.19105374
SNM/BTC,1561839099438,2019-06-29T20:11:39.438Z,sell,1.74e-06,1902.0,0.00330948
SNM/BTC,1561839099585,2019-06-29T20:11:39.585Z,sell,1.74e-06,2282.0,0.00397068
SNM/BTC,1561839100570,2019-06-29T20:11:40.570Z,sell,1.74e-06,3799.0,0.00661026
SNM/BTC,1561839128173,2019-06-29T20:12:08.173Z,sell,1.74e-06,1152.0,0.00200448
SNM/BTC,1561839171757,2019-06-29T20:12:51.757Z,buy,1.75e-06,9584.0,0.016772
SNM/BTC,1561839200650,2019-06-29T20:13:20.650Z,buy,1.75e-06,19168.0,0.033544
SNM/BTC,1561839212060,2019-06-29T20:13:32.060Z,buy,1.75e-06,144787.0,0.25337725
SNM/BTC,1561839223587,2019-06-29T20:13:43.587Z,buy,1.75e-06,7834.0,0.0137095
SNM/BTC,1561839224588,2019-06-29T20:13:44.588Z,sell,1.75e-06,5501.0,0.00962675
SNM/BTC,1561839228526,2019-06-29T20:13:48.526Z,sell,1.75e-06,32516.0,0.056903
SNM/BTC,1561839246755,2019-06-29T20:14:06.755Z,sell,1.73e-06,3819.0,0.00660687
SNM/BTC,1561839278595,2019-06-29T20:14:38.595Z,sell,1.73e-06,644.0,0.00111412
SNM/BTC,1561839294733,2019-06-29T20:14:54.733Z,buy,1.75e-06,173.0,0.00030275
SNM/BTC,1561839309909,2019-06-29T20:15:09.909Z,sell,1.74e-06,3190.0,0.0055506
SNM/BTC,1561839418485,2019-06-29T20:16:58.485Z,buy,1.74e-06,3800.0,0.006612
SNM/BTC,1561839491335,2019-06-29T20:18:11.335Z,sell,1.73e-06,29592.0,0.0511941599999999
SNM/BTC,1561839524331,2019-06-29T20:18:44.331Z,sell,1.73e-06,7558.0,0.01307534
SNM/BTC,1561839611991,2019-06-29T20:20:11.991Z,buy,1.74e-06,633.0,0.00110142
SNM/BTC,1561839613837,2019-06-29T20:20:13.837Z,buy,1.74e-06,633.0,0.00110142
SNM/BTC,1561839617064,2019-06-29T20:20:17.064Z,buy,1.74e-06,633.0,0.00110142
SNM/BTC,1561839780460,2019-06-29T20:23:00.460Z,sell,1.73e-06,878.0,0.0015189399999999
SNM/BTC,1561839784423,2019-06-29T20:23:04.423Z,sell,1.73e-06,893.0,0.00154489
SNM/BTC,1561839784754,2019-06-29T20:23:04.754Z,sell,1.73e-06,1378.0,0.0023839399999999
SNM/BTC,1561839789850,2019-06-29T20:23:09.850Z,sell,1.73e-06,1022.0,0.00176806
SNM/BTC,1561840019228,2019-06-29T20:26:59.228Z,buy,1.74e-06,15445.0,0.0268743
SNM/BTC,1561840146248,2019-06-29T20:29:06.248Z,buy,1.74e-06,5021.0,0.00873654
SNM/BTC,1561840289056,2019-06-29T20:31:29.056Z,buy,1.74e-06,45028.0,0.07834872
SNM/BTC,1561840385995,2019-06-29T20:33:05.995Z,buy,1.74e-06,3187.0,0.00554538
SNM/BTC,1561840397151,2019-06-29T20:33:17.151Z,buy,1.75e-06,37726.0,0.0660205
SNM/BTC,1561840489436,2019-06-29T20:34:49.436Z,sell,1.75e-06,802.0,0.0014035
SNM/BTC,1561840507637,2019-06-29T20:35:07.637Z,sell,1.75e-06,3587.0,0.00627725
SNM/BTC,1561840526174,2019-06-29T20:35:26.174Z,buy,1.76e-06,24743.0,0.04354768
SNM/BTC,1561840674190,2019-06-29T20:37:54.190Z,sell,1.75e-06,681.0,0.0011917499999999
SNM/BTC,1561840693696,2019-06-29T20:38:13.696Z,sell,1.75e-06,5514.0,0.0096495
SNM/BTC,1561840720528,2019-06-29T20:38:40.528Z,buy,1.74e-06,15201.0,0.02644974
SNM/BTC,1561840744555,2019-06-29T20:39:04.555Z,buy,1.75e-06,632.0,0.001106
SNM/BTC,1561840795288,2019-06-29T20:39:55.288Z,buy,1.75e-06,37083.0,0.06489525
SNM/BTC,1561840892236,2019-06-29T20:41:32.236Z,sell,1.75e-06,1160.0,0.00203
SNM/BTC,1561840941329,2019-06-29T20:42:21.329Z,sell,1.75e-06,591.0,0.00103425
SNM/BTC,1561840957192,2019-06-29T20:42:37.192Z,sell,1.75e-06,72379.0,0.12666325
SNM/BTC,1561840977722,2019-06-29T20:42:57.722Z,sell,1.75e-06,201899.0,0.35332325
SNM/BTC,1561840999052,2019-06-29T20:43:19.052Z,sell,1.73e-06,2619.0,0.00453087
SNM/BTC,1561841117462,2019-06-29T20:45:17.462Z,sell,1.74e-06,898.0,0.00156252
SNM/BTC,1561841117465,2019-06-29T20:45:17.465Z,sell,1.74e-06,2290.0,0.0039846
SNM/BTC,1561841414703,2019-06-29T20:50:14.703Z,sell,1.73e-06,1378.0,0.0023839399999999
SNM/BTC,1561841441739,2019-06-29T20:50:41.739Z,sell,1.73e-06,3769.0,0.00652037
SNM/BTC,1561841441739,2019-06-29T20:50:41.739Z,sell,1.73e-06,3769.0,0.00652037
SNM/BTC,1561841511038,2019-06-29T20:51:51.038Z,sell,1.73e-06,607.0,0.00105011
SNM/BTC,1561841511038,2019-06-29T20:51:51.038Z,sell,1.72e-06,137.0,0.00023564
SNM/BTC,1561841526090,2019-06-29T20:52:06.090Z,sell,1.72e-06,4680.0,0.0080496
SNM/BTC,1561841542785,2019-06-29T20:52:22.785Z,buy,1.74e-06,815.0,0.0014181
SNM/BTC,1561841604702,2019-06-29T20:53:24.702Z,buy,1.74e-06,4646.0,0.00808404
SNM/BTC,1561841604737,2019-06-29T20:53:24.737Z,sell,1.74e-06,7398.0,0.01287252
SNM/BTC,1561841694366,2019-06-29T20:54:54.366Z,sell,1.73e-06,2263.0,0.00391499
SNM/BTC,1561841711233,2019-06-29T20:55:11.233Z,buy,1.73e-06,1026.0,0.00177498
SNM/BTC,1561841731235,2019-06-29T20:55:31.235Z,sell,1.72e-06,5218.0,0.00897496
SNM/BTC,1561841815487,2019-06-29T20:56:55.487Z,sell,1.71e-06,43351.0,0.07413021
SNM/BTC,1561841815487,2019-06-29T20:56:55.487Z,sell,1.71e-06,16743.0,0.0286305299999999
SNM/BTC,1561841834440,2019-06-29T20:57:14.440Z,buy,1.72e-06,1644.0,0.00282768
SNM/BTC,1561841835787,2019-06-29T20:57:15.787Z,buy,1.72e-06,584.0,0.00100448
SNM/BTC,1561841844410,2019-06-29T20:57:24.410Z,buy,1.72e-06,1292.0,0.00222224
SNM/BTC,1561841884572,2019-06-29T20:58:04.572Z,sell,1.71e-06,65842.0,0.11258982
SNM/BTC,1561841915133,2019-06-29T20:58:35.133Z,sell,1.7e-06,4090.0,0.006953
SNM/BTC,1561841918396,2019-06-29T20:58:38.396Z,buy,1.71e-06,2339.0,0.00399969
SNM/BTC,1561841919114,2019-06-29T20:58:39.114Z,buy,1.71e-06,73.0,0.0001248299999999
SNM/BTC,1561841937079,2019-06-29T20:58:57.079Z,sell,1.71e-06,2266.0,0.00387486
SNM/BTC,1561841951731,2019-06-29T20:59:11.731Z,buy,1.71e-06,2923.0,0.00499833
SNM/BTC,1561841974154,2019-06-29T20:59:34.154Z,buy,1.71e-06,1635.0,0.00279585
SNM/BTC,1561842044094,2019-06-29T21:00:44.094Z,sell,1.7e-06,739.0,0.0012563
SNM/BTC,1561842063465,2019-06-29T21:01:03.465Z,sell,1.7e-06,72321.0,0.1229457
SNM/BTC,1561842090872,2019-06-29T21:01:30.872Z,sell,1.7e-06,19646.0,0.0333982
SNM/BTC,1561842104809,2019-06-29T21:01:44.809Z,buy,1.7e-06,2051.0,0.0034867
SNM/BTC,1561842168543,2019-06-29T21:02:48.543Z,buy,1.7e-06,4406.0,0.0074902
SNM/BTC,1561842169047,2019-06-29T21:02:49.047Z,buy,1.7e-06,6675.0,0.0113475
SNM/BTC,1561842190045,2019-06-29T21:03:10.045Z,buy,1.69e-06,1000.0,0.0016899999999999
SNM/BTC,1561842237373,2019-06-29T21:03:57.373Z,buy,1.69e-06,2585.0,0.00436865
SNM/BTC,1561842313162,2019-06-29T21:05:13.162Z,buy,1.69e-06,1123.0,0.0018978699999999
SNM/BTC,1561842314009,2019-06-29T21:05:14.009Z,buy,1.69e-06,1039.0,0.0017559099999999
SNM/BTC,1561842315777,2019-06-29T21:05:15.777Z,buy,1.69e-06,1775.0,0.00299975
SNM/BTC,1561842315882,2019-06-29T21:05:15.882Z,buy,1.69e-06,882.0,0.00149058
SNM/BTC,1561842317111,2019-06-29T21:05:17.111Z,buy,1.69e-06,630.0,0.0010647
SNM/BTC,1561842317128,2019-06-29T21:05:17.128Z,buy,1.69e-06,1812.0,0.0030622799999999
SNM/BTC,1561842317297,2019-06-29T21:05:17.297Z,buy,1.69e-06,2190.0,0.0037010999999999
SNM/BTC,1561842317461,2019-06-29T21:05:17.461Z,buy,1.69e-06,2685.0,0.00453765
SNM/BTC,1561842317964,2019-06-29T21:05:17.964Z,buy,1.69e-06,5456.0,0.0092206399999999
SNM/BTC,1561842318456,2019-06-29T21:05:18.456Z,buy,1.69e-06,2685.0,0.00453765
SNM/BTC,1561842335116,2019-06-29T21:05:35.116Z,buy,1.69e-06,6394.0,0.0108058599999999
SNM/BTC,1561842340387,2019-06-29T21:05:40.387Z,buy,1.69e-06,1183.0,0.00199927
SNM/BTC,1561842340625,2019-06-29T21:05:40.625Z,buy,1.69e-06,612.0,0.00103428
SNM/BTC,1561842340754,2019-06-29T21:05:40.754Z,buy,1.69e-06,7689.0,0.01299441
SNM/BTC,1561842340754,2019-06-29T21:05:40.754Z,buy,1.7e-06,138.0,0.0002346
SNM/BTC,1561842341867,2019-06-29T21:05:41.867Z,buy,1.7e-06,5917.0,0.0100589
SNM/BTC,1561842342994,2019-06-29T21:05:42.994Z,buy,1.7e-06,591.0,0.0010047
SNM/BTC,1561842371345,2019-06-29T21:06:11.345Z,sell,1.69e-06,4103.0,0.00693407
SNM/BTC,1561842371345,2019-06-29T21:06:11.345Z,sell,1.68e-06,13864.0,0.02329152
SNM/BTC,1561842413160,2019-06-29T21:06:53.160Z,buy,1.7e-06,10007.0,0.0170119
SNM/BTC,1561842413160,2019-06-29T21:06:53.160Z,buy,1.7e-06,816.0,0.0013872
SNM/BTC,1561842492965,2019-06-29T21:08:12.965Z,sell,1.68e-06,882.0,0.00148176
SNM/BTC,1561842555915,2019-06-29T21:09:15.915Z,sell,1.68e-06,127023.0,0.21339864
SNM/BTC,1561842555941,2019-06-29T21:09:15.941Z,buy,1.68e-06,4631.0,0.00778008
SNM/BTC,1561842556910,2019-06-29T21:09:16.910Z,buy,1.68e-06,4631.0,0.00778008
SNM/BTC,1561842564761,2019-06-29T21:09:24.761Z,buy,1.68e-06,2380.0,0.0039984
SNM/BTC,1561842564854,2019-06-29T21:09:24.854Z,buy,1.68e-06,2380.0,0.0039984
SNM/BTC,1561842564946,2019-06-29T21:09:24.946Z,buy,1.68e-06,3140.0,0.0052752
SNM/BTC,1561842570246,2019-06-29T21:09:30.246Z,buy,1.7e-06,2327.0,0.0039559
SNM/BTC,1561842570501,2019-06-29T21:09:30.501Z,sell,1.7e-06,3944.0,0.0067048
SNM/BTC,1561842576496,2019-06-29T21:09:36.496Z,sell,1.68e-06,1774.0,0.00298032
SNM/BTC,1561842592538,2019-06-29T21:09:52.538Z,buy,1.7e-06,1000.0,0.0017
SNM/BTC,1561842880255,2019-06-29T21:14:40.255Z,buy,1.69e-06,921.0,0.00155649
SNM/BTC,1561843365039,2019-06-29T21:22:45.039Z,buy,1.69e-06,4078.0,0.00689182
SNM/BTC,1561843852931,2019-06-29T21:30:52.931Z,buy,1.69e-06,21456.0,0.03626064
SNM/BTC,1561843895210,2019-06-29T21:31:35.210Z,sell,1.68e-06,21434.0,0.03600912
SNM/BTC,1561843906327,2019-06-29T21:31:46.327Z,buy,1.7e-06,13633.0,0.0231761
SNM/BTC,1561843906327,2019-06-29T21:31:46.327Z,buy,1.71e-06,18977.0,0.03245067
SNM/BTC,1561843929444,2019-06-29T21:32:09.444Z,sell,1.69e-06,2346.0,0.00396474
SNM/BTC,1561843929444,2019-06-29T21:32:09.444Z,sell,1.68e-06,30231.0,0.05078808
SNM/BTC,1561843955621,2019-06-29T21:32:35.621Z,buy,1.7e-06,32472.0,0.0552024
SNM/BTC,1561843975079,2019-06-29T21:32:55.079Z,sell,1.68e-06,32440.0,0.0544992
SNM/BTC,1561844003576,2019-06-29T21:33:23.576Z,sell,1.68e-06,920.0,0.0015456
SNM/BTC,1561844021600,2019-06-29T21:33:41.600Z,buy,1.7e-06,24414.0,0.0415038
SNM/BTC,1561844180833,2019-06-29T21:36:20.833Z,sell,1.68e-06,107412.0,0.18045216
SNM/BTC,1561844280957,2019-06-29T21:38:00.957Z,buy,1.7e-06,647.0,0.0010999
SNM/BTC,1561844522917,2019-06-29T21:42:02.917Z,buy,1.7e-06,1151.0,0.0019567
SNM/BTC,1561844620889,2019-06-29T21:43:40.889Z,buy,1.7e-06,7849.0,0.0133433
SNM/BTC,1561844621147,2019-06-29T21:43:41.147Z,buy,1.7e-06,30353.0,0.0516001
SNM/BTC,1561844621478,2019-06-29T21:43:41.478Z,sell,1.7e-06,2339.0,0.0039763
SNM/BTC,1561844621676,2019-06-29T21:43:41.676Z,sell,1.7e-06,2380.0,0.004046
SNM/BTC,1561844621676,2019-06-29T21:43:41.676Z,sell,1.7e-06,2380.0,0.004046
SNM/BTC,1561845123810,2019-06-29T21:52:03.810Z,sell,1.7e-06,15858.0,0.0269586
SNM/BTC,1561845197016,2019-06-29T21:53:17.016Z,buy,1.71e-06,6383.0,0.01091493
SNM/BTC,1561845209685,2019-06-29T21:53:29.685Z,buy,1.71e-06,44853.0,0.07669863
SNM/BTC,1561845446824,2019-06-29T21:57:26.824Z,buy,1.71e-06,70175.0,0.11999925
SNM/BTC,1561845635246,2019-06-29T22:00:35.246Z,buy,1.71e-06,29993.0,0.05128803
SNM/BTC,1561845635264,2019-06-29T22:00:35.264Z,sell,1.71e-06,12631.0,0.02159901
SNM/BTC,1561845770449,2019-06-29T22:02:50.449Z,buy,1.71e-06,85431.0,0.14608701
SNM/BTC,1561845776340,2019-06-29T22:02:56.340Z,buy,1.72e-06,10930.0,0.0187996
SNM/BTC,1561845856220,2019-06-29T22:04:16.220Z,buy,1.71e-06,3297.0,0.00563787
SNM/BTC,1561845856220,2019-06-29T22:04:16.220Z,sell,1.7e-06,815.0,0.0013855
SNM/BTC,1561845862109,2019-06-29T22:04:22.109Z,buy,1.72e-06,68026.0,0.11700472
SNM/BTC,1561845915976,2019-06-29T22:05:15.976Z,buy,1.73e-06,6410.0,0.0110893
SNM/BTC,1561845923497,2019-06-29T22:05:23.497Z,buy,1.74e-06,4272.0,0.00743328
SNM/BTC,1561845923497,2019-06-29T22:05:23.497Z,buy,1.75e-06,63819.0,0.11168325
SNM/BTC,1561845923497,2019-06-29T22:05:23.497Z,buy,1.76e-06,6176.0,0.01086976
SNM/BTC,1561845923497,2019-06-29T22:05:23.497Z,buy,1.77e-06,39564.0,0.07002828
SNM/BTC,1561845923520,2019-06-29T22:05:23.520Z,sell,1.77e-06,3184.0,0.00563568
SNM/BTC,1561845924569,2019-06-29T22:05:24.569Z,buy,1.74e-06,815.0,0.0014181
SNM/BTC,1561845933615,2019-06-29T22:05:33.615Z,buy,1.76e-06,2413.0,0.00424688
SNM/BTC,1561845935719,2019-06-29T22:05:35.719Z,sell,1.74e-06,591.0,0.00102834
SNM/BTC,1561845941813,2019-06-29T22:05:41.813Z,buy,1.75e-06,5911.0,0.01034425
SNM/BTC,1561845942945,2019-06-29T22:05:42.945Z,sell,1.75e-06,1580.0,0.002765
SNM/BTC,1561845946899,2019-06-29T22:05:46.899Z,buy,1.76e-06,2224.0,0.00391424
SNM/BTC,1561845951899,2019-06-29T22:05:51.899Z,buy,1.75e-06,30098.0,0.0526714999999999
SNM/BTC,1561845956267,2019-06-29T22:05:56.267Z,buy,1.75e-06,35434.0,0.0620095
SNM/BTC,1561845961995,2019-06-29T22:06:01.995Z,buy,1.75e-06,1758.0,0.0030765
SNM/BTC,1561845964887,2019-06-29T22:06:04.887Z,sell,1.73e-06,16307.0,0.0282111099999999
SNM/BTC,1561845968614,2019-06-29T22:06:08.614Z,sell,1.74e-06,2246.0,0.00390804
SNM/BTC,1561845971816,2019-06-29T22:06:11.816Z,buy,1.74e-06,309.0,0.00053766
SNM/BTC,1561846008105,2019-06-29T22:06:48.105Z,buy,1.75e-06,1724.0,0.003017
SNM/BTC,1561846054415,2019-06-29T22:07:34.415Z,buy,1.75e-06,577.0,0.00100975
SNM/BTC,1561846054415,2019-06-29T22:07:34.415Z,buy,1.77e-06,2920.0,0.0051684
SNM/BTC,1561846054415,2019-06-29T22:07:34.415Z,buy,1.78e-06,116499.0,0.20736822
SNM/BTC,1561846054415,2019-06-29T22:07:34.415Z,buy,1.79e-06,414037.0,0.74112623
SNM/BTC,1561846054438,2019-06-29T22:07:34.438Z,sell,1.79e-06,24626.0,0.04408054
SNM/BTC,1561846059309,2019-06-29T22:07:39.309Z,buy,1.76e-06,1831.0,0.00322256
SNM/BTC,1561846059330,2019-06-29T22:07:39.330Z,buy,1.76e-06,454.0,0.00079904
SNM/BTC,1561846060462,2019-06-29T22:07:40.462Z,sell,1.75e-06,2033.0,0.00355775
SNM/BTC,1561846086868,2019-06-29T22:08:06.868Z,buy,1.76e-06,798.0,0.00140448
SNM/BTC,1561846089355,2019-06-29T22:08:09.355Z,buy,1.77e-06,855.0,0.00151335
SNM/BTC,1561846089688,2019-06-29T22:08:09.688Z,sell,1.77e-06,1412.0,0.00249924
SNM/BTC,1561846089806,2019-06-29T22:08:09.806Z,sell,1.76e-06,1713.0,0.00301488
SNM/BTC,1561846089961,2019-06-29T22:08:09.961Z,sell,1.76e-06,6737.0,0.01185712
SNM/BTC,1561846094355,2019-06-29T22:08:14.355Z,sell,1.75e-06,475.0,0.00083125
SNM/BTC,1561846111025,2019-06-29T22:08:31.025Z,sell,1.75e-06,2920.0,0.00511
SNM/BTC,1561846112462,2019-06-29T22:08:32.462Z,sell,1.75e-06,267.0,0.00046725
SNM/BTC,1561846112462,2019-06-29T22:08:32.462Z,sell,1.74e-06,915.0,0.0015921
SNM/BTC,1561846150411,2019-06-29T22:09:10.411Z,sell,1.74e-06,1176.0,0.00204624
SNM/BTC,1561846161568,2019-06-29T22:09:21.568Z,sell,1.75e-06,1722.0,0.0030135
SNM/BTC,1561846192647,2019-06-29T22:09:52.647Z,sell,1.74e-06,2380.0,0.0041412
SNM/BTC,1561846205373,2019-06-29T22:10:05.373Z,sell,1.74e-06,617.0,0.00107358
SNM/BTC,1561846313212,2019-06-29T22:11:53.212Z,sell,1.74e-06,12086.0,0.02102964
SNM/BTC,1561846353896,2019-06-29T22:12:33.896Z,sell,1.73e-06,5680.0,0.0098263999999999
SNM/BTC,1561846487713,2019-06-29T22:14:47.713Z,sell,1.73e-06,13231.0,0.02288963
SNM/BTC,1561846550490,2019-06-29T22:15:50.490Z,buy,1.74e-06,15456.0,0.02689344
SNM/BTC,1561846564609,2019-06-29T22:16:04.609Z,buy,1.75e-06,632.0,0.001106
SNM/BTC,1561846777727,2019-06-29T22:19:37.727Z,buy,1.74e-06,815.0,0.0014181
SNM/BTC,1561846828859,2019-06-29T22:20:28.859Z,buy,1.74e-06,14996.0,0.02609304
SNM/BTC,1561846846818,2019-06-29T22:20:46.818Z,sell,1.74e-06,15811.0,0.02751114
SNM/BTC,1561846872517,2019-06-29T22:21:12.517Z,sell,1.74e-06,24620.0,0.0428388
SNM/BTC,1561847159713,2019-06-29T22:25:59.713Z,buy,1.75e-06,5714.0,0.0099995
SNM/BTC,1561847182059,2019-06-29T22:26:22.059Z,buy,1.75e-06,25581.0,0.04476675
SNM/BTC,1561847230587,2019-06-29T22:27:10.587Z,buy,1.75e-06,1715.0,0.00300125
SNM/BTC,1561847497455,2019-06-29T22:31:37.455Z,sell,1.74e-06,680.0,0.0011832
SNM/BTC,1561847509190,2019-06-29T22:31:49.190Z,buy,1.75e-06,2279.0,0.00398825
SNM/BTC,1561847520184,2019-06-29T22:32:00.184Z,sell,1.74e-06,2279.0,0.00396546
SNM/BTC,1561847532165,2019-06-29T22:32:12.165Z,buy,1.75e-06,2260.0,0.003955
SNM/BTC,1561847777012,2019-06-29T22:36:17.012Z,buy,1.75e-06,3896.0,0.006818
SNM/BTC,1561847777153,2019-06-29T22:36:17.153Z,sell,1.75e-06,1856.0,0.003248
SNM/BTC,1561847777244,2019-06-29T22:36:17.244Z,sell,1.75e-06,911.0,0.00159425
SNM/BTC,1561847798466,2019-06-29T22:36:38.466Z,sell,1.75e-06,2219.0,0.00388325
SNM/BTC,1561847886375,2019-06-29T22:38:06.375Z,sell,1.75e-06,758.0,0.0013265
SNM/BTC,1561847917381,2019-06-29T22:38:37.381Z,sell,1.75e-06,22429.0,0.03925075
SNM/BTC,1561847955950,2019-06-29T22:39:15.950Z,sell,1.75e-06,1500.0,0.002625
SNM/BTC,1561847955950,2019-06-29T22:39:15.950Z,sell,1.75e-06,1500.0,0.002625
SNM/BTC,1561848880141,2019-06-29T22:54:40.141Z,buy,1.76e-06,177.0,0.00031152
SNM/BTC,1561849216918,2019-06-29T23:00:16.918Z,sell,1.75e-06,26349.0,0.04611075
SNM/BTC,1561849228391,2019-06-29T23:00:28.391Z,sell,1.75e-06,27000.0,0.04725
SNM/BTC,1561849416691,2019-06-29T23:03:36.691Z,sell,1.74e-06,1108.0,0.00192792
SNM/BTC,1561849462533,2019-06-29T23:04:22.533Z,sell,1.74e-06,12825.0,0.0223155
SNM/BTC,1561849562178,2019-06-29T23:06:02.178Z,sell,1.73e-06,21339.0,0.03691647
SNM/BTC,1561849568038,2019-06-29T23:06:08.038Z,buy,1.73e-06,21493.0,0.0371828899999999
SNM/BTC,1561849568046,2019-06-29T23:06:08.046Z,buy,1.73e-06,21485.0,0.03716905
SNM/BTC,1561849568051,2019-06-29T23:06:08.051Z,buy,1.73e-06,3221.0,0.0055723299999999
SNM/BTC,1561849568060,2019-06-29T23:06:08.060Z,buy,1.73e-06,7896.0,0.01366008
SNM/BTC,1561849568079,2019-06-29T23:06:08.079Z,buy,1.73e-06,21485.0,0.03716905
SNM/BTC,1561849573941,2019-06-29T23:06:13.941Z,sell,1.72e-06,855.0,0.0014706
SNM/BTC,1561849578398,2019-06-29T23:06:18.398Z,buy,1.73e-06,1026.0,0.00177498
SNM/BTC,1561849772426,2019-06-29T23:09:32.426Z,sell,1.72e-06,3967.0,0.00682324
SNM/BTC,1561849870104,2019-06-29T23:11:10.104Z,sell,1.72e-06,72620.0,0.1249064
SNM/BTC,1561849871459,2019-06-29T23:11:11.459Z,sell,1.72e-06,3198.0,0.00550056
SNM/BTC,1561849871636,2019-06-29T23:11:11.636Z,sell,1.72e-06,21499.0,0.03697828
SNM/BTC,1561850400863,2019-06-29T23:20:00.863Z,sell,1.72e-06,7896.0,0.01358112
SNM/BTC,1561850408228,2019-06-29T23:20:08.228Z,buy,1.73e-06,636.0,0.00110028
SNM/BTC,1561850414069,2019-06-29T23:20:14.069Z,buy,1.73e-06,1184.0,0.0020483199999999
SNM/BTC,1561850432438,2019-06-29T23:20:32.438Z,buy,1.73e-06,8656.0,0.01497488
SNM/BTC,1561850483882,2019-06-29T23:21:23.882Z,buy,1.73e-06,39499.0,0.06833327
SNM/BTC,1561850489473,2019-06-29T23:21:29.473Z,buy,1.74e-06,2298.0,0.00399852
SNM/BTC,1561850489710,2019-06-29T23:21:29.710Z,buy,1.74e-06,2298.0,0.00399852
SNM/BTC,1561850995791,2019-06-29T23:29:55.791Z,buy,1.74e-06,1199.0,0.00208626
SNM/BTC,1561851223095,2019-06-29T23:33:43.095Z,buy,1.74e-06,2672.0,0.00464928
SNM/BTC,1561851387089,2019-06-29T23:36:27.089Z,sell,1.73e-06,5015.0,0.00867595
SNM/BTC,1561851491467,2019-06-29T23:38:11.467Z,buy,1.74e-06,666.0,0.00115884
SNM/BTC,1561851491467,2019-06-29T23:38:11.467Z,buy,1.74e-06,666.0,0.00115884
SNM/BTC,1561851921156,2019-06-29T23:45:21.156Z,buy,1.74e-06,1007.0,0.00175218
SNM/BTC,1561851929739,2019-06-29T23:45:29.739Z,buy,1.74e-06,775.0,0.0013485
SNM/BTC,1561852012378,2019-06-29T23:46:52.378Z,buy,1.74e-06,593.0,0.00103182
SNM/BTC,1561852076916,2019-06-29T23:47:56.916Z,buy,1.74e-06,895.0,0.0015573
SNM/BTC,1561852212511,2019-06-29T23:50:12.511Z,buy,1.74e-06,1647.0,0.00286578
SNM/BTC,1561852466509,2019-06-29T23:54:26.509Z,sell,1.73e-06,13930.0,0.0240989
SNM/BTC,1561852724279,2019-06-29T23:58:44.279Z,buy,1.74e-06,5747.0,0.00999978
SNM/BTC,1561852939635,2019-06-30T00:02:19.635Z,buy,1.74e-06,18089.0,0.03147486
SNM/BTC,1561853238560,2019-06-30T00:07:18.560Z,buy,1.74e-06,1149.0,0.00199926
SNM/BTC,1561853278759,2019-06-30T00:07:58.759Z,buy,1.74e-06,862.0,0.00149988
SNM/BTC,1561853298148,2019-06-30T00:08:18.148Z,buy,1.74e-06,2298.0,0.00399852
SNM/BTC,1561853308931,2019-06-30T00:08:28.931Z,buy,1.74e-06,1160.0,0.0020184
SNM/BTC,1561853566609,2019-06-30T00:12:46.609Z,buy,1.74e-06,5747.0,0.00999978
SNM/BTC,1561854065734,2019-06-30T00:21:05.734Z,sell,1.73e-06,71419.0,0.12355487
SNM/BTC,1561854086391,2019-06-30T00:21:26.391Z,sell,1.73e-06,71419.0,0.12355487
SNM/BTC,1561854181924,2019-06-30T00:23:01.924Z,sell,1.73e-06,39091.0,0.06762743
SNM/BTC,1561854184118,2019-06-30T00:23:04.118Z,sell,1.72e-06,756.0,0.00130032
SNM/BTC,1561854184174,2019-06-30T00:23:04.174Z,buy,1.72e-06,631.0,0.00108532
SNM/BTC,1561854184190,2019-06-30T00:23:04.190Z,buy,1.72e-06,712.0,0.00122464
SNM/BTC,1561854197920,2019-06-30T00:23:17.920Z,buy,1.72e-06,199.0,0.00034228
SNM/BTC,1561854201208,2019-06-30T00:23:21.208Z,sell,1.72e-06,1093.0,0.00187996
SNM/BTC,1561854202112,2019-06-30T00:23:22.112Z,sell,1.71e-06,1149.0,0.00196479
SNM/BTC,1561854243769,2019-06-30T00:24:03.769Z,sell,1.71e-06,1205.0,0.00206055
SNM/BTC,1561854321933,2019-06-30T00:25:21.933Z,buy,1.72e-06,11887.0,0.02044564
SNM/BTC,1561854758064,2019-06-30T00:32:38.064Z,sell,1.73e-06,2000.0,0.00346
SNM/BTC,1561854758320,2019-06-30T00:32:38.320Z,sell,1.73e-06,16095.0,0.02784435
SNM/BTC,1561854758321,2019-06-30T00:32:38.321Z,sell,1.73e-06,10806.0,0.01869438
SNM/BTC,1561854859818,2019-06-30T00:34:19.818Z,sell,1.72e-06,53425.0,0.091891
SNM/BTC,1561854859818,2019-06-30T00:34:19.818Z,sell,1.72e-06,53425.0,0.091891
SNM/BTC,1561855421667,2019-06-30T00:43:41.667Z,sell,1.72e-06,1286.0,0.00221192
SNM/BTC,1561855983720,2019-06-30T00:53:03.720Z,sell,1.72e-06,3447.0,0.00592884
SNM/BTC,1561856159863,2019-06-30T00:55:59.863Z,buy,1.72e-06,1000.0,0.00172
SNM/BTC,1561856341332,2019-06-30T00:59:01.332Z,buy,1.72e-06,3386.0,0.00582392
SNM/BTC,1561856424071,2019-06-30T01:00:24.071Z,buy,1.72e-06,176.0,0.00030272
SNM/BTC,1561856665591,2019-06-30T01:04:25.591Z,buy,1.72e-06,7298.0,0.01255256
SNM/BTC,1561856948165,2019-06-30T01:09:08.165Z,buy,1.72e-06,2909.0,0.00500348
SNM/BTC,1561857064034,2019-06-30T01:11:04.034Z,buy,1.72e-06,636.0,0.00109392
SNM/BTC,1561857306442,2019-06-30T01:15:06.442Z,buy,1.72e-06,5497.0,0.00945484
SNM/BTC,1561857869991,2019-06-30T01:24:29.991Z,buy,1.72e-06,21970.0,0.0377884
SNM/BTC,1561857870027,2019-06-30T01:24:30.027Z,sell,1.72e-06,1883.0,0.00323876
SNM/BTC,1561858103398,2019-06-30T01:28:23.398Z,buy,1.73e-06,3433.0,0.00593909
SNM/BTC,1561858103398,2019-06-30T01:28:23.398Z,buy,1.73e-06,3433.0,0.00593909
SNM/BTC,1561858535290,2019-06-30T01:35:35.290Z,buy,1.73e-06,1413.0,0.00244449
SNM/BTC,1561858556566,2019-06-30T01:35:56.566Z,buy,1.73e-06,33384.0,0.05775432
SNM/BTC,1561859564485,2019-06-30T01:52:44.485Z,buy,1.74e-06,919.0,0.00159906
SNM/BTC,1561859565244,2019-06-30T01:52:45.244Z,buy,1.74e-06,1621.0,0.00282054
SNM/BTC,1561859795491,2019-06-30T01:56:35.491Z,buy,1.74e-06,581.0,0.00101094
SNM/BTC,1561860233862,2019-06-30T02:03:53.862Z,buy,1.74e-06,1977.0,0.00343998
SNM/BTC,1561860445576,2019-06-30T02:07:25.576Z,buy,1.75e-06,628.0,0.001099
SNM/BTC,1561860460418,2019-06-30T02:07:40.418Z,sell,1.74e-06,13532.0,0.02354568
SNM/BTC,1561860460418,2019-06-30T02:07:40.418Z,sell,1.73e-06,40124.0,0.06941452
SNM/BTC,1561860461454,2019-06-30T02:07:41.454Z,sell,1.74e-06,3188.0,0.00554712
SNM/BTC,1561860462337,2019-06-30T02:07:42.337Z,sell,1.73e-06,660.0,0.0011417999999999
SNM/BTC,1561861044472,2019-06-30T02:17:24.472Z,sell,1.73e-06,14370.0,0.0248601
SNM/BTC,1561861044472,2019-06-30T02:17:24.472Z,sell,1.72e-06,39286.0,0.06757192
SNM/BTC,1561861423408,2019-06-30T02:23:43.408Z,sell,1.72e-06,4000.0,0.00688
SNM/BTC,1561861435898,2019-06-30T02:23:55.898Z,sell,1.72e-06,105737.0,0.18186764
SNM/BTC,1561861435898,2019-06-30T02:23:55.898Z,sell,1.72e-06,105737.0,0.18186764
SNM/BTC,1561861753214,2019-06-30T02:29:13.214Z,sell,1.73e-06,5276.0,0.00912748
SNM/BTC,1561861881218,2019-06-30T02:31:21.218Z,sell,1.72e-06,9634.0,0.01657048
SNM/BTC,1561862047693,2019-06-30T02:34:07.693Z,buy,1.73e-06,2865.0,0.00495645
SNM/BTC,1561862298248,2019-06-30T02:38:18.248Z,buy,1.73e-06,4703.0,0.00813619
SNM/BTC,1561863311509,2019-06-30T02:55:11.509Z,buy,1.73e-06,14002.0,0.02422346
SNM/BTC,1561863927260,2019-06-30T03:05:27.260Z,sell,1.73e-06,16302.0,0.02820246
SNM/BTC,1561863952431,2019-06-30T03:05:52.431Z,sell,1.72e-06,9339.0,0.01606308
SNM/BTC,1561863996426,2019-06-30T03:06:36.426Z,sell,1.72e-06,18077.0,0.03109244
SNM/BTC,1561864093303,2019-06-30T03:08:13.303Z,buy,1.74e-06,2873.0,0.00499902
SNM/BTC,1561864291163,2019-06-30T03:11:31.163Z,sell,1.72e-06,724.0,0.00124528
SNM/BTC,1561864294419,2019-06-30T03:11:34.419Z,buy,1.73e-06,588.0,0.00101724
SNM/BTC,1561864294419,2019-06-30T03:11:34.419Z,buy,1.74e-06,3743.0,0.00651282
SNM/BTC,1561864414014,2019-06-30T03:13:34.014Z,sell,1.73e-06,5288.0,0.00914824
SNM/BTC,1561864550185,2019-06-30T03:15:50.185Z,sell,1.73e-06,627.0,0.00108471
SNM/BTC,1561864873570,2019-06-30T03:21:13.570Z,sell,1.73e-06,646.0,0.00111758
SNM/BTC,1561864873570,2019-06-30T03:21:13.570Z,sell,1.73e-06,646.0,0.00111758
SNM/BTC,1561866131938,2019-06-30T03:42:11.938Z,buy,1.73e-06,19244.0,0.03329212
SNM/BTC,1561866675898,2019-06-30T03:51:15.898Z,sell,1.71e-06,37428.0,0.06400188
SNM/BTC,1561866675898,2019-06-30T03:51:15.898Z,sell,1.7e-06,189604.0,0.3223268
SNM/BTC,1561866675898,2019-06-30T03:51:15.898Z,sell,1.69e-06,223624.0,0.3779245599999999
SNM/BTC,1561866675918,2019-06-30T03:51:15.918Z,buy,1.69e-06,26562.0,0.04488978
SNM/BTC,1561866675952,2019-06-30T03:51:15.952Z,buy,1.71e-06,26562.0,0.04542102
SNM/BTC,1561866675967,2019-06-30T03:51:15.967Z,sell,1.7e-06,4641.0,0.0078897
SNM/BTC,1561866675967,2019-06-30T03:51:15.967Z,sell,1.7e-06,1139.0,0.0019363
SNM/BTC,1561866675967,2019-06-30T03:51:15.967Z,sell,1.69e-06,2652.0,0.00448188
SNM/BTC,1561866675967,2019-06-30T03:51:15.967Z,sell,1.68e-06,4654.0,0.00781872
SNM/BTC,1561866675975,2019-06-30T03:51:15.975Z,sell,1.68e-06,13181.0,0.02214408
SNM/BTC,1561866676000,2019-06-30T03:51:16.000Z,sell,1.68e-06,1441.0,0.00242088
SNM/BTC,1561866680049,2019-06-30T03:51:20.049Z,buy,1.71e-06,1755.0,0.00300105
SNM/BTC,1561866682959,2019-06-30T03:51:22.959Z,buy,1.71e-06,892.0,0.00152532
SNM/BTC,1561866687444,2019-06-30T03:51:27.444Z,buy,1.71e-06,1635.0,0.00279585
SNM/BTC,1561866754193,2019-06-30T03:52:34.193Z,buy,1.71e-06,644.0,0.0011012399999999
SNM/BTC,1561866782284,2019-06-30T03:53:02.284Z,buy,1.71e-06,219.0,0.00037449
SNM/BTC,1561866849263,2019-06-30T03:54:09.263Z,buy,1.71e-06,182.0,0.0003112199999999
SNM/BTC,1561867097337,2019-06-30T03:58:17.337Z,buy,1.71e-06,194.0,0.0003317399999999
SNM/BTC,1561867117997,2019-06-30T03:58:37.997Z,buy,1.71e-06,195.0,0.00033345
SNM/BTC,1561867142311,2019-06-30T03:59:02.311Z,buy,1.71e-06,43307.0,0.07405497
SNM/BTC,1561867268103,2019-06-30T04:01:08.103Z,buy,1.71e-06,185.0,0.0003163499999999
SNM/BTC,1561867283147,2019-06-30T04:01:23.147Z,sell,1.7e-06,16104.0,0.0273768
SNM/BTC,1561867329255,2019-06-30T04:02:09.255Z,sell,1.7e-06,70105.0,0.1191785
SNM/BTC,1561867337127,2019-06-30T04:02:17.127Z,sell,1.7e-06,719.0,0.0012223
SNM/BTC,1561867361259,2019-06-30T04:02:41.259Z,buy,1.71e-06,173.0,0.0002958299999999
SNM/BTC,1561867489801,2019-06-30T04:04:49.801Z,buy,1.71e-06,198.0,0.00033858
SNM/BTC,1561867495131,2019-06-30T04:04:55.131Z,buy,1.71e-06,214.0,0.00036594
SNM/BTC,1561867495131,2019-06-30T04:04:55.131Z,buy,1.71e-06,214.0,0.00036594
SNM/BTC,1561869320802,2019-06-30T04:35:20.802Z,sell,1.7e-06,17862.0,0.0303654
SNM/BTC,1561869321792,2019-06-30T04:35:21.792Z,sell,1.7e-06,986.0,0.0016762
SNM/BTC,1561869460170,2019-06-30T04:37:40.170Z,buy,1.71e-06,1461.0,0.00249831
SNM/BTC,1561869492500,2019-06-30T04:38:12.500Z,buy,1.71e-06,697.0,0.00119187
SNM/BTC,1561870289414,2019-06-30T04:51:29.414Z,buy,1.71e-06,189.0,0.00032319
SNM/BTC,1561870340122,2019-06-30T04:52:20.122Z,buy,1.71e-06,667.0,0.00114057
SNM/BTC,1561870456360,2019-06-30T04:54:16.360Z,buy,1.71e-06,6780.0,0.0115938
SNM/BTC,1561870675413,2019-06-30T04:57:55.413Z,buy,1.71e-06,2130.0,0.0036423
SNM/BTC,1561870707616,2019-06-30T04:58:27.616Z,buy,1.71e-06,35388.0,0.0605134799999999
SNM/BTC,1561870807282,2019-06-30T05:00:07.282Z,buy,1.71e-06,891.0,0.00152361
SNM/BTC,1561870825622,2019-06-30T05:00:25.622Z,buy,1.71e-06,64924.0,0.11102004
SNM/BTC,1561870825622,2019-06-30T05:00:25.622Z,buy,1.71e-06,64924.0,0.11102004
SNM/BTC,1561871580250,2019-06-30T05:13:00.250Z,sell,1.7e-06,1260.0,0.002142
SNM/BTC,1561871810874,2019-06-30T05:16:50.874Z,sell,1.7e-06,93997.0,0.1597949
SNM/BTC,1561871834019,2019-06-30T05:17:14.019Z,buy,1.71e-06,70875.0,0.1211962499999999
SNM/BTC,1561871856240,2019-06-30T05:17:36.240Z,buy,1.72e-06,1453.0,0.00249916
SNM/BTC,1561872217503,2019-06-30T05:23:37.503Z,sell,1.7e-06,18706.0,0.0318002
SNM/BTC,1561872328251,2019-06-30T05:25:28.251Z,buy,1.71e-06,10688.0,0.0182764799999999
SNM/BTC,1561872349718,2019-06-30T05:25:49.718Z,buy,1.71e-06,726.0,0.00124146
SNM/BTC,1561872349797,2019-06-30T05:25:49.797Z,buy,1.71e-06,655.0,0.00112005
SNM/BTC,1561872473158,2019-06-30T05:27:53.158Z,buy,1.71e-06,16271.0,0.02782341
SNM/BTC,1561872522435,2019-06-30T05:28:42.435Z,sell,1.71e-06,13526.0,0.0231294599999999
SNM/BTC,1561872898331,2019-06-30T05:34:58.331Z,sell,1.71e-06,2216.0,0.00378936
SNM/BTC,1561873137847,2019-06-30T05:38:57.847Z,sell,1.7e-06,4026.0,0.0068442
SNM/BTC,1561873152623,2019-06-30T05:39:12.623Z,buy,1.71e-06,2728.0,0.00466488
SNM/BTC,1561873246177,2019-06-30T05:40:46.177Z,buy,1.72e-06,671.0,0.00115412
SNM/BTC,1561873452178,2019-06-30T05:44:12.178Z,buy,1.72e-06,6800.0,0.011696
SNM/BTC,1561873458072,2019-06-30T05:44:18.072Z,sell,1.71e-06,1698.0,0.00290358
SNM/BTC,1561873461282,2019-06-30T05:44:21.282Z,sell,1.71e-06,2547.0,0.00435537
SNM/BTC,1561873465272,2019-06-30T05:44:25.272Z,buy,1.72e-06,170293.0,0.29290396
SNM/BTC,1561873465272,2019-06-30T05:44:25.272Z,buy,1.73e-06,41707.0,0.0721531099999999
SNM/BTC,1561873467686,2019-06-30T05:44:27.686Z,buy,1.73e-06,920.0,0.0015915999999999
SNM/BTC,1561873492129,2019-06-30T05:44:52.129Z,sell,1.72e-06,637.0,0.00109564
SNM/BTC,1561873500930,2019-06-30T05:45:00.930Z,sell,1.72e-06,1910.0,0.0032852
SNM/BTC,1561873504662,2019-06-30T05:45:04.662Z,sell,1.72e-06,2545.0,0.0043774
SNM/BTC,1561873509400,2019-06-30T05:45:09.400Z,sell,1.72e-06,1907.0,0.00328004
SNM/BTC,1561873521371,2019-06-30T05:45:21.371Z,sell,1.72e-06,8425.0,0.014491
SNM/BTC,1561873534058,2019-06-30T05:45:34.058Z,sell,1.72e-06,12698.0,0.02184056
SNM/BTC,1561873563190,2019-06-30T05:46:03.190Z,buy,1.72e-06,44686.0,0.07685992
SNM/BTC,1561874269234,2019-06-30T05:57:49.234Z,sell,1.72e-06,143547.0,0.24690084
SNM/BTC,1561874269234,2019-06-30T05:57:49.234Z,sell,1.72e-06,143547.0,0.24690084
SNM/BTC,1561874451713,2019-06-30T06:00:51.713Z,sell,1.72e-06,882.0,0.00151704
SNM/BTC,1561874499673,2019-06-30T06:01:39.673Z,sell,1.72e-06,790.0,0.0013588
SNM/BTC,1561874513637,2019-06-30T06:01:53.637Z,sell,1.71e-06,28353.0,0.04848363
SNM/BTC,1561874513844,2019-06-30T06:01:53.844Z,sell,1.71e-06,1034.0,0.0017681399999999
SNM/BTC,1561874678592,2019-06-30T06:04:38.592Z,sell,1.71e-06,2500.0,0.004275
SNM/BTC,1561875256947,2019-06-30T06:14:16.947Z,buy,1.72e-06,42145.0,0.0724894
SNM/BTC,1561875314350,2019-06-30T06:15:14.350Z,sell,1.72e-06,2114.0,0.00363608
SNM/BTC,1561875336444,2019-06-30T06:15:36.444Z,sell,1.72e-06,589.0,0.00101308
SNM/BTC,1561875901522,2019-06-30T06:25:01.522Z,buy,1.73e-06,122922.0,0.21265506
SNM/BTC,1561875914481,2019-06-30T06:25:14.481Z,buy,1.74e-06,131412.0,0.22865688
SNM/BTC,1561875940908,2019-06-30T06:25:40.908Z,buy,1.75e-06,7071.0,0.01237425
SNM/BTC,1561875953126,2019-06-30T06:25:53.126Z,sell,1.74e-06,1461.0,0.00254214
SNM/BTC,1561875965876,2019-06-30T06:26:05.876Z,sell,1.74e-06,4899.0,0.00852426
SNM/BTC,1561876023877,2019-06-30T06:27:03.877Z,sell,1.74e-06,6159.0,0.01071666
SNM/BTC,1561876556294,2019-06-30T06:35:56.294Z,buy,1.75e-06,202956.0,0.355173
SNM/BTC,1561876557898,2019-06-30T06:35:57.898Z,sell,1.75e-06,633.0,0.00110775
SNM/BTC,1561876557902,2019-06-30T06:35:57.902Z,sell,1.75e-06,2122.0,0.0037135
SNM/BTC,1561876602962,2019-06-30T06:36:42.962Z,sell,1.75e-06,1453.0,0.00254275
SNM/BTC,1561876687432,2019-06-30T06:38:07.432Z,sell,1.75e-06,790.0,0.0013825
SNM/BTC,1561876852401,2019-06-30T06:40:52.401Z,buy,1.76e-06,3742.0,0.00658592
SNM/BTC,1561877198149,2019-06-30T06:46:38.149Z,sell,1.75e-06,36444.0,0.063777
SNM/BTC,1561877215992,2019-06-30T06:46:55.992Z,sell,1.74e-06,5400.0,0.009396
SNM/BTC,1561877219140,2019-06-30T06:46:59.140Z,sell,1.74e-06,2865.0,0.0049851
SNM/BTC,1561877230925,2019-06-30T06:47:10.925Z,buy,1.75e-06,655.0,0.00114625
SNM/BTC,1561877326403,2019-06-30T06:48:46.403Z,sell,1.74e-06,74323.0,0.12932202
SNM/BTC,1561877341593,2019-06-30T06:49:01.593Z,sell,1.75e-06,11424.0,0.019992
SNM/BTC,1561877536998,2019-06-30T06:52:16.998Z,sell,1.74e-06,7063.0,0.01228962
SNM/BTC,1561877536998,2019-06-30T06:52:16.998Z,sell,1.74e-06,7063.0,0.01228962
SNM/BTC,1561878016140,2019-06-30T07:00:16.140Z,buy,1.76e-06,17118.0,0.03012768
SNM/BTC,1561878560560,2019-06-30T07:09:20.560Z,buy,1.76e-06,1667.0,0.00293392
SNM/BTC,1561878668079,2019-06-30T07:11:08.079Z,sell,1.75e-06,688.0,0.001204
SNM/BTC,1561878735303,2019-06-30T07:12:15.303Z,sell,1.75e-06,8391.0,0.01468425
SNM/BTC,1561878738289,2019-06-30T07:12:18.289Z,sell,1.75e-06,4007.0,0.00701225
SNM/BTC,1561879250162,2019-06-30T07:20:50.162Z,sell,1.75e-06,1702.0,0.0029785
SNM/BTC,1561879302215,2019-06-30T07:21:42.215Z,sell,1.75e-06,3540.0,0.006195
SNM/BTC,1561879325788,2019-06-30T07:22:05.788Z,sell,1.74e-06,1937.0,0.00337038
SNM/BTC,1561880458714,2019-06-30T07:40:58.714Z,sell,1.74e-06,13157.0,0.02289318
SNM/BTC,1561880500590,2019-06-30T07:41:40.590Z,sell,1.75e-06,26127.0,0.04572225
SNM/BTC,1561880503974,2019-06-30T07:41:43.974Z,buy,1.76e-06,2563.0,0.00451088
SNM/BTC,1561880657572,2019-06-30T07:44:17.572Z,sell,1.75e-06,4781.0,0.00836675
SNM/BTC,1561880658390,2019-06-30T07:44:18.390Z,sell,1.75e-06,4781.0,0.00836675
SNM/BTC,1561880658871,2019-06-30T07:44:18.871Z,sell,1.75e-06,1827.0,0.00319725
SNM/BTC,1561880658871,2019-06-30T07:44:18.871Z,sell,1.74e-06,2954.0,0.00513996
SNM/BTC,1561880659192,2019-06-30T07:44:19.192Z,sell,1.74e-06,4781.0,0.00831894
SNM/BTC,1561880659817,2019-06-30T07:44:19.817Z,sell,1.74e-06,4781.0,0.00831894
SNM/BTC,1561880660339,2019-06-30T07:44:20.339Z,sell,1.74e-06,4781.0,0.00831894
SNM/BTC,1561880675918,2019-06-30T07:44:35.918Z,sell,1.74e-06,1385.0,0.0024099
SNM/BTC,1561880828340,2019-06-30T07:47:08.340Z,buy,1.75e-06,2677.0,0.00468475
SNM/BTC,1561880866427,2019-06-30T07:47:46.427Z,sell,1.74e-06,309910.0,0.5392434
SNM/BTC,1561880871697,2019-06-30T07:47:51.697Z,sell,1.74e-06,1532.0,0.00266568
SNM/BTC,1561880941744,2019-06-30T07:49:01.744Z,sell,1.74e-06,2808.0,0.00488592
SNM/BTC,1561880949274,2019-06-30T07:49:09.274Z,sell,1.74e-06,19680.0,0.0342432
SNM/BTC,1561880951301,2019-06-30T07:49:11.301Z,sell,1.73e-06,4485.0,0.00775905
SNM/BTC,1561880976137,2019-06-30T07:49:36.137Z,buy,1.74e-06,177.0,0.00030798
SNM/BTC,1561880983621,2019-06-30T07:49:43.621Z,sell,1.73e-06,5379.0,0.00930567
SNM/BTC,1561880983670,2019-06-30T07:49:43.670Z,buy,1.73e-06,882.0,0.00152586
SNM/BTC,1561880983672,2019-06-30T07:49:43.672Z,buy,1.73e-06,882.0,0.00152586
SNM/BTC,1561880983675,2019-06-30T07:49:43.675Z,buy,1.73e-06,1883.0,0.00325759
SNM/BTC,1561880983678,2019-06-30T07:49:43.678Z,buy,1.73e-06,1382.0,0.00239086
SNM/BTC,1561881077065,2019-06-30T07:51:17.065Z,buy,1.73e-06,1481.0,0.00256213
SNM/BTC,1561881106069,2019-06-30T07:51:46.069Z,buy,1.74e-06,635.0,0.0011049
SNM/BTC,1561881106069,2019-06-30T07:51:46.069Z,buy,1.74e-06,635.0,0.0011049
SNM/BTC,1561881151411,2019-06-30T07:52:31.411Z,sell,1.73e-06,4149.0,0.00717777
SNM/BTC,1561881171120,2019-06-30T07:52:51.120Z,sell,1.73e-06,2150.0,0.0037194999999999
SNM/BTC,1561881180644,2019-06-30T07:53:00.644Z,sell,1.73e-06,13652.0,0.02361796
SNM/BTC,1561881206274,2019-06-30T07:53:26.274Z,sell,1.72e-06,3449.0,0.00593228
SNM/BTC,1561881424312,2019-06-30T07:57:04.312Z,buy,1.74e-06,1309.0,0.00227766
SNM/BTC,1561881436848,2019-06-30T07:57:16.848Z,buy,1.75e-06,2857.0,0.00499975
SNM/BTC,1561881644602,2019-06-30T08:00:44.602Z,buy,1.75e-06,4307.0,0.00753725
SNM/BTC,1561881698678,2019-06-30T08:01:38.678Z,sell,1.74e-06,25629.0,0.04459446
SNM/BTC,1561881699153,2019-06-30T08:01:39.153Z,sell,1.74e-06,1153.0,0.00200622
SNM/BTC,1561883358264,2019-06-30T08:29:18.264Z,buy,1.74e-06,4570.0,0.0079518
SNM/BTC,1561883371642,2019-06-30T08:29:31.642Z,buy,1.75e-06,9653.0,0.0168927499999999
SNM/BTC,1561883395987,2019-06-30T08:29:55.987Z,sell,1.75e-06,1150.0,0.0020125
SNM/BTC,1561883401764,2019-06-30T08:30:01.764Z,sell,1.75e-06,1050.0,0.0018375
SNM/BTC,1561883403904,2019-06-30T08:30:03.904Z,buy,1.76e-06,9155.0,0.0161128
SNM/BTC,1561883478621,2019-06-30T08:31:18.621Z,sell,1.75e-06,8910.0,0.0155925
SNM/BTC,1561883952042,2019-06-30T08:39:12.042Z,sell,1.73e-06,11840.0,0.0204832
SNM/BTC,1561884396044,2019-06-30T08:46:36.044Z,sell,1.73e-06,742.0,0.00128366
SNM/BTC,1561884504013,2019-06-30T08:48:24.013Z,buy,1.75e-06,6103.0,0.01068025
SNM/BTC,1561884504014,2019-06-30T08:48:24.014Z,buy,1.75e-06,6503.0,0.01138025
SNM/BTC,1561884504025,2019-06-30T08:48:24.025Z,buy,1.75e-06,1279.0,0.00223825
SNM/BTC,1561884504025,2019-06-30T08:48:24.025Z,buy,1.75e-06,1279.0,0.00223825
SNM/BTC,1561885386199,2019-06-30T09:03:06.199Z,sell,1.74e-06,7637.0,0.01328838
SNM/BTC,1561885403906,2019-06-30T09:03:23.906Z,sell,1.74e-06,9.0,1.566e-05
SNM/BTC,1561885416336,2019-06-30T09:03:36.336Z,buy,1.74e-06,1270.0,0.0022098
SNM/BTC,1561885454432,2019-06-30T09:04:14.432Z,sell,1.74e-06,10688.0,0.01859712
SNM/BTC,1561885582695,2019-06-30T09:06:22.695Z,sell,1.74e-06,630.0,0.0010962
SNM/BTC,1561885793696,2019-06-30T09:09:53.696Z,sell,1.74e-06,12158.0,0.02115492
SNM/BTC,1561886057737,2019-06-30T09:14:17.737Z,buy,1.75e-06,4583.0,0.00802025
SNM/BTC,1561886057737,2019-06-30T09:14:17.737Z,buy,1.76e-06,7217.0,0.01270192
SNM/BTC,1561886057737,2019-06-30T09:14:17.737Z,buy,1.76e-06,5592.0,0.00984192
SNM/BTC,1561886057754,2019-06-30T09:14:17.754Z,buy,1.76e-06,949.0,0.00167024
SNM/BTC,1561886195969,2019-06-30T09:16:35.969Z,sell,1.75e-06,2143.0,0.00375025
SNM/BTC,1561886235882,2019-06-30T09:17:15.882Z,buy,1.75e-06,12026.0,0.0210454999999999
SNM/BTC,1561886306441,2019-06-30T09:18:26.441Z,buy,1.75e-06,2512.0,0.004396
SNM/BTC,1561886316061,2019-06-30T09:18:36.061Z,sell,1.74e-06,3836.0,0.00667464
SNM/BTC,1561886316062,2019-06-30T09:18:36.062Z,sell,1.74e-06,3.0,5.22e-06
SNM/BTC,1561886316072,2019-06-30T09:18:36.072Z,sell,1.73e-06,3856.0,0.00667088
SNM/BTC,1561886317390,2019-06-30T09:18:37.390Z,buy,1.74e-06,637.0,0.00110838
SNM/BTC,1561886320165,2019-06-30T09:18:40.165Z,sell,1.73e-06,3836.0,0.00663628
SNM/BTC,1561886413320,2019-06-30T09:20:13.320Z,sell,1.74e-06,16201.0,0.02818974
SNM/BTC,1561886414757,2019-06-30T09:20:14.757Z,buy,1.74e-06,7153.0,0.01244622
SNM/BTC,1561886839408,2019-06-30T09:27:19.408Z,buy,1.75e-06,2924.0,0.005117
SNM/BTC,1561886840108,2019-06-30T09:27:20.108Z,buy,1.75e-06,1423.0,0.00249025
SNM/BTC,1561886843196,2019-06-30T09:27:23.196Z,buy,1.75e-06,2980.0,0.005215
SNM/BTC,1561886843719,2019-06-30T09:27:23.719Z,buy,1.75e-06,204.0,0.000357
SNM/BTC,1561886993958,2019-06-30T09:29:53.958Z,sell,1.75e-06,3315.0,0.00580125
SNM/BTC,1561886994425,2019-06-30T09:29:54.425Z,buy,1.76e-06,857.0,0.00150832
SNM/BTC,1561887059278,2019-06-30T09:30:59.278Z,sell,1.75e-06,2399.0,0.00419825
SNM/BTC,1561887633967,2019-06-30T09:40:33.967Z,sell,1.74e-06,3227.0,0.00561498
SNM/BTC,1561887641142,2019-06-30T09:40:41.142Z,buy,1.74e-06,847.0,0.00147378
SNM/BTC,1561887722179,2019-06-30T09:42:02.179Z,buy,1.75e-06,11040.0,0.01932
SNM/BTC,1561887722179,2019-06-30T09:42:02.179Z,buy,1.75e-06,11040.0,0.01932
SNM/BTC,1561888291827,2019-06-30T09:51:31.827Z,buy,1.75e-06,9863.0,0.01726025
SNM/BTC,1561888391323,2019-06-30T09:53:11.323Z,sell,1.75e-06,1147.0,0.00200725
SNM/BTC,1561888559107,2019-06-30T09:55:59.107Z,sell,1.75e-06,27878.0,0.0487865
SNM/BTC,1561888941912,2019-06-30T10:02:21.912Z,sell,1.75e-06,8885.0,0.01554875
SNM/BTC,1561889150836,2019-06-30T10:05:50.836Z,buy,1.75e-06,578.0,0.0010115
SNM/BTC,1561889616127,2019-06-30T10:13:36.127Z,buy,1.75e-06,1474.0,0.0025794999999999
SNM/BTC,1561889648910,2019-06-30T10:14:08.910Z,buy,1.75e-06,27283.0,0.0477452499999999
SNM/BTC,1561889671121,2019-06-30T10:14:31.121Z,buy,1.75e-06,1249.0,0.0021857499999999
SNM/BTC,1561889672757,2019-06-30T10:14:32.757Z,sell,1.75e-06,1613.0,0.00282275
SNM/BTC,1561889672757,2019-06-30T10:14:32.757Z,sell,1.74e-06,2315.0,0.0040281
SNM/BTC,1561889672757,2019-06-30T10:14:32.757Z,sell,1.73e-06,23494.0,0.04064462
SNM/BTC,1561889689072,2019-06-30T10:14:49.072Z,buy,1.75e-06,2315.0,0.00405125
SNM/BTC,1561889843044,2019-06-30T10:17:23.044Z,buy,1.76e-06,43042.0,0.07575392
SNM/BTC,1561889945800,2019-06-30T10:19:05.800Z,buy,1.75e-06,615.0,0.00107625
SNM/BTC,1561890170672,2019-06-30T10:22:50.672Z,buy,1.75e-06,2143.0,0.00375025
SNM/BTC,1561890352119,2019-06-30T10:25:52.119Z,buy,1.75e-06,2598.0,0.0045465
SNM/BTC,1561890352451,2019-06-30T10:25:52.451Z,buy,1.75e-06,54.0,9.45e-05
SNM/BTC,1561890356630,2019-06-30T10:25:56.630Z,sell,1.75e-06,31034.0,0.0543095
SNM/BTC,1561890477730,2019-06-30T10:27:57.730Z,sell,1.75e-06,5044.0,0.008827
SNM/BTC,1561890477730,2019-06-30T10:27:57.730Z,sell,1.74e-06,31834.0,0.05539116
SNM/BTC,1561890477730,2019-06-30T10:27:57.730Z,sell,1.73e-06,51075.0,0.08835975
SNM/BTC,1561890477730,2019-06-30T10:27:57.730Z,sell,1.72e-06,185188.0,0.31852336
SNM/BTC,1561890485507,2019-06-30T10:28:05.507Z,sell,1.74e-06,5597.0,0.00973878
SNM/BTC,1561890554700,2019-06-30T10:29:14.700Z,buy,1.75e-06,2857.0,0.00499975
SNM/BTC,1561890590535,2019-06-30T10:29:50.535Z,buy,1.75e-06,1715.0,0.00300125
SNM/BTC,1561890596826,2019-06-30T10:29:56.826Z,sell,1.74e-06,4838.0,0.00841812
SNM/BTC,1561890597591,2019-06-30T10:29:57.591Z,sell,1.74e-06,4838.0,0.00841812
SNM/BTC,1561890597956,2019-06-30T10:29:57.956Z,sell,1.74e-06,1012.0,0.00176088
SNM/BTC,1561890618293,2019-06-30T10:30:18.293Z,buy,1.74e-06,1732.0,0.00301368
SNM/BTC,1561890677308,2019-06-30T10:31:17.308Z,sell,1.73e-06,1873.0,0.00324029
SNM/BTC,1561890694638,2019-06-30T10:31:34.638Z,buy,1.74e-06,2304.0,0.00400896
SNM/BTC,1561890694675,2019-06-30T10:31:34.675Z,sell,1.74e-06,718.0,0.00124932
SNM/BTC,1561890694706,2019-06-30T10:31:34.706Z,sell,1.74e-06,3948.0,0.00686952
SNM/BTC,1561890714178,2019-06-30T10:31:54.178Z,buy,1.75e-06,41742.0,0.0730485
SNM/BTC,1561890791392,2019-06-30T10:33:11.392Z,buy,1.75e-06,4307.0,0.00753725
SNM/BTC,1561890972788,2019-06-30T10:36:12.788Z,buy,1.75e-06,183.0,0.00032025
SNM/BTC,1561890998822,2019-06-30T10:36:38.822Z,buy,1.75e-06,950.0,0.0016625
SNM/BTC,1561891071667,2019-06-30T10:37:51.667Z,buy,1.75e-06,160.0,0.00028
SNM/BTC,1561891188716,2019-06-30T10:39:48.716Z,sell,1.74e-06,1953.0,0.00339822
SNM/BTC,1561891199368,2019-06-30T10:39:59.368Z,buy,1.75e-06,100024.0,0.175042
SNM/BTC,1561891199368,2019-06-30T10:39:59.368Z,buy,1.75e-06,100024.0,0.175042
SNM/BTC,1561891919863,2019-06-30T10:51:59.863Z,buy,1.75e-06,190.0,0.0003325
SNM/BTC,1561891927056,2019-06-30T10:52:07.056Z,buy,1.75e-06,161.0,0.00028175
SNM/BTC,1561892217177,2019-06-30T10:56:57.177Z,buy,1.75e-06,189.0,0.00033075
SNM/BTC,1561892500529,2019-06-30T11:01:40.529Z,buy,1.75e-06,5261.0,0.00920675
SNM/BTC,1561892605403,2019-06-30T11:03:25.403Z,sell,1.74e-06,44343.0,0.07715682
SNM/BTC,1561892732824,2019-06-30T11:05:32.824Z,sell,1.73e-06,22922.0,0.03965506
SNM/BTC,1561892732824,2019-06-30T11:05:32.824Z,sell,1.72e-06,753.0,0.00129516
SNM/BTC,1561892740429,2019-06-30T11:05:40.429Z,buy,1.73e-06,753.0,0.00130269
SNM/BTC,1561892740429,2019-06-30T11:05:40.429Z,buy,1.74e-06,119.0,0.00020706
SNM/BTC,1561892748110,2019-06-30T11:05:48.110Z,buy,1.74e-06,818.0,0.00142332
SNM/BTC,1561892842003,2019-06-30T11:07:22.003Z,buy,1.74e-06,633.0,0.00110142
SNM/BTC,1561893026987,2019-06-30T11:10:26.987Z,sell,1.73e-06,639.0,0.0011054699999999
SNM/BTC,1561893251700,2019-06-30T11:14:11.700Z,buy,1.74e-06,7794.0,0.01356156
SNM/BTC,1561893282823,2019-06-30T11:14:42.823Z,sell,1.73e-06,2387.0,0.00412951
SNM/BTC,1561893282823,2019-06-30T11:14:42.823Z,sell,1.72e-06,16202.0,0.02786744
SNM/BTC,1561893291780,2019-06-30T11:14:51.780Z,buy,1.74e-06,872.0,0.00151728
SNM/BTC,1561893301189,2019-06-30T11:15:01.189Z,buy,1.74e-06,3347.0,0.00582378
SNM/BTC,1561893332076,2019-06-30T11:15:32.076Z,sell,1.73e-06,617.0,0.00106741
SNM/BTC,1561893337702,2019-06-30T11:15:37.702Z,sell,1.73e-06,2500.0,0.004325
SNM/BTC,1561893730775,2019-06-30T11:22:10.775Z,buy,1.74e-06,6016.0,0.01046784
SNM/BTC,1561893890879,2019-06-30T11:24:50.879Z,sell,1.73e-06,26190.0,0.0453087
SNM/BTC,1561893890919,2019-06-30T11:24:50.919Z,buy,1.73e-06,5780.0,0.0099994
SNM/BTC,1561893890923,2019-06-30T11:24:50.923Z,buy,1.73e-06,1964.0,0.00339772
SNM/BTC,1561893890930,2019-06-30T11:24:50.930Z,buy,1.73e-06,5861.0,0.0101395299999999
SNM/BTC,1561893891241,2019-06-30T11:24:51.241Z,buy,1.73e-06,215.0,0.00037195
SNM/BTC,1561894004235,2019-06-30T11:26:44.235Z,buy,1.74e-06,33017.0,0.05744958
SNM/BTC,1561894039309,2019-06-30T11:27:19.309Z,buy,1.74e-06,742.0,0.00129108
SNM/BTC,1561894324611,2019-06-30T11:32:04.611Z,buy,1.74e-06,1222.0,0.00212628
SNM/BTC,1561894405902,2019-06-30T11:33:25.902Z,sell,1.73e-06,2638.0,0.00456374
SNM/BTC,1561894607980,2019-06-30T11:36:47.980Z,buy,1.73e-06,3142.0,0.00543566
SNM/BTC,1561894731456,2019-06-30T11:38:51.456Z,sell,1.73e-06,12040.0,0.0208292
SNM/BTC,1561894731456,2019-06-30T11:38:51.456Z,sell,1.73e-06,12040.0,0.0208292
SNM/BTC,1561895294565,2019-06-30T11:48:14.565Z,sell,1.73e-06,2091.0,0.00361743
SNM/BTC,1561895294565,2019-06-30T11:48:14.565Z,sell,1.72e-06,4689.0,0.00806508
SNM/BTC,1561895429211,2019-06-30T11:50:29.211Z,sell,1.73e-06,3407.0,0.00589411
SNM/BTC,1561895434514,2019-06-30T11:50:34.514Z,sell,1.73e-06,831.0,0.0014376299999999
SNM/BTC,1561895589638,2019-06-30T11:53:09.638Z,sell,1.72e-06,1686.0,0.00289992
SNM/BTC,1561895638734,2019-06-30T11:53:58.734Z,sell,1.73e-06,16499.0,0.02854327
SNM/BTC,1561895638757,2019-06-30T11:53:58.757Z,buy,1.73e-06,3534.0,0.00611382
SNM/BTC,1561895638778,2019-06-30T11:53:58.778Z,buy,1.73e-06,3534.0,0.00611382
SNM/BTC,1561895638836,2019-06-30T11:53:58.836Z,buy,1.73e-06,3800.0,0.006574
SNM/BTC,1561895638843,2019-06-30T11:53:58.843Z,buy,1.73e-06,3800.0,0.006574
SNM/BTC,1561895638863,2019-06-30T11:53:58.863Z,buy,1.73e-06,3800.0,0.006574
SNM/BTC,1561895638872,2019-06-30T11:53:58.872Z,buy,1.73e-06,3798.0,0.00657054
SNM/BTC,1561895639563,2019-06-30T11:53:59.563Z,buy,1.73e-06,3857.0,0.00667261
SNM/BTC,1561895639959,2019-06-30T11:53:59.959Z,buy,1.73e-06,1014.0,0.00175422
SNM/BTC,1561895843857,2019-06-30T11:57:23.857Z,sell,1.72e-06,910.0,0.0015652
SNM/BTC,1561895869735,2019-06-30T11:57:49.735Z,sell,1.72e-06,2746.0,0.00472312
SNM/BTC,1561895870027,2019-06-30T11:57:50.027Z,sell,1.72e-06,2723.0,0.00468356
SNM/BTC,1561895870462,2019-06-30T11:57:50.462Z,sell,1.72e-06,2745.0,0.0047214
SNM/BTC,1561895870803,2019-06-30T11:57:50.803Z,sell,1.72e-06,2749.0,0.00472828
SNM/BTC,1561895898269,2019-06-30T11:58:18.269Z,sell,1.72e-06,3169.0,0.00545068
SNM/BTC,1561895991736,2019-06-30T11:59:51.736Z,sell,1.73e-06,689.0,0.0011919699999999
SNM/BTC,1561896330735,2019-06-30T12:05:30.735Z,buy,1.74e-06,862.0,0.00149988
SNM/BTC,1561896522728,2019-06-30T12:08:42.728Z,buy,1.74e-06,1033.0,0.00179742
SNM/BTC,1561896987648,2019-06-30T12:16:27.648Z,sell,1.72e-06,828.0,0.00142416
SNM/BTC,1561897016654,2019-06-30T12:16:56.654Z,sell,1.72e-06,10688.0,0.01838336
SNM/BTC,1561897256180,2019-06-30T12:20:56.180Z,sell,1.73e-06,636.0,0.00110028
SNM/BTC,1561897324601,2019-06-30T12:22:04.601Z,buy,1.74e-06,651.0,0.00113274
SNM/BTC,1561897362266,2019-06-30T12:22:42.266Z,sell,1.72e-06,902.0,0.00155144
SNM/BTC,1561897576788,2019-06-30T12:26:16.788Z,sell,1.72e-06,6010.0,0.0103372
SNM/BTC,1561897576788,2019-06-30T12:26:16.788Z,sell,1.72e-06,6010.0,0.0103372
SNM/BTC,1561898456385,2019-06-30T12:40:56.385Z,sell,1.73e-06,689.0,0.0011919699999999
SNM/BTC,1561898550077,2019-06-30T12:42:30.077Z,sell,1.72e-06,5009.0,0.00861548
SNM/BTC,1561898601496,2019-06-30T12:43:21.496Z,sell,1.72e-06,47725.0,0.082087
SNM/BTC,1561898672096,2019-06-30T12:44:32.096Z,buy,1.73e-06,7728.0,0.01336944
SNM/BTC,1561898727252,2019-06-30T12:45:27.252Z,buy,1.74e-06,100703.0,0.17522322
SNM/BTC,1561898924869,2019-06-30T12:48:44.869Z,sell,1.74e-06,5276.0,0.00918024
SNM/BTC,1561898925182,2019-06-30T12:48:45.182Z,sell,1.74e-06,338.0,0.00058812
SNM/BTC,1561899192016,2019-06-30T12:53:12.016Z,sell,1.73e-06,1180.0,0.0020414
SNM/BTC,1561899793647,2019-06-30T13:03:13.647Z,sell,1.73e-06,1455.0,0.00251715
SNM/BTC,1561900027841,2019-06-30T13:07:07.841Z,sell,1.73e-06,1805.0,0.00312265
SNM/BTC,1561900082347,2019-06-30T13:08:02.347Z,sell,1.73e-06,507.0,0.00087711
SNM/BTC,1561900082347,2019-06-30T13:08:02.347Z,sell,1.72e-06,132464.0,0.22783808
SNM/BTC,1561900085928,2019-06-30T13:08:05.928Z,buy,1.73e-06,194.0,0.00033562
SNM/BTC,1561900153139,2019-06-30T13:09:13.139Z,buy,1.73e-06,1780.0,0.0030794
SNM/BTC,1561900270499,2019-06-30T13:11:10.499Z,buy,1.74e-06,17241.0,0.02999934
SNM/BTC,1561900588642,2019-06-30T13:16:28.642Z,sell,1.73e-06,18977.0,0.03283021
SNM/BTC,1561900594175,2019-06-30T13:16:34.175Z,sell,1.73e-06,732.0,0.00126636
SNM/BTC,1561900594175,2019-06-30T13:16:34.175Z,sell,1.72e-06,28294.0,0.04866568
SNM/BTC,1561900858445,2019-06-30T13:20:58.445Z,buy,1.74e-06,872.0,0.00151728
SNM/BTC,1561900936352,2019-06-30T13:22:16.352Z,buy,1.74e-06,3469.0,0.00603606
SNM/BTC,1561900936352,2019-06-30T13:22:16.352Z,buy,1.74e-06,3469.0,0.00603606
SNM/BTC,1561901386960,2019-06-30T13:29:46.960Z,sell,1.73e-06,8344.0,0.01443512
SNM/BTC,1561901386967,2019-06-30T13:29:46.967Z,sell,1.73e-06,3071.0,0.00531283
SNM/BTC,1561901466083,2019-06-30T13:31:06.083Z,sell,1.73e-06,5000.0,0.00865
SNM/BTC,1561901498326,2019-06-30T13:31:38.326Z,sell,1.73e-06,926.0,0.00160198
SNM/BTC,1561901498326,2019-06-30T13:31:38.326Z,sell,1.72e-06,1574.0,0.00270728
SNM/BTC,1561901757850,2019-06-30T13:35:57.850Z,sell,1.73e-06,8200.0,0.0141859999999999
SNM/BTC,1561901757850,2019-06-30T13:35:57.850Z,sell,1.72e-06,42042.0,0.07231224
SNM/BTC,1561902159201,2019-06-30T13:42:39.201Z,sell,1.73e-06,61243.0,0.1059503899999999
SNM/BTC,1561902159279,2019-06-30T13:42:39.279Z,buy,1.73e-06,1204.0,0.00208292
SNM/BTC,1561902159307,2019-06-30T13:42:39.307Z,buy,1.73e-06,2038.0,0.00352574
SNM/BTC,1561902172564,2019-06-30T13:42:52.564Z,buy,1.73e-06,13199.0,0.02283427
SNM/BTC,1561902173541,2019-06-30T13:42:53.541Z,buy,1.73e-06,1800.0,0.003114
SNM/BTC,1561902176473,2019-06-30T13:42:56.473Z,buy,1.73e-06,11213.0,0.01939849
SNM/BTC,1561902253792,2019-06-30T13:44:13.792Z,buy,1.73e-06,86596.0,0.1498110799999999
SNM/BTC,1561902575033,2019-06-30T13:49:35.033Z,buy,1.74e-06,3505.0,0.0060987
SNM/BTC,1561902575493,2019-06-30T13:49:35.493Z,buy,1.74e-06,3259.0,0.00567066
SNM/BTC,1561902576241,2019-06-30T13:49:36.241Z,buy,1.74e-06,3174.0,0.00552276
SNM/BTC,1561902576561,2019-06-30T13:49:36.561Z,buy,1.74e-06,3391.0,0.00590034
SNM/BTC,1561902576892,2019-06-30T13:49:36.892Z,buy,1.74e-06,773.0,0.00134502
SNM/BTC,1561902636472,2019-06-30T13:50:36.472Z,buy,1.74e-06,1390.0,0.0024186
SNM/BTC,1561902683629,2019-06-30T13:51:23.629Z,buy,1.74e-06,691.0,0.00120234
SNM/BTC,1561902750716,2019-06-30T13:52:30.716Z,sell,1.73e-06,3393.0,0.00586989
SNM/BTC,1561902755239,2019-06-30T13:52:35.239Z,sell,1.73e-06,138750.0,0.2400375
SNM/BTC,1561902755286,2019-06-30T13:52:35.286Z,buy,1.73e-06,1250.0,0.0021625
SNM/BTC,1561902804741,2019-06-30T13:53:24.741Z,buy,1.74e-06,2621.0,0.00456054
SNM/BTC,1561902804741,2019-06-30T13:53:24.741Z,buy,1.75e-06,69984.0,0.122472
SNM/BTC,1561902805261,2019-06-30T13:53:25.261Z,sell,1.75e-06,4701.0,0.00822675
SNM/BTC,1561902805330,2019-06-30T13:53:25.330Z,sell,1.75e-06,1250.0,0.0021874999999999
SNM/BTC,1561902810237,2019-06-30T13:53:30.237Z,sell,1.75e-06,1031.0,0.00180425
SNM/BTC,1561902838808,2019-06-30T13:53:58.808Z,sell,1.75e-06,18544.0,0.032452
SNM/BTC,1561902849665,2019-06-30T13:54:09.665Z,buy,1.75e-06,709.0,0.0012407499999999
SNM/BTC,1561902849665,2019-06-30T13:54:09.665Z,buy,1.76e-06,952.0,0.00167552
SNM/BTC,1561902852316,2019-06-30T13:54:12.316Z,buy,1.76e-06,612.0,0.00107712
SNM/BTC,1561902964911,2019-06-30T13:56:04.911Z,buy,1.76e-06,681.0,0.00119856
SNM/BTC,1561903155068,2019-06-30T13:59:15.068Z,buy,1.76e-06,7491.0,0.01318416
SNM/BTC,1561903272945,2019-06-30T14:01:12.945Z,sell,1.75e-06,1165.0,0.0020387499999999
SNM/BTC,1561903303204,2019-06-30T14:01:43.204Z,sell,1.75e-06,11464.0,0.020062
SNM/BTC,1561903354861,2019-06-30T14:02:34.861Z,buy,1.75e-06,56295.0,0.09851625
SNM/BTC,1561903354861,2019-06-30T14:02:34.861Z,buy,1.76e-06,185116.0,0.32580416
SNM/BTC,1561903355270,2019-06-30T14:02:35.270Z,sell,1.76e-06,8964.0,0.01577664
SNM/BTC,1561903360187,2019-06-30T14:02:40.187Z,sell,1.76e-06,13988.0,0.02461888
SNM/BTC,1561903361507,2019-06-30T14:02:41.507Z,sell,1.76e-06,584.0,0.00102784
SNM/BTC,1561903378786,2019-06-30T14:02:58.786Z,sell,1.76e-06,24336.0,0.04283136
SNM/BTC,1561903393578,2019-06-30T14:03:13.578Z,buy,1.76e-06,10445.0,0.0183832
SNM/BTC,1561903783231,2019-06-30T14:09:43.231Z,buy,1.76e-06,571.0,0.00100496
SNM/BTC,1561903783841,2019-06-30T14:09:43.841Z,buy,1.76e-06,1136.0,0.00199936
SNM/BTC,1561903890854,2019-06-30T14:11:30.854Z,buy,1.75e-06,653.0,0.0011427499999999
SNM/BTC,1561903915727,2019-06-30T14:11:55.727Z,sell,1.75e-06,2041.0,0.00357175
SNM/BTC,1561903955175,2019-06-30T14:12:35.175Z,sell,1.75e-06,1455.0,0.00254625
SNM/BTC,1561904008606,2019-06-30T14:13:28.606Z,sell,1.75e-06,16745.0,0.02930375
SNM/BTC,1561904159933,2019-06-30T14:15:59.933Z,sell,1.74e-06,3000.0,0.00522
SNM/BTC,1561904230825,2019-06-30T14:17:10.825Z,sell,1.74e-06,700.0,0.001218
SNM/BTC,1561904324731,2019-06-30T14:18:44.731Z,sell,1.74e-06,2555.0,0.0044457
SNM/BTC,1561904329688,2019-06-30T14:18:49.688Z,sell,1.74e-06,35080.0,0.0610392
SNM/BTC,1561904329688,2019-06-30T14:18:49.688Z,sell,1.74e-06,35080.0,0.0610392
SNM/BTC,1561904559211,2019-06-30T14:22:39.211Z,buy,1.74e-06,9720.0,0.0169128
SNM/BTC,1561904579419,2019-06-30T14:22:59.419Z,buy,1.75e-06,33670.0,0.0589224999999999
SNM/BTC,1561904624189,2019-06-30T14:23:44.189Z,sell,1.73e-06,24370.0,0.0421601
SNM/BTC,1561904645515,2019-06-30T14:24:05.515Z,sell,1.73e-06,681.0,0.0011781299999999
SNM/BTC,1561904902952,2019-06-30T14:28:22.952Z,sell,1.73e-06,13196.0,0.0228290799999999
SNM/BTC,1561904902952,2019-06-30T14:28:22.952Z,sell,1.72e-06,76365.0,0.1313478
SNM/BTC,1561905117218,2019-06-30T14:31:57.218Z,sell,1.72e-06,11493.0,0.01976796
SNM/BTC,1561905355657,2019-06-30T14:35:55.657Z,buy,1.74e-06,2662.0,0.00463188
SNM/BTC,1561905356445,2019-06-30T14:35:56.445Z,buy,1.74e-06,2662.0,0.00463188
SNM/BTC,1561905663377,2019-06-30T14:41:03.377Z,buy,1.74e-06,689.0,0.00119886
SNM/BTC,1561905670691,2019-06-30T14:41:10.691Z,sell,1.73e-06,4624.0,0.00799952
SNM/BTC,1561905826269,2019-06-30T14:43:46.269Z,sell,1.72e-06,1000.0,0.00172
SNM/BTC,1561906265585,2019-06-30T14:51:05.585Z,sell,1.73e-06,5009.0,0.00866557
SNM/BTC,1561906286394,2019-06-30T14:51:26.394Z,sell,1.73e-06,771.0,0.00133383
SNM/BTC,1561906287829,2019-06-30T14:51:27.829Z,buy,1.74e-06,838.0,0.00145812
SNM/BTC,1561906511931,2019-06-30T14:55:11.931Z,sell,1.73e-06,1534.0,0.00265382
SNM/BTC,1561906511931,2019-06-30T14:55:11.931Z,sell,1.72e-06,130968.0,0.22526496
SNM/BTC,1561906511957,2019-06-30T14:55:11.957Z,buy,1.72e-06,3094.0,0.00532168
SNM/BTC,1561906511966,2019-06-30T14:55:11.966Z,buy,1.72e-06,3398.0,0.00584456
SNM/BTC,1561906511971,2019-06-30T14:55:11.971Z,buy,1.72e-06,2540.0,0.0043688
SNM/BTC,1561906511986,2019-06-30T14:55:11.986Z,buy,1.72e-06,966.0,0.00166152
SNM/BTC,1561906512475,2019-06-30T14:55:12.475Z,buy,1.72e-06,1281.0,0.00220332
SNM/BTC,1561906523859,2019-06-30T14:55:23.859Z,buy,1.72e-06,1036.0,0.00178192
SNM/BTC,1561906552024,2019-06-30T14:55:52.024Z,sell,1.71e-06,144176.0,0.24654096
SNM/BTC,1561906566357,2019-06-30T14:56:06.357Z,sell,1.71e-06,5708.0,0.0097606799999999
SNM/BTC,1561906591024,2019-06-30T14:56:31.024Z,sell,1.71e-06,2346.0,0.00401166
SNM/BTC,1561906709746,2019-06-30T14:58:29.746Z,sell,1.72e-06,13620.0,0.0234264
SNM/BTC,1561906756812,2019-06-30T14:59:16.812Z,buy,1.72e-06,2906.0,0.00499832
SNM/BTC,1561906785937,2019-06-30T14:59:45.937Z,buy,1.72e-06,54656.0,0.09400832
SNM/BTC,1561906786234,2019-06-30T14:59:46.234Z,sell,1.72e-06,2868.0,0.00493296
SNM/BTC,1561906883616,2019-06-30T15:01:23.616Z,sell,1.72e-06,830.0,0.0014276
SNM/BTC,1561906967384,2019-06-30T15:02:47.384Z,sell,1.72e-06,24898.0,0.04282456
SNM/BTC,1561906983748,2019-06-30T15:03:03.748Z,sell,1.72e-06,2540.0,0.0043688
SNM/BTC,1561907155285,2019-06-30T15:05:55.285Z,sell,1.72e-06,7323.0,0.01259556
SNM/BTC,1561907176885,2019-06-30T15:06:16.885Z,buy,1.73e-06,919.0,0.00158987
SNM/BTC,1561907176891,2019-06-30T15:06:16.891Z,buy,1.73e-06,919.0,0.00158987
SNM/BTC,1561907258156,2019-06-30T15:07:38.156Z,buy,1.73e-06,1681.0,0.00290813
SNM/BTC,1561907463649,2019-06-30T15:11:03.649Z,buy,1.73e-06,870.0,0.0015050999999999
SNM/BTC,1561907670497,2019-06-30T15:14:30.497Z,buy,1.73e-06,18050.0,0.0312265
SNM/BTC,1561907789180,2019-06-30T15:16:29.180Z,sell,1.72e-06,4633.0,0.00796876
SNM/BTC,1561907789180,2019-06-30T15:16:29.180Z,sell,1.72e-06,4633.0,0.00796876
SNM/BTC,1561907982554,2019-06-30T15:19:42.554Z,sell,1.72e-06,2140.0,0.0036808
SNM/BTC,1561908069223,2019-06-30T15:21:09.223Z,buy,1.73e-06,22690.0,0.0392536999999999
SNM/BTC,1561908069223,2019-06-30T15:21:09.223Z,buy,1.74e-06,134022.0,0.23319828
SNM/BTC,1561908088178,2019-06-30T15:21:28.178Z,buy,1.74e-06,37986.0,0.06609564
SNM/BTC,1561908116386,2019-06-30T15:21:56.386Z,buy,1.75e-06,20000.0,0.0349999999999999
SNM/BTC,1561908116645,2019-06-30T15:21:56.645Z,buy,1.75e-06,44291.0,0.07750925
SNM/BTC,1561908116855,2019-06-30T15:21:56.855Z,buy,1.75e-06,857.0,0.00149975
SNM/BTC,1561908116967,2019-06-30T15:21:56.967Z,buy,1.75e-06,8552.0,0.014966
SNM/BTC,1561908120453,2019-06-30T15:22:00.453Z,buy,1.75e-06,92874.0,0.1625295
SNM/BTC,1561908124863,2019-06-30T15:22:04.863Z,sell,1.74e-06,693.0,0.00120582
SNM/BTC,1561908135489,2019-06-30T15:22:15.489Z,buy,1.75e-06,691.0,0.00120925
SNM/BTC,1561908220497,2019-06-30T15:23:40.497Z,buy,1.75e-06,650.0,0.0011375
SNM/BTC,1561908221640,2019-06-30T15:23:41.640Z,buy,1.75e-06,8552.0,0.014966
SNM/BTC,1561908635681,2019-06-30T15:30:35.681Z,sell,1.74e-06,866.0,0.00150684
SNM/BTC,1561909082253,2019-06-30T15:38:02.253Z,buy,1.74e-06,2312.0,0.00402288
SNM/BTC,1561909108336,2019-06-30T15:38:28.336Z,sell,1.74e-06,29793.0,0.05183982
SNM/BTC,1561909128323,2019-06-30T15:38:48.323Z,sell,1.73e-06,2747.0,0.00475231
SNM/BTC,1561909128350,2019-06-30T15:38:48.350Z,sell,1.73e-06,3262.0,0.00564326
SNM/BTC,1561909128412,2019-06-30T15:38:48.412Z,sell,1.73e-06,1413.0,0.00244449
SNM/BTC,1561909529255,2019-06-30T15:45:29.255Z,buy,1.74e-06,2298.0,0.00399852
SNM/BTC,1561909529817,2019-06-30T15:45:29.817Z,buy,1.74e-06,14.0,2.436e-05
SNM/BTC,1561909538622,2019-06-30T15:45:38.622Z,sell,1.74e-06,2284.0,0.00397416
SNM/BTC,1561909542594,2019-06-30T15:45:42.594Z,buy,1.74e-06,170.0,0.0002958
SNM/BTC,1561909564393,2019-06-30T15:46:04.393Z,sell,1.74e-06,2298.0,0.00399852
SNM/BTC,1561909576981,2019-06-30T15:46:16.981Z,buy,1.75e-06,1724.0,0.003017
SNM/BTC,1561909579951,2019-06-30T15:46:19.951Z,sell,1.74e-06,1894.0,0.00329556
SNM/BTC,1561910215919,2019-06-30T15:56:55.919Z,buy,1.75e-06,10475.0,0.01833125
SNM/BTC,1561910232678,2019-06-30T15:57:12.678Z,buy,1.75e-06,8894.0,0.0155645
SNM/BTC,1561910259370,2019-06-30T15:57:39.370Z,sell,1.75e-06,1127.0,0.00197225
SNM/BTC,1561910479010,2019-06-30T16:01:19.010Z,buy,1.76e-06,1705.0,0.0030008
SNM/BTC,1561910521409,2019-06-30T16:02:01.409Z,sell,1.75e-06,714.0,0.0012495
SNM/BTC,1561910879726,2019-06-30T16:07:59.726Z,buy,1.76e-06,63009.0,0.11089584
SNM/BTC,1561910920475,2019-06-30T16:08:40.475Z,buy,1.76e-06,3410.0,0.0060016
SNM/BTC,1561910947512,2019-06-30T16:09:07.512Z,sell,1.75e-06,2298.0,0.0040215
SNM/BTC,1561911021013,2019-06-30T16:10:21.013Z,sell,1.75e-06,10735.0,0.01878625
SNM/BTC,1561911048107,2019-06-30T16:10:48.107Z,sell,1.75e-06,589.0,0.00103075
SNM/BTC,1561911145462,2019-06-30T16:12:25.462Z,sell,1.75e-06,31473.0,0.05507775
SNM/BTC,1561911164750,2019-06-30T16:12:44.750Z,sell,1.75e-06,603.0,0.00105525
SNM/BTC,1561911360839,2019-06-30T16:16:00.839Z,sell,1.75e-06,685.0,0.00119875
SNM/BTC,1561911360839,2019-06-30T16:16:00.839Z,sell,1.75e-06,685.0,0.00119875
SNM/BTC,1561911439415,2019-06-30T16:17:19.415Z,sell,1.74e-06,2966.0,0.00516084
SNM/BTC,1561911557932,2019-06-30T16:19:17.932Z,sell,1.74e-06,3999.0,0.00695826
SNM/BTC,1561911668661,2019-06-30T16:21:08.661Z,buy,1.75e-06,12642.0,0.0221235
SNM/BTC,1561911691482,2019-06-30T16:21:31.482Z,buy,1.75e-06,9272.0,0.016226
SNM/BTC,1561911903093,2019-06-30T16:25:03.093Z,buy,1.75e-06,707.0,0.00123725
SNM/BTC,1561911973129,2019-06-30T16:26:13.129Z,buy,1.75e-06,698.0,0.0012215
SNM/BTC,1561912004819,2019-06-30T16:26:44.819Z,buy,1.75e-06,6974.0,0.0122045
SNM/BTC,1561912126325,2019-06-30T16:28:46.325Z,buy,1.76e-06,4127.0,0.00726352
SNM/BTC,1561912258958,2019-06-30T16:30:58.958Z,sell,1.74e-06,1325.0,0.0023055
SNM/BTC,1561912322439,2019-06-30T16:32:02.439Z,buy,1.75e-06,741.0,0.00129675
SNM/BTC,1561912418460,2019-06-30T16:33:38.460Z,buy,1.75e-06,584.0,0.001022
SNM/BTC,1561913306094,2019-06-30T16:48:26.094Z,sell,1.74e-06,56470.0,0.0982578
SNM/BTC,1561914112288,2019-06-30T17:01:52.288Z,sell,1.74e-06,765.0,0.0013311
SNM/BTC,1561914133732,2019-06-30T17:02:13.732Z,buy,1.75e-06,855.0,0.00149625
SNM/BTC,1561914154469,2019-06-30T17:02:34.469Z,sell,1.74e-06,11601.0,0.02018574
SNM/BTC,1561914204775,2019-06-30T17:03:24.775Z,sell,1.74e-06,2416.0,0.00420384
SNM/BTC,1561914452260,2019-06-30T17:07:32.260Z,sell,1.73e-06,12629.0,0.02184817
SNM/BTC,1561914489846,2019-06-30T17:08:09.846Z,buy,1.74e-06,2873.0,0.00499902
SNM/BTC,1561914701749,2019-06-30T17:11:41.749Z,buy,1.73e-06,4331.0,0.00749263
SNM/BTC,1561914702391,2019-06-30T17:11:42.391Z,buy,1.73e-06,6561.0,0.01135053
SNM/BTC,1561914702391,2019-06-30T17:11:42.391Z,buy,1.73e-06,6561.0,0.01135053
SNM/BTC,1561915372876,2019-06-30T17:22:52.876Z,sell,1.73e-06,7669.0,0.0132673699999999
SNM/BTC,1561915642609,2019-06-30T17:27:22.609Z,buy,1.74e-06,30792.0,0.05357808
SNM/BTC,1561915718724,2019-06-30T17:28:38.724Z,buy,1.74e-06,2660.0,0.0046284
SNM/BTC,1561915804488,2019-06-30T17:30:04.488Z,buy,1.75e-06,2084.0,0.003647
SNM/BTC,1561915831264,2019-06-30T17:30:31.264Z,buy,1.75e-06,3680.0,0.0064399999999999
SNM/BTC,1561915987763,2019-06-30T17:33:07.763Z,buy,1.75e-06,43674.0,0.0764295
SNM/BTC,1561916060876,2019-06-30T17:34:20.876Z,buy,1.75e-06,1715.0,0.00300125
SNM/BTC,1561916443354,2019-06-30T17:40:43.354Z,buy,1.75e-06,8054.0,0.0140945
SNM/BTC,1561916471859,2019-06-30T17:41:11.859Z,buy,1.76e-06,3462.0,0.00609312
SNM/BTC,1561916573317,2019-06-30T17:42:53.317Z,sell,1.74e-06,8937.0,0.01555038
SNM/BTC,1561916844213,2019-06-30T17:47:24.213Z,sell,1.74e-06,737.0,0.00128238
SNM/BTC,1561917075649,2019-06-30T17:51:15.649Z,buy,1.75e-06,13714.0,0.0239995
SNM/BTC,1561917659378,2019-06-30T18:00:59.378Z,sell,1.74e-06,892.0,0.00155208
SNM/BTC,1561917659378,2019-06-30T18:00:59.378Z,sell,1.74e-06,892.0,0.00155208
SNM/BTC,1561918445710,2019-06-30T18:14:05.710Z,buy,1.75e-06,2178.0,0.0038115
SNM/BTC,1561919520518,2019-06-30T18:32:00.518Z,sell,1.74e-06,900.0,0.001566
SNM/BTC,1561919599450,2019-06-30T18:33:19.450Z,sell,1.74e-06,9889.0,0.01720686
SNM/BTC,1561919680584,2019-06-30T18:34:40.584Z,buy,1.75e-06,1553.0,0.00271775
SNM/BTC,1561919824407,2019-06-30T18:37:04.407Z,sell,1.73e-06,2355.0,0.0040741499999999
SNM/BTC,1561919899698,2019-06-30T18:38:19.698Z,buy,1.75e-06,2857.0,0.00499975
SNM/BTC,1561920126544,2019-06-30T18:42:06.544Z,buy,1.75e-06,4307.0,0.00753725
SNM/BTC,1561920532438,2019-06-30T18:48:52.438Z,sell,1.74e-06,6525.0,0.0113535
SNM/BTC,1561921242287,2019-06-30T19:00:42.287Z,buy,1.74e-06,11488.0,0.01998912
SNM/BTC,1561921255097,2019-06-30T19:00:55.097Z,buy,1.74e-06,36575.0,0.0636405
SNM/BTC,1561921255097,2019-06-30T19:00:55.097Z,buy,1.74e-06,36575.0,0.0636405
SNM/BTC,1561921281330,2019-06-30T19:01:21.330Z,sell,1.74e-06,1624.0,0.00282576
SNM/BTC,1561921467814,2019-06-30T19:04:27.814Z,sell,1.74e-06,13091.0,0.02277834
SNM/BTC,1561921479906,2019-06-30T19:04:39.906Z,buy,1.74e-06,63942.0,0.11125908
SNM/BTC,1561921687193,2019-06-30T19:08:07.193Z,buy,1.75e-06,94817.0,0.16592975
SNM/BTC,1561921698068,2019-06-30T19:08:18.068Z,sell,1.75e-06,103968.0,0.181944
SNM/BTC,1561921698068,2019-06-30T19:08:18.068Z,sell,1.74e-06,38386.0,0.06679164
SNM/BTC,1561921794423,2019-06-30T19:09:54.423Z,sell,1.75e-06,99511.0,0.17414425
SNM/BTC,1561922065803,2019-06-30T19:14:25.803Z,buy,1.76e-06,28409.0,0.04999984
SNM/BTC,1561922127136,2019-06-30T19:15:27.136Z,sell,1.75e-06,22366.0,0.0391405
SNM/BTC,1561922127136,2019-06-30T19:15:27.136Z,sell,1.74e-06,42558.0,0.07405092
SNM/BTC,1561922127923,2019-06-30T19:15:27.923Z,sell,1.74e-06,10281.0,0.01788894
SNM/BTC,1561922300094,2019-06-30T19:18:20.094Z,buy,1.76e-06,159972.0,0.28155072
SNM/BTC,1561922300502,2019-06-30T19:18:20.502Z,buy,1.77e-06,13657.0,0.02417289
SNM/BTC,1561922304503,2019-06-30T19:18:24.503Z,sell,1.77e-06,2939.0,0.00520203
SNM/BTC,1561922318145,2019-06-30T19:18:38.145Z,buy,1.77e-06,1695.0,0.00300015
SNM/BTC,1561922351465,2019-06-30T19:19:11.465Z,sell,1.75e-06,2489.0,0.00435575
SNM/BTC,1561922351996,2019-06-30T19:19:11.996Z,sell,1.75e-06,8552.0,0.014966
SNM/BTC,1561922352528,2019-06-30T19:19:12.528Z,sell,1.75e-06,8552.0,0.014966
SNM/BTC,1561922365853,2019-06-30T19:19:25.853Z,sell,1.75e-06,5747.0,0.01005725
SNM/BTC,1561922369444,2019-06-30T19:19:29.444Z,buy,1.76e-06,685.0,0.0012056
SNM/BTC,1561922395579,2019-06-30T19:19:55.579Z,sell,1.76e-06,1028.0,0.00180928
SNM/BTC,1561922395579,2019-06-30T19:19:55.579Z,sell,1.75e-06,172.0,0.000301
SNM/BTC,1561922401678,2019-06-30T19:20:01.678Z,sell,1.75e-06,12617.0,0.02207975
SNM/BTC,1561922401682,2019-06-30T19:20:01.682Z,sell,1.75e-06,709.0,0.0012407499999999
SNM/BTC,1561922401692,2019-06-30T19:20:01.692Z,sell,1.75e-06,51851.0,0.09073925
SNM/BTC,1561922401709,2019-06-30T19:20:01.709Z,sell,1.75e-06,5565.0,0.00973875
SNM/BTC,1561922401979,2019-06-30T19:20:01.979Z,sell,1.75e-06,789.0,0.00138075
SNM/BTC,1561922402199,2019-06-30T19:20:02.199Z,sell,1.75e-06,56496.0,0.098868
SNM/BTC,1561922402221,2019-06-30T19:20:02.221Z,sell,1.75e-06,4686.0,0.0082005
SNM/BTC,1561922402238,2019-06-30T19:20:02.238Z,sell,1.75e-06,11059.0,0.01935325
SNM/BTC,1561922402640,2019-06-30T19:20:02.640Z,sell,1.75e-06,8225.0,0.01439375
SNM/BTC,1561922402760,2019-06-30T19:20:02.760Z,sell,1.75e-06,8841.0,0.01547175
SNM/BTC,1561922402760,2019-06-30T19:20:02.760Z,sell,1.74e-06,8415.0,0.0146421
SNM/BTC,1561922404559,2019-06-30T19:20:04.559Z,sell,1.75e-06,1733.0,0.00303275
SNM/BTC,1561922404559,2019-06-30T19:20:04.559Z,sell,1.74e-06,9943.0,0.01730082
SNM/BTC,1561922404559,2019-06-30T19:20:04.559Z,sell,1.73e-06,3378.0,0.00584394
SNM/BTC,1561922405050,2019-06-30T19:20:05.050Z,sell,1.73e-06,109117.0,0.18877241
SNM/BTC,1561922405271,2019-06-30T19:20:05.271Z,sell,1.73e-06,12452.0,0.02154196
SNM/BTC,1561922494932,2019-06-30T19:21:34.932Z,sell,1.74e-06,904.0,0.00157296
SNM/BTC,1561922569211,2019-06-30T19:22:49.211Z,sell,1.74e-06,5088.0,0.00885312
SNM/BTC,1561922590210,2019-06-30T19:23:10.210Z,sell,1.74e-06,4513.0,0.00785262
SNM/BTC,1561922603490,2019-06-30T19:23:23.490Z,buy,1.75e-06,2857.0,0.00499975
SNM/BTC,1561922845733,2019-06-30T19:27:25.733Z,buy,1.75e-06,4161.0,0.00728175
SNM/BTC,1561922881036,2019-06-30T19:28:01.036Z,sell,1.75e-06,802.0,0.0014035
SNM/BTC,1561922905875,2019-06-30T19:28:25.875Z,sell,1.75e-06,734.0,0.0012845
SNM/BTC,1561923272871,2019-06-30T19:34:32.871Z,sell,1.75e-06,891.0,0.0015592499999999
SNM/BTC,1561923926201,2019-06-30T19:45:26.201Z,sell,1.75e-06,3763.0,0.00658525
SNM/BTC,1561924261186,2019-06-30T19:51:01.186Z,sell,1.75e-06,701.0,0.00122675
SNM/BTC,1561924451528,2019-06-30T19:54:11.528Z,buy,1.76e-06,12516.0,0.02202816
SNM/BTC,1561924504070,2019-06-30T19:55:04.070Z,sell,1.76e-06,12516.0,0.02202816
SNM/BTC,1561924506256,2019-06-30T19:55:06.256Z,sell,1.76e-06,14296.0,0.02516096
SNM/BTC,1561924523325,2019-06-30T19:55:23.325Z,sell,1.76e-06,26812.0,0.04718912
SNM/BTC,1561924529675,2019-06-30T19:55:29.675Z,sell,1.76e-06,10920.0,0.0192192
SNM/BTC,1561924533242,2019-06-30T19:55:33.242Z,sell,1.75e-06,10909.0,0.01909075
SNM/BTC,1561924565115,2019-06-30T19:56:05.115Z,buy,1.76e-06,1705.0,0.0030008
SNM/BTC,1561924616667,2019-06-30T19:56:56.667Z,buy,1.76e-06,13540.0,0.0238304
SNM/BTC,1561924616673,2019-06-30T19:56:56.673Z,buy,1.76e-06,13546.0,0.02384096
SNM/BTC,1561924616673,2019-06-30T19:56:56.673Z,buy,1.76e-06,2948.0,0.00518848
SNM/BTC,1561924616674,2019-06-30T19:56:56.674Z,buy,1.77e-06,7125.0,0.01261125
SNM/BTC,1561924617431,2019-06-30T19:56:57.431Z,sell,1.76e-06,2803.0,0.00493328
SNM/BTC,1561924619215,2019-06-30T19:56:59.215Z,buy,1.76e-06,145.0,0.0002552
SNM/BTC,1561924625765,2019-06-30T19:57:05.765Z,sell,1.76e-06,685.0,0.0012056
SNM/BTC,1561924632954,2019-06-30T19:57:12.954Z,sell,1.76e-06,29131.0,0.05127056
SNM/BTC,1561924677535,2019-06-30T19:57:57.535Z,sell,1.76e-06,850.0,0.001496
SNM/BTC,1561924816276,2019-06-30T20:00:16.276Z,sell,1.76e-06,6433.0,0.01132208
SNM/BTC,1561924817370,2019-06-30T20:00:17.370Z,sell,1.76e-06,13536.0,0.02382336
SNM/BTC,1561924817370,2019-06-30T20:00:17.370Z,sell,1.76e-06,13536.0,0.02382336
SNM/BTC,1561925177215,2019-06-30T20:06:17.215Z,buy,1.77e-06,170.0,0.0003009
SNM/BTC,1561925211222,2019-06-30T20:06:51.222Z,buy,1.77e-06,677.0,0.00119829
SNM/BTC,1561925246618,2019-06-30T20:07:26.618Z,sell,1.76e-06,26116.0,0.04596416
SNM/BTC,1561925498308,2019-06-30T20:11:38.308Z,sell,1.75e-06,738.0,0.0012915
SNM/BTC,1561926216684,2019-06-30T20:23:36.684Z,buy,1.76e-06,1533.0,0.00269808
SNM/BTC,1561926265562,2019-06-30T20:24:25.562Z,buy,1.76e-06,2635.0,0.0046376
SNM/BTC,1561926319299,2019-06-30T20:25:19.299Z,buy,1.76e-06,8680.0,0.0152768
SNM/BTC,1561926697104,2019-06-30T20:31:37.104Z,buy,1.76e-06,6935.0,0.0122056
SNM/BTC,1561926995310,2019-06-30T20:36:35.310Z,buy,1.76e-06,647.0,0.00113872
SNM/BTC,1561926995359,2019-06-30T20:36:35.359Z,sell,1.76e-06,2678.0,0.00471328
SNM/BTC,1561926995360,2019-06-30T20:36:35.360Z,sell,1.76e-06,4906.0,0.00863456
SNM/BTC,1561927662473,2019-06-30T20:47:42.473Z,sell,1.76e-06,1458.0,0.00256608
SNM/BTC,1561927737054,2019-06-30T20:48:57.054Z,sell,1.76e-06,21804.0,0.03837504
SNM/BTC,1561927858802,2019-06-30T20:50:58.802Z,sell,1.76e-06,6987.0,0.01229712
SNM/BTC,1561927858830,2019-06-30T20:50:58.830Z,buy,1.76e-06,3047.0,0.00536272
SNM/BTC,1561927858839,2019-06-30T20:50:58.839Z,buy,1.76e-06,8063.0,0.01419088
SNM/BTC,1561927858840,2019-06-30T20:50:58.840Z,buy,1.76e-06,3535.0,0.0062216
SNM/BTC,1561927858888,2019-06-30T20:50:58.888Z,sell,1.76e-06,2819.0,0.00496144
SNM/BTC,1561927867982,2019-06-30T20:51:07.982Z,sell,1.75e-06,584.0,0.001022
SNM/BTC,1561927867982,2019-06-30T20:51:07.982Z,sell,1.75e-06,584.0,0.001022
SNM/BTC,1561928687255,2019-06-30T21:04:47.255Z,buy,1.76e-06,48720.0,0.0857472
SNM/BTC,1561928687306,2019-06-30T21:04:47.306Z,sell,1.76e-06,1234.0,0.00217184
SNM/BTC,1561928787740,2019-06-30T21:06:27.740Z,sell,1.76e-06,3473.0,0.00611248
SNM/BTC,1561928798687,2019-06-30T21:06:38.687Z,buy,1.77e-06,867.0,0.00153459
SNM/BTC,1561928826543,2019-06-30T21:07:06.543Z,sell,1.76e-06,1254.0,0.00220704
SNM/BTC,1561928919602,2019-06-30T21:08:39.602Z,sell,1.76e-06,8333.0,0.01466608
SNM/BTC,1561928919605,2019-06-30T21:08:39.605Z,sell,1.76e-06,8333.0,0.01466608
SNM/BTC,1561928919625,2019-06-30T21:08:39.625Z,sell,1.76e-06,12151.0,0.02138576
SNM/BTC,1561929020583,2019-06-30T21:10:20.583Z,buy,1.77e-06,10940.0,0.0193638
SNM/BTC,1561929148401,2019-06-30T21:12:28.401Z,buy,1.77e-06,2192.0,0.00387984
SNM/BTC,1561929360018,2019-06-30T21:16:00.018Z,sell,1.76e-06,645.0,0.0011352
SNM/BTC,1561929575287,2019-06-30T21:19:35.287Z,buy,1.77e-06,2205.0,0.00390285
SNM/BTC,1561929575291,2019-06-30T21:19:35.291Z,buy,1.77e-06,2205.0,0.00390285
SNM/BTC,1561929575306,2019-06-30T21:19:35.306Z,buy,1.77e-06,2205.0,0.00390285
SNM/BTC,1561929785429,2019-06-30T21:23:05.429Z,sell,1.76e-06,2205.0,0.0038808
SNM/BTC,1561930151453,2019-06-30T21:29:11.453Z,sell,1.76e-06,693.0,0.00121968
SNM/BTC,1561930452736,2019-06-30T21:34:12.736Z,sell,1.76e-06,839.0,0.00147664
SNM/BTC,1561930684018,2019-06-30T21:38:04.018Z,sell,1.76e-06,1158.0,0.00203808
SNM/BTC,1561930684018,2019-06-30T21:38:04.018Z,sell,1.76e-06,1158.0,0.00203808
SNM/BTC,1561931477071,2019-06-30T21:51:17.071Z,sell,1.76e-06,16326.0,0.02873376
SNM/BTC,1561932884594,2019-06-30T22:14:44.594Z,buy,1.77e-06,60237.0,0.10661949
SNM/BTC,1561932902656,2019-06-30T22:15:02.656Z,sell,1.77e-06,653.0,0.00115581
SNM/BTC,1561932903767,2019-06-30T22:15:03.767Z,buy,1.78e-06,89087.0,0.1585748599999999
SNM/BTC,1561932911011,2019-06-30T22:15:11.011Z,sell,1.78e-06,3045.0,0.0054201
SNM/BTC,1561932917720,2019-06-30T22:15:17.720Z,sell,1.78e-06,13700.0,0.0243859999999999
SNM/BTC,1561932921424,2019-06-30T22:15:21.424Z,buy,1.79e-06,65461.0,0.11717519
SNM/BTC,1561932927775,2019-06-30T22:15:27.775Z,buy,1.8e-06,19046.0,0.0342827999999999
SNM/BTC,1561932957620,2019-06-30T22:15:57.620Z,buy,1.8e-06,8514.0,0.0153251999999999
SNM/BTC,1561932960878,2019-06-30T22:16:00.878Z,sell,1.79e-06,5714.0,0.01022806
SNM/BTC,1561932965520,2019-06-30T22:16:05.520Z,sell,1.79e-06,677.0,0.00121183
SNM/BTC,1561932968092,2019-06-30T22:16:08.092Z,sell,1.79e-06,857.0,0.00153403
SNM/BTC,1561932993290,2019-06-30T22:16:33.290Z,sell,1.79e-06,41077.0,0.07352783
SNM/BTC,1561933003549,2019-06-30T22:16:43.549Z,sell,1.77e-06,1644.0,0.00290988
SNM/BTC,1561933004266,2019-06-30T22:16:44.266Z,sell,1.77e-06,918.0,0.0016248599999999
SNM/BTC,1561933004476,2019-06-30T22:16:44.476Z,sell,1.77e-06,1621.0,0.00286917
SNM/BTC,1561933007709,2019-06-30T22:16:47.709Z,sell,1.77e-06,2084.0,0.00368868
SNM/BTC,1561933038651,2019-06-30T22:17:18.651Z,buy,1.79e-06,1675.0,0.00299825
SNM/BTC,1561933042850,2019-06-30T22:17:22.850Z,buy,1.79e-06,56257.0,0.10070003
SNM/BTC,1561933043024,2019-06-30T22:17:23.024Z,sell,1.79e-06,1907.0,0.00341353
SNM/BTC,1561933043764,2019-06-30T22:17:23.764Z,sell,1.79e-06,4960.0,0.0088784
SNM/BTC,1561933043764,2019-06-30T22:17:23.764Z,sell,1.79e-06,4960.0,0.0088784
SNM/BTC,1561933043791,2019-06-30T22:17:23.791Z,sell,1.79e-06,4227.0,0.00756633
SNM/BTC,1561933044645,2019-06-30T22:17:24.645Z,sell,1.79e-06,17361.0,0.03107619
SNM/BTC,1561933044668,2019-06-30T22:17:24.668Z,sell,1.79e-06,3340.0,0.0059786
SNM/BTC,1561933050974,2019-06-30T22:17:30.974Z,sell,1.79e-06,775.0,0.00138725
SNM/BTC,1561933051551,2019-06-30T22:17:31.551Z,sell,1.79e-06,775.0,0.00138725
SNM/BTC,1561933146265,2019-06-30T22:19:06.265Z,sell,1.79e-06,21329.0,0.03817891
SNM/BTC,1561933324812,2019-06-30T22:22:04.812Z,buy,1.79e-06,19241.0,0.03444139
SNM/BTC,1561933338424,2019-06-30T22:22:18.424Z,buy,1.79e-06,2776.0,0.00496904
SNM/BTC,1561933357848,2019-06-30T22:22:37.848Z,buy,1.8e-06,7175.0,0.012915
SNM/BTC,1561933385054,2019-06-30T22:23:05.054Z,buy,1.8e-06,666.0,0.0011987999999999
SNM/BTC,1561933392113,2019-06-30T22:23:12.113Z,buy,1.8e-06,5382.0,0.0096876
SNM/BTC,1561933476006,2019-06-30T22:24:36.006Z,buy,1.8e-06,21130.0,0.038034
SNM/BTC,1561933926801,2019-06-30T22:32:06.801Z,sell,1.79e-06,742.0,0.00132818
SNM/BTC,1561933926801,2019-06-30T22:32:06.801Z,sell,1.79e-06,854.0,0.00152866
SNM/BTC,1561934172084,2019-06-30T22:36:12.084Z,buy,1.8e-06,832.0,0.0014976
SNM/BTC,1561934172084,2019-06-30T22:36:12.084Z,buy,1.8e-06,832.0,0.0014976
SNM/BTC,1561934299800,2019-06-30T22:38:19.800Z,sell,1.79e-06,861.0,0.00154119
SNM/BTC,1561934341497,2019-06-30T22:39:01.497Z,sell,1.79e-06,9392.0,0.01681168
SNM/BTC,1561934439572,2019-06-30T22:40:39.572Z,sell,1.79e-06,1136.0,0.00203344
SNM/BTC,1561934799829,2019-06-30T22:46:39.829Z,sell,1.79e-06,5255.0,0.00940645
SNM/BTC,1561935014075,2019-06-30T22:50:14.075Z,buy,1.8e-06,4036.0,0.0072648
SNM/BTC,1561935155195,2019-06-30T22:52:35.195Z,sell,1.79e-06,3294.0,0.00589626
SNM/BTC,1561935829768,2019-06-30T23:03:49.768Z,sell,1.79e-06,2325.0,0.00416175
SNM/BTC,1561935837203,2019-06-30T23:03:57.203Z,sell,1.79e-06,12629.0,0.02260591
SNM/BTC,1561935909991,2019-06-30T23:05:09.991Z,buy,1.8e-06,3027.0,0.0054486
SNM/BTC,1561936158653,2019-06-30T23:09:18.653Z,buy,1.8e-06,611.0,0.0010998
SNM/BTC,1561936158653,2019-06-30T23:09:18.653Z,buy,1.8e-06,611.0,0.0010998
SNM/BTC,1561937836179,2019-06-30T23:37:16.179Z,buy,1.8e-06,832.0,0.0014976
SNM/BTC,1561938002476,2019-06-30T23:40:02.476Z,sell,1.79e-06,1495.0,0.00267605
SNM/BTC,1561938023444,2019-06-30T23:40:23.444Z,sell,1.78e-06,16744.0,0.02980432
SNM/BTC,1561938131603,2019-06-30T23:42:11.603Z,buy,1.79e-06,4653.0,0.00832887
SNM/BTC,1561938179725,2019-06-30T23:42:59.725Z,sell,1.78e-06,6742.0,0.01200076
SNM/BTC,1561938438874,2019-06-30T23:47:18.874Z,buy,1.79e-06,2793.0,0.00499947
SNM/BTC,1561938648769,2019-06-30T23:50:48.769Z,buy,1.79e-06,4210.0,0.0075359
SNM/BTC,1561938673568,2019-06-30T23:51:13.568Z,buy,1.79e-06,15181.0,0.02717399
SNM/BTC,1561938808168,2019-06-30T23:53:28.168Z,buy,1.8e-06,61955.0,0.111519
SNM/BTC,1561938808221,2019-06-30T23:53:28.221Z,buy,1.81e-06,22847.0,0.04135307
SNM/BTC,1561938832807,2019-06-30T23:53:52.807Z,sell,1.81e-06,833.0,0.00150773
SNM/BTC,1561938883375,2019-06-30T23:54:43.375Z,buy,1.82e-06,1311.0,0.00238602
SNM/BTC,1561938922090,2019-06-30T23:55:22.090Z,buy,1.82e-06,71193.0,0.12957126
SNM/BTC,1561938939171,2019-06-30T23:55:39.171Z,sell,1.82e-06,38336.0,0.06977152
SNM/BTC,1561938974219,2019-06-30T23:56:14.219Z,sell,1.82e-06,10289.0,0.01872598
SNM/BTC,1561939107370,2019-06-30T23:58:27.370Z,sell,1.81e-06,1659.0,0.00300279
SNM/BTC,1561939264675,2019-07-01T00:01:04.675Z,sell,1.82e-06,666.0,0.00121212
SNM/BTC,1561939312538,2019-07-01T00:01:52.538Z,sell,1.82e-06,1760.0,0.0032032
SNM/BTC,1561939316844,2019-07-01T00:01:56.844Z,sell,1.8e-06,5714.0,0.0102852
SNM/BTC,1561939317462,2019-07-01T00:01:57.462Z,sell,1.8e-06,5747.0,0.0103445999999999
SNM/BTC,1561939317986,2019-07-01T00:01:57.986Z,sell,1.8e-06,1760.0,0.003168
SNM/BTC,1561939344964,2019-07-01T00:02:24.964Z,sell,1.8e-06,4168.0,0.0075023999999999
SNM/BTC,1561939362576,2019-07-01T00:02:42.576Z,buy,1.82e-06,611.0,0.00111202
SNM/BTC,1561939378390,2019-07-01T00:02:58.390Z,buy,1.82e-06,18910.0,0.0344162
SNM/BTC,1561939386463,2019-07-01T00:03:06.463Z,sell,1.82e-06,185443.0,0.33750626
SNM/BTC,1561939422086,2019-07-01T00:03:42.086Z,sell,1.81e-06,2000.0,0.00362
SNM/BTC,1561939447815,2019-07-01T00:04:07.815Z,sell,1.8e-06,1675.0,0.003015
SNM/BTC,1561939475503,2019-07-01T00:04:35.503Z,sell,1.8e-06,2892.0,0.0052055999999999
SNM/BTC,1561939475503,2019-07-01T00:04:35.503Z,sell,1.77e-06,182194.0,0.32248338
SNM/BTC,1561939475503,2019-07-01T00:04:35.503Z,sell,1.76e-06,7844.0,0.01380544
SNM/BTC,1561939475519,2019-07-01T00:04:35.519Z,buy,1.77e-06,4545.0,0.00804465
SNM/BTC,1561939477334,2019-07-01T00:04:37.334Z,buy,1.78e-06,3192.0,0.0056817599999999
SNM/BTC,1561939483118,2019-07-01T00:04:43.118Z,sell,1.77e-06,189632.0,0.33564864
SNM/BTC,1561939490063,2019-07-01T00:04:50.063Z,buy,1.78e-06,7994.0,0.0142293199999999
SNM/BTC,1561939496935,2019-07-01T00:04:56.935Z,buy,1.79e-06,4542.0,0.00813018
SNM/BTC,1561939503111,2019-07-01T00:05:03.111Z,sell,1.78e-06,403.0,0.0007173399999999
SNM/BTC,1561939511348,2019-07-01T00:05:11.348Z,buy,1.78e-06,1487.0,0.00264686
SNM/BTC,1561939513850,2019-07-01T00:05:13.850Z,buy,1.78e-06,33865.0,0.0602797
SNM/BTC,1561939518857,2019-07-01T00:05:18.857Z,buy,1.78e-06,16993.0,0.03024754
SNM/BTC,1561939537351,2019-07-01T00:05:37.351Z,buy,1.78e-06,15463.0,0.02752414
SNM/BTC,1561939556438,2019-07-01T00:05:56.438Z,buy,1.78e-06,4130.0,0.0073513999999999
SNM/BTC,1561939576434,2019-07-01T00:06:16.434Z,buy,1.78e-06,20088.0,0.03575664
SNM/BTC,1561939581014,2019-07-01T00:06:21.014Z,buy,1.78e-06,2808.0,0.0049982399999999
SNM/BTC,1561939598157,2019-07-01T00:06:38.157Z,buy,1.78e-06,35100.0,0.062478
SNM/BTC,1561939598157,2019-07-01T00:06:38.157Z,buy,1.79e-06,3487.0,0.00624173
SNM/BTC,1561939598187,2019-07-01T00:06:38.187Z,sell,1.79e-06,9592.0,0.01716968
SNM/BTC,1561939599101,2019-07-01T00:06:39.101Z,buy,1.79e-06,1690.0,0.0030251
SNM/BTC,1561939630134,2019-07-01T00:07:10.134Z,sell,1.78e-06,1181.0,0.00210218
SNM/BTC,1561939690779,2019-07-01T00:08:10.779Z,buy,1.79e-06,633.0,0.00113307
SNM/BTC,1561939690779,2019-07-01T00:08:10.779Z,buy,1.79e-06,633.0,0.00113307
SNM/BTC,1561939774551,2019-07-01T00:09:34.551Z,buy,1.79e-06,185.0,0.00033115
SNM/BTC,1561939777889,2019-07-01T00:09:37.889Z,sell,1.78e-06,1021.0,0.00181738
SNM/BTC,1561939804781,2019-07-01T00:10:04.781Z,sell,1.78e-06,659.0,0.0011730199999999
SNM/BTC,1561939973832,2019-07-01T00:12:53.832Z,buy,1.79e-06,163.0,0.00029177
SNM/BTC,1561940045696,2019-07-01T00:14:05.696Z,buy,1.79e-06,670.0,0.0011993
SNM/BTC,1561940248526,2019-07-01T00:17:28.526Z,buy,1.79e-06,922.0,0.00165038
SNM/BTC,1561940278003,2019-07-01T00:17:58.003Z,buy,1.79e-06,14673.0,0.02626467
SNM/BTC,1561940322832,2019-07-01T00:18:42.832Z,sell,1.78e-06,794.0,0.00141332
SNM/BTC,1561940589995,2019-07-01T00:23:09.995Z,sell,1.78e-06,922.0,0.00164116
SNM/BTC,1561940669435,2019-07-01T00:24:29.435Z,buy,1.8e-06,160.0,0.000288
SNM/BTC,1561940741718,2019-07-01T00:25:41.718Z,buy,1.8e-06,24140.0,0.043452
SNM/BTC,1561941329426,2019-07-01T00:35:29.426Z,buy,1.8e-06,27750.0,0.0499499999999999
SNM/BTC,1561941395415,2019-07-01T00:36:35.415Z,buy,1.8e-06,1062.0,0.0019115999999999
SNM/BTC,1561941400304,2019-07-01T00:36:40.304Z,buy,1.8e-06,199004.0,0.3582072
SNM/BTC,1561941408659,2019-07-01T00:36:48.659Z,buy,1.81e-06,1568.0,0.00283808
SNM/BTC,1561941408905,2019-07-01T00:36:48.905Z,sell,1.81e-06,853.0,0.00154393
SNM/BTC,1561941424782,2019-07-01T00:37:04.782Z,buy,1.8e-06,670.0,0.001206
SNM/BTC,1561941895749,2019-07-01T00:44:55.749Z,buy,1.81e-06,112237.0,0.20314897
SNM/BTC,1561942191171,2019-07-01T00:49:51.171Z,buy,1.82e-06,181.0,0.00032942
SNM/BTC,1561942191954,2019-07-01T00:49:51.954Z,sell,1.81e-06,728.0,0.00131768
SNM/BTC,1561942206574,2019-07-01T00:50:06.574Z,buy,1.82e-06,120039.0,0.2184709799999999
SNM/BTC,1561942234745,2019-07-01T00:50:34.745Z,sell,1.82e-06,8037.0,0.0146273399999999
SNM/BTC,1561942288591,2019-07-01T00:51:28.591Z,sell,1.81e-06,5153.0,0.00932693
SNM/BTC,1561942631037,2019-07-01T00:57:11.037Z,buy,1.83e-06,1099.0,0.00201117
SNM/BTC,1561943223693,2019-07-01T01:07:03.693Z,sell,1.81e-06,10799.0,0.01954619
SNM/BTC,1561943223693,2019-07-01T01:07:03.693Z,sell,1.81e-06,10799.0,0.01954619
SNM/BTC,1561943311984,2019-07-01T01:08:31.984Z,buy,1.82e-06,1215.0,0.0022113
SNM/BTC,1561943312072,2019-07-01T01:08:32.072Z,buy,1.82e-06,1657.0,0.00301574
SNM/BTC,1561943339688,2019-07-01T01:08:59.688Z,sell,1.8e-06,7000.0,0.0126
SNM/BTC,1561943893474,2019-07-01T01:18:13.474Z,sell,1.8e-06,753.0,0.0013553999999999
SNM/BTC,1561944125278,2019-07-01T01:22:05.278Z,sell,1.8e-06,128676.0,0.2316167999999999
SNM/BTC,1561944171398,2019-07-01T01:22:51.398Z,buy,1.82e-06,1060.0,0.0019291999999999
SNM/BTC,1561944171566,2019-07-01T01:22:51.566Z,buy,1.82e-06,2634.0,0.0047938799999999
SNM/BTC,1561944431451,2019-07-01T01:27:11.451Z,buy,1.82e-06,162.0,0.00029484
SNM/BTC,1561944665965,2019-07-01T01:31:05.965Z,buy,1.82e-06,659.0,0.0011993799999999
SNM/BTC,1561944690706,2019-07-01T01:31:30.706Z,buy,1.82e-06,509.0,0.00092638
SNM/BTC,1561945086472,2019-07-01T01:38:06.472Z,sell,1.82e-06,665.0,0.0012102999999999
SNM/BTC,1561945610035,2019-07-01T01:46:50.035Z,sell,1.82e-06,19117.0,0.03479294
SNM/BTC,1561945777654,2019-07-01T01:49:37.654Z,buy,1.82e-06,30501.0,0.0555118199999999
SNM/BTC,1561945798976,2019-07-01T01:49:58.976Z,buy,1.82e-06,1993.0,0.0036272599999999
SNM/BTC,1561945799047,2019-07-01T01:49:59.047Z,buy,1.82e-06,1717.0,0.00312494
SNM/BTC,1561945799047,2019-07-01T01:49:59.047Z,buy,1.82e-06,1717.0,0.00312494
SNM/BTC,1561947010230,2019-07-01T02:10:10.230Z,buy,1.82e-06,5495.0,0.0100009
SNM/BTC,1561947433823,2019-07-01T02:17:13.823Z,buy,1.82e-06,24515.0,0.0446173
SNM/BTC,1561947433825,2019-07-01T02:17:13.825Z,buy,1.82e-06,68.0,0.00012376
SNM/BTC,1561947530406,2019-07-01T02:18:50.406Z,buy,1.83e-06,54491.0,0.09971853
SNM/BTC,1561947877482,2019-07-01T02:24:37.482Z,buy,1.83e-06,585.0,0.00107055
SNM/BTC,1561948033507,2019-07-01T02:27:13.507Z,buy,1.83e-06,2784.0,0.00509472
