symbol,timestamp,datetime,side,price,amount,btc_volume
SNM/BTC,1564160366756,2019-07-26T16:59:26.756Z,buy,1.47e-06,470.0,0.0006908999999999
SNM/BTC,1564160420811,2019-07-26T17:00:20.811Z,buy,1.47e-06,11725.0,0.0172357499999999
SNM/BTC,1564160490713,2019-07-26T17:01:30.713Z,buy,1.47e-06,157.0,0.0002307899999999
SNM/BTC,1564160565232,2019-07-26T17:02:45.232Z,sell,1.46e-06,598.0,0.00087308
SNM/BTC,1564160679009,2019-07-26T17:04:39.009Z,sell,1.46e-06,676.0,0.00098696
SNM/BTC,1564161244071,2019-07-26T17:14:04.071Z,buy,1.47e-06,23655.0,0.03477285
SNM/BTC,1564161416436,2019-07-26T17:16:56.436Z,buy,1.48e-06,36042.0,0.05334216
SNM/BTC,1564161458067,2019-07-26T17:17:38.067Z,buy,1.49e-06,327.0,0.0004872299999999
SNM/BTC,1564161793844,2019-07-26T17:23:13.844Z,buy,1.49e-06,3826.0,0.0057007399999999
SNM/BTC,1564161814577,2019-07-26T17:23:34.577Z,sell,1.49e-06,2968.0,0.0044223199999999
SNM/BTC,1564161814645,2019-07-26T17:23:34.645Z,sell,1.48e-06,71.0,0.00010508
SNM/BTC,1564161827590,2019-07-26T17:23:47.590Z,sell,1.49e-06,202.0,0.00030098
SNM/BTC,1564161832455,2019-07-26T17:23:52.455Z,sell,1.49e-06,2482.0,0.0036981799999999
SNM/BTC,1564161832455,2019-07-26T17:23:52.455Z,sell,1.48e-06,9073.0,0.01342804
SNM/BTC,1564161832455,2019-07-26T17:23:52.455Z,sell,1.47e-06,8445.0,0.0124141499999999
SNM/BTC,1564162233943,2019-07-26T17:30:33.943Z,buy,1.48e-06,1195.0,0.0017686
SNM/BTC,1564162263709,2019-07-26T17:31:03.709Z,buy,1.49e-06,2027.0,0.00302023
SNM/BTC,1564162626824,2019-07-26T17:37:06.824Z,buy,1.49e-06,101.0,0.00015049
SNM/BTC,1564162754024,2019-07-26T17:39:14.024Z,buy,1.49e-06,11404.0,0.01699196
SNM/BTC,1564163004531,2019-07-26T17:43:24.531Z,sell,1.48e-06,3222.0,0.00476856
SNM/BTC,1564163094716,2019-07-26T17:44:54.716Z,sell,1.48e-06,140102.0,0.20735096
SNM/BTC,1564163094733,2019-07-26T17:44:54.733Z,buy,1.48e-06,106250.0,0.15725
SNM/BTC,1564163094735,2019-07-26T17:44:54.735Z,buy,1.48e-06,10508.0,0.01555184
SNM/BTC,1564163094736,2019-07-26T17:44:54.736Z,buy,1.48e-06,45776.0,0.06774848
SNM/BTC,1564163095746,2019-07-26T17:44:55.746Z,sell,1.47e-06,4979.0,0.0073191299999999
SNM/BTC,1564163095933,2019-07-26T17:44:55.933Z,sell,1.47e-06,10508.0,0.0154467599999999
SNM/BTC,1564163101825,2019-07-26T17:45:01.825Z,sell,1.47e-06,912.0,0.00134064
SNM/BTC,1564163296717,2019-07-26T17:48:16.717Z,sell,1.47e-06,11392.0,0.01674624
SNM/BTC,1564163565399,2019-07-26T17:52:45.399Z,buy,1.48e-06,794.0,0.00117512
SNM/BTC,1564163699191,2019-07-26T17:54:59.191Z,sell,1.47e-06,90.0,0.0001323
SNM/BTC,1564163748731,2019-07-26T17:55:48.731Z,sell,1.47e-06,104.0,0.0001528799999999
SNM/BTC,1564163786501,2019-07-26T17:56:26.501Z,buy,1.48e-06,136.0,0.00020128
SNM/BTC,1564163847161,2019-07-26T17:57:27.161Z,sell,1.48e-06,800.0,0.001184
SNM/BTC,1564163847161,2019-07-26T17:57:27.161Z,sell,1.48e-06,800.0,0.001184
SNM/BTC,1564164019367,2019-07-26T18:00:19.367Z,sell,1.47e-06,103.0,0.00015141
SNM/BTC,1564164034780,2019-07-26T18:00:34.780Z,sell,1.47e-06,146.0,0.0002146199999999
SNM/BTC,1564164186839,2019-07-26T18:03:06.839Z,sell,1.47e-06,3033.0,0.00445851
SNM/BTC,1564164327682,2019-07-26T18:05:27.682Z,sell,1.47e-06,4318.0,0.0063474599999999
SNM/BTC,1564164782648,2019-07-26T18:13:02.648Z,buy,1.48e-06,10540.0,0.0155992
SNM/BTC,1564165055436,2019-07-26T18:17:35.436Z,buy,1.48e-06,277.0,0.00040996
SNM/BTC,1564167087239,2019-07-26T18:51:27.239Z,sell,1.47e-06,9461.0,0.0139076699999999
SNM/BTC,1564167090564,2019-07-26T18:51:30.564Z,buy,1.47e-06,680.0,0.0009996
SNM/BTC,1564167091390,2019-07-26T18:51:31.390Z,sell,1.46e-06,26000.0,0.03796
SNM/BTC,1564167102826,2019-07-26T18:51:42.826Z,buy,1.47e-06,13064.0,0.01920408
SNM/BTC,1564167110937,2019-07-26T18:51:50.937Z,buy,1.48e-06,22697.0,0.03359156
SNM/BTC,1564167260603,2019-07-26T18:54:20.603Z,sell,1.47e-06,13536.0,0.01989792
SNM/BTC,1564167393095,2019-07-26T18:56:33.095Z,sell,1.46e-06,547.0,0.00079862
SNM/BTC,1564167393095,2019-07-26T18:56:33.095Z,sell,1.46e-06,547.0,0.00079862
SNM/BTC,1564167463721,2019-07-26T18:57:43.721Z,sell,1.46e-06,220.0,0.0003212
SNM/BTC,1564167496166,2019-07-26T18:58:16.166Z,sell,1.47e-06,40963.0,0.0602156099999999
SNM/BTC,1564168428803,2019-07-26T19:13:48.803Z,sell,1.47e-06,12334.0,0.0181309799999999
SNM/BTC,1564168651439,2019-07-26T19:17:31.439Z,sell,1.47e-06,147.0,0.0002160899999999
SNM/BTC,1564169377406,2019-07-26T19:29:37.406Z,sell,1.47e-06,26920.0,0.0395724
SNM/BTC,1564169377406,2019-07-26T19:29:37.406Z,sell,1.46e-06,100279.0,0.14640734
SNM/BTC,1564169377406,2019-07-26T19:29:37.406Z,sell,1.45e-06,147281.0,0.21355745
SNM/BTC,1564169377406,2019-07-26T19:29:37.406Z,sell,1.44e-06,18296.0,0.02634624
SNM/BTC,1564169377406,2019-07-26T19:29:37.406Z,sell,1.44e-06,500.0,0.0007199999999999
SNM/BTC,1564169377425,2019-07-26T19:29:37.425Z,buy,1.45e-06,39493.0,0.05726485
SNM/BTC,1564169377488,2019-07-26T19:29:37.488Z,sell,1.45e-06,20875.0,0.03026875
SNM/BTC,1564169377566,2019-07-26T19:29:37.566Z,sell,1.44e-06,14577.0,0.02099088
SNM/BTC,1564169378155,2019-07-26T19:29:38.155Z,buy,1.46e-06,13768.0,0.02010128
SNM/BTC,1564169378355,2019-07-26T19:29:38.355Z,sell,1.46e-06,553.0,0.00080738
SNM/BTC,1564169380122,2019-07-26T19:29:40.122Z,buy,1.46e-06,555.0,0.0008103
SNM/BTC,1564169381192,2019-07-26T19:29:41.192Z,sell,1.45e-06,887.0,0.00128615
SNM/BTC,1564169383985,2019-07-26T19:29:43.985Z,sell,1.45e-06,9802.0,0.0142129
SNM/BTC,1564169384058,2019-07-26T19:29:44.058Z,buy,1.45e-06,669.0,0.00097005
SNM/BTC,1564169384163,2019-07-26T19:29:44.163Z,sell,1.45e-06,1360.0,0.001972
SNM/BTC,1564169386429,2019-07-26T19:29:46.429Z,buy,1.45e-06,274.0,0.0003973
SNM/BTC,1564169386486,2019-07-26T19:29:46.486Z,buy,1.45e-06,274.0,0.0003973
SNM/BTC,1564169386852,2019-07-26T19:29:46.852Z,sell,1.44e-06,3395.0,0.0048888
SNM/BTC,1564169387047,2019-07-26T19:29:47.047Z,sell,1.44e-06,2810.0,0.0040464
SNM/BTC,1564169389113,2019-07-26T19:29:49.113Z,buy,1.45e-06,1282.0,0.0018589
SNM/BTC,1564169390472,2019-07-26T19:29:50.472Z,sell,1.44e-06,17998.0,0.02591712
SNM/BTC,1564169572865,2019-07-26T19:32:52.865Z,buy,1.46e-06,1000.0,0.00146
SNM/BTC,1564169993843,2019-07-26T19:39:53.843Z,sell,1.45e-06,10760.0,0.015602
SNM/BTC,1564170406483,2019-07-26T19:46:46.483Z,sell,1.44e-06,680.0,0.0009792
SNM/BTC,1564170652790,2019-07-26T19:50:52.790Z,buy,1.45e-06,186.0,0.0002697
SNM/BTC,1564170654472,2019-07-26T19:50:54.472Z,buy,1.45e-06,323.0,0.00046835
SNM/BTC,1564170675450,2019-07-26T19:51:15.450Z,buy,1.45e-06,78.0,0.0001131
SNM/BTC,1564170707199,2019-07-26T19:51:47.199Z,buy,1.46e-06,2068.0,0.00301928
SNM/BTC,1564170740458,2019-07-26T19:52:20.458Z,sell,1.45e-06,157.0,0.00022765
SNM/BTC,1564170919499,2019-07-26T19:55:19.499Z,sell,1.45e-06,4331.0,0.00627995
SNM/BTC,1564170919499,2019-07-26T19:55:19.499Z,sell,1.45e-06,4331.0,0.00627995
SNM/BTC,1564171175845,2019-07-26T19:59:35.845Z,buy,1.45e-06,287.0,0.00041615
SNM/BTC,1564171175965,2019-07-26T19:59:35.965Z,buy,1.45e-06,311.0,0.00045095
SNM/BTC,1564171176109,2019-07-26T19:59:36.109Z,buy,1.45e-06,20000.0,0.029
SNM/BTC,1564171640048,2019-07-26T20:07:20.048Z,sell,1.44e-06,1000.0,0.0014399999999999
SNM/BTC,1564172027852,2019-07-26T20:13:47.852Z,sell,1.44e-06,11968.0,0.01723392
SNM/BTC,1564172073690,2019-07-26T20:14:33.690Z,buy,1.45e-06,91.0,0.00013195
SNM/BTC,1564172239648,2019-07-26T20:17:19.648Z,buy,1.45e-06,182.0,0.0002639
SNM/BTC,1564172251436,2019-07-26T20:17:31.436Z,sell,1.44e-06,99.0,0.00014256
SNM/BTC,1564172253637,2019-07-26T20:17:33.637Z,buy,1.45e-06,640.0,0.000928
SNM/BTC,1564172281937,2019-07-26T20:18:01.937Z,buy,1.45e-06,109.0,0.00015805
SNM/BTC,1564172418417,2019-07-26T20:20:18.417Z,sell,1.44e-06,2255.0,0.0032472
SNM/BTC,1564172854363,2019-07-26T20:27:34.363Z,buy,1.45e-06,2500.0,0.003625
SNM/BTC,1564173014021,2019-07-26T20:30:14.021Z,sell,1.45e-06,6884.0,0.0099818
SNM/BTC,1564173041140,2019-07-26T20:30:41.140Z,buy,1.46e-06,23.0,3.358e-05
SNM/BTC,1564173422667,2019-07-26T20:37:02.667Z,sell,1.45e-06,636.0,0.0009222
SNM/BTC,1564173422783,2019-07-26T20:37:02.783Z,sell,1.45e-06,10967.0,0.01590215
SNM/BTC,1564173426596,2019-07-26T20:37:06.596Z,buy,1.46e-06,24.0,3.504e-05
SNM/BTC,1564173609832,2019-07-26T20:40:09.832Z,buy,1.46e-06,1817.0,0.00265282
SNM/BTC,1564173609832,2019-07-26T20:40:09.832Z,buy,1.46e-06,1817.0,0.00265282
SNM/BTC,1564175762913,2019-07-26T21:16:02.913Z,sell,1.45e-06,25179.0,0.03650955
SNM/BTC,1564175767833,2019-07-26T21:16:07.833Z,buy,1.45e-06,689.0,0.00099905
SNM/BTC,1564175888833,2019-07-26T21:18:08.833Z,buy,1.45e-06,73.0,0.00010585
SNM/BTC,1564175888833,2019-07-26T21:18:08.833Z,buy,1.45e-06,73.0,0.00010585
SNM/BTC,1564177504241,2019-07-26T21:45:04.241Z,sell,1.44e-06,6515.0,0.0093816
SNM/BTC,1564177508206,2019-07-26T21:45:08.206Z,buy,1.45e-06,214.0,0.0003103
SNM/BTC,1564177531621,2019-07-26T21:45:31.621Z,sell,1.44e-06,70.0,0.0001008
SNM/BTC,1564177878907,2019-07-26T21:51:18.907Z,buy,1.45e-06,111.0,0.00016095
SNM/BTC,1564177883301,2019-07-26T21:51:23.301Z,sell,1.44e-06,70.0,0.0001008
SNM/BTC,1564177883301,2019-07-26T21:51:23.301Z,sell,1.44e-06,6156.0,0.00886464
SNM/BTC,1564178009765,2019-07-26T21:53:29.765Z,buy,1.45e-06,2482.0,0.0035989
SNM/BTC,1564178075913,2019-07-26T21:54:35.913Z,sell,1.44e-06,70.0,0.0001008
SNM/BTC,1564178185922,2019-07-26T21:56:25.922Z,sell,1.44e-06,1650.0,0.002376
SNM/BTC,1564178788534,2019-07-26T22:06:28.534Z,buy,1.45e-06,1095.0,0.00158775
SNM/BTC,1564178811873,2019-07-26T22:06:51.873Z,sell,1.44e-06,70.0,0.0001008
SNM/BTC,1564179057624,2019-07-26T22:10:57.624Z,buy,1.45e-06,719.0,0.00104255
SNM/BTC,1564179168455,2019-07-26T22:12:48.455Z,buy,1.45e-06,154.0,0.0002233
SNM/BTC,1564179202369,2019-07-26T22:13:22.369Z,buy,1.45e-06,115.0,0.00016675
SNM/BTC,1564179315170,2019-07-26T22:15:15.170Z,buy,1.45e-06,73.0,0.00010585
SNM/BTC,1564179456222,2019-07-26T22:17:36.222Z,buy,1.45e-06,76.0,0.0001102
SNM/BTC,1564179456222,2019-07-26T22:17:36.222Z,buy,1.45e-06,76.0,0.0001102
SNM/BTC,1564179635460,2019-07-26T22:20:35.460Z,sell,1.44e-06,70.0,0.0001008
SNM/BTC,1564179746373,2019-07-26T22:22:26.373Z,sell,1.44e-06,11904.0,0.01714176
SNM/BTC,1564180573506,2019-07-26T22:36:13.506Z,buy,1.45e-06,3550.0,0.0051475
SNM/BTC,1564180581263,2019-07-26T22:36:21.263Z,sell,1.44e-06,70.0,0.0001008
SNM/BTC,1564181470274,2019-07-26T22:51:10.274Z,buy,1.45e-06,807.0,0.00117015
SNM/BTC,1564181558212,2019-07-26T22:52:38.212Z,buy,1.45e-06,451.0,0.00065395
SNM/BTC,1564181569372,2019-07-26T22:52:49.372Z,buy,1.45e-06,3303.0,0.00478935
SNM/BTC,1564181925330,2019-07-26T22:58:45.330Z,sell,1.44e-06,70.0,0.0001008
SNM/BTC,1564182085017,2019-07-26T23:01:25.017Z,buy,1.46e-06,21.0,3.066e-05
SNM/BTC,1564182104746,2019-07-26T23:01:44.746Z,buy,1.46e-06,2739.0,0.00399894
SNM/BTC,1564182105206,2019-07-26T23:01:45.206Z,buy,1.46e-06,13041.0,0.01903986
SNM/BTC,1564182256536,2019-07-26T23:04:16.536Z,buy,1.46e-06,684.0,0.00099864
SNM/BTC,1564182470910,2019-07-26T23:07:50.910Z,sell,1.45e-06,411.0,0.00059595
SNM/BTC,1564182470910,2019-07-26T23:07:50.910Z,sell,1.44e-06,9.0,1.296e-05
SNM/BTC,1564182780930,2019-07-26T23:13:00.930Z,buy,1.46e-06,2748.0,0.00401208
SNM/BTC,1564182780930,2019-07-26T23:13:00.930Z,buy,1.46e-06,2748.0,0.00401208
SNM/BTC,1564183220384,2019-07-26T23:20:20.384Z,buy,1.46e-06,9048.0,0.01321008
SNM/BTC,1564183645400,2019-07-26T23:27:25.400Z,buy,1.46e-06,75.0,0.0001095
SNM/BTC,1564183853470,2019-07-26T23:30:53.470Z,buy,1.46e-06,2847.0,0.00415662
SNM/BTC,1564183855993,2019-07-26T23:30:55.993Z,buy,1.46e-06,694.0,0.00101324
SNM/BTC,1564183864944,2019-07-26T23:31:04.944Z,buy,1.46e-06,2847.0,0.00415662
SNM/BTC,1564183987206,2019-07-26T23:33:07.206Z,sell,1.45e-06,2139.0,0.00310155
SNM/BTC,1564183988107,2019-07-26T23:33:08.107Z,buy,1.45e-06,7.0,1.015e-05
SNM/BTC,1564184111889,2019-07-26T23:35:11.889Z,sell,1.45e-06,140.0,0.000203
SNM/BTC,1564184326720,2019-07-26T23:38:46.720Z,sell,1.45e-06,20750.0,0.0300875
SNM/BTC,1564184326745,2019-07-26T23:38:46.745Z,buy,1.45e-06,759.0,0.00110055
SNM/BTC,1564184326841,2019-07-26T23:38:46.841Z,buy,1.45e-06,169.0,0.00024505
SNM/BTC,1564184326987,2019-07-26T23:38:46.987Z,buy,1.45e-06,225.0,0.00032625
SNM/BTC,1564184327046,2019-07-26T23:38:47.046Z,buy,1.45e-06,225.0,0.00032625
SNM/BTC,1564184481443,2019-07-26T23:41:21.443Z,buy,1.45e-06,498.0,0.0007221
SNM/BTC,1564184789398,2019-07-26T23:46:29.398Z,buy,1.45e-06,288.0,0.0004176
SNM/BTC,1564184789774,2019-07-26T23:46:29.774Z,buy,1.45e-06,289.0,0.00041905
SNM/BTC,1564184899137,2019-07-26T23:48:19.137Z,buy,1.45e-06,129.0,0.00018705
SNM/BTC,1564185217008,2019-07-26T23:53:37.008Z,sell,1.44e-06,4631.0,0.00666864
SNM/BTC,1564185282180,2019-07-26T23:54:42.180Z,sell,1.44e-06,2000.0,0.0028799999999999
SNM/BTC,1564185680783,2019-07-27T00:01:20.783Z,buy,1.45e-06,802.0,0.0011629
SNM/BTC,1564186143311,2019-07-27T00:09:03.311Z,sell,1.44e-06,29918.0,0.04308192
SNM/BTC,1564186143311,2019-07-27T00:09:03.311Z,sell,1.43e-06,4977.0,0.00711711
SNM/BTC,1564186143311,2019-07-27T00:09:03.311Z,sell,1.43e-06,3280.0,0.0046904
SNM/BTC,1564186166206,2019-07-27T00:09:26.206Z,sell,1.44e-06,2000.0,0.0028799999999999
SNM/BTC,1564186178065,2019-07-27T00:09:38.065Z,sell,1.44e-06,49129.0,0.07074576
SNM/BTC,1564186178858,2019-07-27T00:09:38.858Z,sell,1.43e-06,13082.0,0.01870726
SNM/BTC,1564186178897,2019-07-27T00:09:38.897Z,buy,1.44e-06,87.0,0.00012528
SNM/BTC,1564186240706,2019-07-27T00:10:40.706Z,sell,1.43e-06,13082.0,0.01870726
SNM/BTC,1564186308926,2019-07-27T00:11:48.926Z,sell,1.43e-06,1471.0,0.00210353
SNM/BTC,1564186321821,2019-07-27T00:12:01.821Z,sell,1.43e-06,1189.0,0.00170027
SNM/BTC,1564186325615,2019-07-27T00:12:05.615Z,sell,1.43e-06,5260.0,0.0075218
SNM/BTC,1564186356934,2019-07-27T00:12:36.934Z,sell,1.43e-06,10412.0,0.01488916
SNM/BTC,1564186357467,2019-07-27T00:12:37.467Z,sell,1.43e-06,9233.0,0.01320319
SNM/BTC,1564186369484,2019-07-27T00:12:49.484Z,sell,1.43e-06,50000.0,0.0715
SNM/BTC,1564186370947,2019-07-27T00:12:50.947Z,sell,1.43e-06,39843.0,0.05697549
SNM/BTC,1564186371674,2019-07-27T00:12:51.674Z,sell,1.43e-06,3875.0,0.00554125
SNM/BTC,1564186371674,2019-07-27T00:12:51.674Z,sell,1.43e-06,3875.0,0.00554125
SNM/BTC,1564186401150,2019-07-27T00:13:21.150Z,sell,1.43e-06,4192.0,0.00599456
SNM/BTC,1564186408579,2019-07-27T00:13:28.579Z,sell,1.43e-06,5194.0,0.00742742
SNM/BTC,1564186460955,2019-07-27T00:14:20.955Z,sell,1.43e-06,14431.0,0.02063633
SNM/BTC,1564186461450,2019-07-27T00:14:21.450Z,sell,1.43e-06,14431.0,0.02063633
SNM/BTC,1564186466315,2019-07-27T00:14:26.315Z,sell,1.43e-06,20000.0,0.0286
SNM/BTC,1564186466317,2019-07-27T00:14:26.317Z,sell,1.43e-06,18255.0,0.02610465
SNM/BTC,1564186467445,2019-07-27T00:14:27.445Z,sell,1.43e-06,17000.0,0.02431
SNM/BTC,1564186472748,2019-07-27T00:14:32.748Z,sell,1.43e-06,14431.0,0.02063633
SNM/BTC,1564186512353,2019-07-27T00:15:12.353Z,sell,1.43e-06,11917.0,0.01704131
SNM/BTC,1564186512353,2019-07-27T00:15:12.353Z,sell,1.42e-06,14867.0,0.02111114
SNM/BTC,1564186512353,2019-07-27T00:15:12.353Z,sell,1.42e-06,901.0,0.0012794199999999
SNM/BTC,1564186530305,2019-07-27T00:15:30.305Z,sell,1.42e-06,2736.0,0.0038851199999999
SNM/BTC,1564186533895,2019-07-27T00:15:33.895Z,sell,1.42e-06,1047.0,0.0014867399999999
SNM/BTC,1564186535067,2019-07-27T00:15:35.067Z,sell,1.41e-06,12763.0,0.01799583
SNM/BTC,1564186543824,2019-07-27T00:15:43.824Z,sell,1.41e-06,683.0,0.00096303
SNM/BTC,1564186564244,2019-07-27T00:16:04.244Z,buy,1.42e-06,2449.0,0.00347758
SNM/BTC,1564186568390,2019-07-27T00:16:08.390Z,sell,1.41e-06,2847.0,0.00401427
SNM/BTC,1564186607235,2019-07-27T00:16:47.235Z,sell,1.41e-06,694.0,0.00097854
SNM/BTC,1564186666474,2019-07-27T00:17:46.474Z,buy,1.42e-06,151.0,0.00021442
SNM/BTC,1564186686573,2019-07-27T00:18:06.573Z,buy,1.42e-06,1414.0,0.00200788
SNM/BTC,1564186692767,2019-07-27T00:18:12.767Z,buy,1.42e-06,54438.0,0.07730196
SNM/BTC,1564186848562,2019-07-27T00:20:48.562Z,buy,1.42e-06,219.0,0.00031098
SNM/BTC,1564186902742,2019-07-27T00:21:42.742Z,buy,1.42e-06,169.0,0.00023998
SNM/BTC,1564187202521,2019-07-27T00:26:42.521Z,buy,1.42e-06,845.0,0.0011999
SNM/BTC,1564187256062,2019-07-27T00:27:36.062Z,buy,1.42e-06,2697.0,0.00382974
SNM/BTC,1564187256090,2019-07-27T00:27:36.090Z,buy,1.42e-06,3089.0,0.00438638
SNM/BTC,1564187257841,2019-07-27T00:27:37.841Z,buy,1.42e-06,1899.0,0.00269658
SNM/BTC,1564187316232,2019-07-27T00:28:36.232Z,buy,1.42e-06,2515.0,0.0035713
SNM/BTC,1564187785028,2019-07-27T00:36:25.028Z,sell,1.41e-06,28928.0,0.04078848
SNM/BTC,1564187785028,2019-07-27T00:36:25.028Z,sell,1.4e-06,30413.0,0.0425782
SNM/BTC,1564187786555,2019-07-27T00:36:26.555Z,buy,1.41e-06,530.0,0.0007473
SNM/BTC,1564187786578,2019-07-27T00:36:26.578Z,buy,1.41e-06,310.0,0.0004371
SNM/BTC,1564187786630,2019-07-27T00:36:26.630Z,buy,1.41e-06,190.0,0.0002679
SNM/BTC,1564187786677,2019-07-27T00:36:26.677Z,buy,1.41e-06,286.0,0.00040326
SNM/BTC,1564187823510,2019-07-27T00:37:03.510Z,buy,1.41e-06,482.0,0.00067962
SNM/BTC,1564187824137,2019-07-27T00:37:04.137Z,buy,1.41e-06,214.0,0.00030174
SNM/BTC,1564187827830,2019-07-27T00:37:07.830Z,buy,1.41e-06,2128.0,0.00300048
SNM/BTC,1564187838139,2019-07-27T00:37:18.139Z,buy,1.41e-06,800.0,0.001128
SNM/BTC,1564187877381,2019-07-27T00:37:57.381Z,buy,1.41e-06,185.0,0.00026085
SNM/BTC,1564188275575,2019-07-27T00:44:35.575Z,buy,1.41e-06,1773.0,0.00249993
SNM/BTC,1564188305553,2019-07-27T00:45:05.553Z,buy,1.41e-06,714.0,0.00100674
SNM/BTC,1564188306980,2019-07-27T00:45:06.980Z,buy,1.41e-06,890.0,0.0012549
SNM/BTC,1564188565393,2019-07-27T00:49:25.393Z,buy,1.41e-06,1063.0,0.00149883
SNM/BTC,1564189046597,2019-07-27T00:57:26.597Z,buy,1.41e-06,709.0,0.00099969
SNM/BTC,1564189054629,2019-07-27T00:57:34.629Z,buy,1.41e-06,338.0,0.00047658
SNM/BTC,1564189148434,2019-07-27T00:59:08.434Z,buy,1.41e-06,244.0,0.00034404
SNM/BTC,1564189232622,2019-07-27T01:00:32.622Z,buy,1.41e-06,733.0,0.00103353
SNM/BTC,1564189240893,2019-07-27T01:00:40.893Z,buy,1.41e-06,182.0,0.00025662
SNM/BTC,1564189439500,2019-07-27T01:03:59.500Z,sell,1.4e-06,3299.0,0.0046186
SNM/BTC,1564189484222,2019-07-27T01:04:44.222Z,buy,1.41e-06,317.0,0.00044697
SNM/BTC,1564189503244,2019-07-27T01:05:03.244Z,buy,1.41e-06,411.0,0.00057951
SNM/BTC,1564189553492,2019-07-27T01:05:53.492Z,sell,1.4e-06,2856.0,0.0039984
SNM/BTC,1564189645049,2019-07-27T01:07:25.049Z,sell,1.4e-06,211.0,0.0002953999999999
SNM/BTC,1564189806264,2019-07-27T01:10:06.264Z,sell,1.4e-06,341.0,0.0004774
SNM/BTC,1564189940115,2019-07-27T01:12:20.115Z,buy,1.41e-06,1102.0,0.00155382
SNM/BTC,1564189940115,2019-07-27T01:12:20.115Z,buy,1.41e-06,1102.0,0.00155382
SNM/BTC,1564190245379,2019-07-27T01:17:25.379Z,buy,1.41e-06,73.0,0.00010293
SNM/BTC,1564190254840,2019-07-27T01:17:34.840Z,buy,1.41e-06,74.0,0.00010434
SNM/BTC,1564190363612,2019-07-27T01:19:23.612Z,buy,1.41e-06,75.0,0.00010575
SNM/BTC,1564190833605,2019-07-27T01:27:13.605Z,buy,1.41e-06,46571.0,0.06566511
SNM/BTC,1564190833731,2019-07-27T01:27:13.731Z,sell,1.41e-06,260.0,0.0003666
SNM/BTC,1564190851617,2019-07-27T01:27:31.617Z,buy,1.42e-06,2762.0,0.00392204
SNM/BTC,1564190851632,2019-07-27T01:27:31.632Z,buy,1.42e-06,2762.0,0.00392204
SNM/BTC,1564190915573,2019-07-27T01:28:35.573Z,sell,1.41e-06,72.0,0.00010152
SNM/BTC,1564191390440,2019-07-27T01:36:30.440Z,sell,1.41e-06,851.0,0.00119991
SNM/BTC,1564191442759,2019-07-27T01:37:22.759Z,sell,1.4e-06,214.0,0.0002995999999999
SNM/BTC,1564191576674,2019-07-27T01:39:36.674Z,buy,1.41e-06,75.0,0.00010575
SNM/BTC,1564191595864,2019-07-27T01:39:55.864Z,buy,1.41e-06,13846.0,0.01952286
SNM/BTC,1564191596099,2019-07-27T01:39:56.099Z,sell,1.41e-06,2762.0,0.00389442
SNM/BTC,1564191623071,2019-07-27T01:40:23.071Z,buy,1.42e-06,3039.0,0.00431538
SNM/BTC,1564191976598,2019-07-27T01:46:16.598Z,sell,1.41e-06,24359.0,0.03434619
SNM/BTC,1564191976638,2019-07-27T01:46:16.638Z,buy,1.41e-06,227.0,0.00032007
SNM/BTC,1564191976667,2019-07-27T01:46:16.667Z,buy,1.41e-06,155.0,0.00021855
SNM/BTC,1564191976858,2019-07-27T01:46:16.858Z,buy,1.41e-06,227.0,0.00032007
SNM/BTC,1564191988405,2019-07-27T01:46:28.405Z,sell,1.4e-06,10793.0,0.0151101999999999
SNM/BTC,1564192159223,2019-07-27T01:49:19.223Z,buy,1.42e-06,72.0,0.00010224
SNM/BTC,1564192283335,2019-07-27T01:51:23.335Z,sell,1.41e-06,75.0,0.00010575
SNM/BTC,1564192289877,2019-07-27T01:51:29.877Z,sell,1.41e-06,7253.0,0.01022673
SNM/BTC,1564192565398,2019-07-27T01:56:05.398Z,buy,1.42e-06,35494.0,0.05040148
SNM/BTC,1564192685697,2019-07-27T01:58:05.697Z,buy,1.42e-06,75.0,0.0001065
SNM/BTC,1564193170681,2019-07-27T02:06:10.681Z,buy,1.42e-06,845.0,0.0011999
SNM/BTC,1564193368629,2019-07-27T02:09:28.629Z,buy,1.42e-06,26637.0,0.03782454
SNM/BTC,1564193368912,2019-07-27T02:09:28.912Z,sell,1.42e-06,227.0,0.00032234
SNM/BTC,1564193413472,2019-07-27T02:10:13.472Z,buy,1.43e-06,69087.0,0.09879441
SNM/BTC,1564193413472,2019-07-27T02:10:13.472Z,buy,1.43e-06,69087.0,0.09879441
SNM/BTC,1564193836339,2019-07-27T02:17:16.339Z,sell,1.42e-06,97.0,0.00013774
SNM/BTC,1564193850345,2019-07-27T02:17:30.345Z,sell,1.42e-06,498.0,0.00070716
SNM/BTC,1564193878578,2019-07-27T02:17:58.578Z,sell,1.42e-06,595.0,0.0008449
SNM/BTC,1564193880831,2019-07-27T02:18:00.831Z,sell,1.42e-06,108.0,0.00015336
SNM/BTC,1564194154759,2019-07-27T02:22:34.759Z,sell,1.42e-06,1536.0,0.00218112
SNM/BTC,1564194154794,2019-07-27T02:22:34.794Z,buy,1.42e-06,4269.0,0.00606198
SNM/BTC,1564194278694,2019-07-27T02:24:38.694Z,buy,1.43e-06,70.0,0.0001001
SNM/BTC,1564194330279,2019-07-27T02:25:30.279Z,buy,1.43e-06,17975.0,0.02570425
SNM/BTC,1564194615225,2019-07-27T02:30:15.225Z,buy,1.43e-06,1398.0,0.00199914
SNM/BTC,1564195280932,2019-07-27T02:41:20.932Z,buy,1.42e-06,1043.0,0.00148106
SNM/BTC,1564195324110,2019-07-27T02:42:04.110Z,buy,1.43e-06,2112.0,0.00302016
SNM/BTC,1564195825532,2019-07-27T02:50:25.532Z,buy,1.43e-06,46622.0,0.06666946
SNM/BTC,1564195825532,2019-07-27T02:50:25.532Z,buy,1.44e-06,11605.0,0.0167112
SNM/BTC,1564195825532,2019-07-27T02:50:25.532Z,buy,1.45e-06,82223.0,0.11922335
SNM/BTC,1564195825557,2019-07-27T02:50:25.557Z,sell,1.45e-06,15028.0,0.0217906
SNM/BTC,1564195830637,2019-07-27T02:50:30.637Z,buy,1.44e-06,2000.0,0.0028799999999999
SNM/BTC,1564195831230,2019-07-27T02:50:31.230Z,sell,1.43e-06,207.0,0.00029601
SNM/BTC,1564195832205,2019-07-27T02:50:32.205Z,buy,1.43e-06,1291.0,0.00184613
SNM/BTC,1564195849619,2019-07-27T02:50:49.619Z,sell,1.43e-06,3050.0,0.0043615
SNM/BTC,1564195863568,2019-07-27T02:51:03.568Z,sell,1.42e-06,1062.0,0.00150804
SNM/BTC,1564195948200,2019-07-27T02:52:28.200Z,sell,1.42e-06,2341.0,0.0033242199999999
SNM/BTC,1564196232755,2019-07-27T02:57:12.755Z,sell,1.42e-06,3155.0,0.0044801
SNM/BTC,1564196840484,2019-07-27T03:07:20.484Z,sell,1.42e-06,111.0,0.00015762
SNM/BTC,1564196840484,2019-07-27T03:07:20.484Z,sell,1.42e-06,111.0,0.00015762
SNM/BTC,1564197392619,2019-07-27T03:16:32.619Z,sell,1.42e-06,381.0,0.00054102
SNM/BTC,1564198041840,2019-07-27T03:27:21.840Z,sell,1.42e-06,6157.0,0.00874294
SNM/BTC,1564198174112,2019-07-27T03:29:34.112Z,buy,1.42e-06,10208.0,0.0144953599999999
SNM/BTC,1564198625685,2019-07-27T03:37:05.685Z,sell,1.41e-06,170844.0,0.24089004
SNM/BTC,1564198625685,2019-07-27T03:37:05.685Z,sell,1.4e-06,377461.0,0.5284454
SNM/BTC,1564198625685,2019-07-27T03:37:05.685Z,sell,1.39e-06,309193.0,0.42977827
SNM/BTC,1564198627080,2019-07-27T03:37:07.080Z,sell,1.41e-06,2420.0,0.0034122
SNM/BTC,1564198627145,2019-07-27T03:37:07.145Z,buy,1.41e-06,399.0,0.00056259
SNM/BTC,1564198677715,2019-07-27T03:37:57.715Z,sell,1.4e-06,16728.0,0.0234191999999999
SNM/BTC,1564198686774,2019-07-27T03:38:06.774Z,sell,1.4e-06,4072.0,0.0057008
SNM/BTC,1564198749485,2019-07-27T03:39:09.485Z,buy,1.41e-06,2128.0,0.00300048
SNM/BTC,1564198760653,2019-07-27T03:39:20.653Z,buy,1.41e-06,13254.0,0.01868814
SNM/BTC,1564198773078,2019-07-27T03:39:33.078Z,buy,1.42e-06,62053.0,0.08811526
SNM/BTC,1564199206833,2019-07-27T03:46:46.833Z,sell,1.41e-06,3381.0,0.00476721
SNM/BTC,1564199266284,2019-07-27T03:47:46.284Z,buy,1.41e-06,16465.0,0.02321565
SNM/BTC,1564199302384,2019-07-27T03:48:22.384Z,sell,1.41e-06,101.0,0.00014241
SNM/BTC,1564199304679,2019-07-27T03:48:24.679Z,sell,1.41e-06,14040.0,0.0197964
SNM/BTC,1564199340522,2019-07-27T03:49:00.522Z,sell,1.4e-06,74.0,0.0001036
SNM/BTC,1564199453621,2019-07-27T03:50:53.621Z,sell,1.4e-06,380.0,0.000532
SNM/BTC,1564199479340,2019-07-27T03:51:19.340Z,buy,1.41e-06,1564.0,0.00220524
SNM/BTC,1564199481611,2019-07-27T03:51:21.611Z,sell,1.4e-06,79.0,0.0001105999999999
SNM/BTC,1564199651042,2019-07-27T03:54:11.042Z,sell,1.4e-06,991.0,0.0013874
SNM/BTC,1564199775609,2019-07-27T03:56:15.609Z,sell,1.4e-06,74.0,0.0001036
SNM/BTC,1564200232948,2019-07-27T04:03:52.948Z,buy,1.41e-06,193.0,0.00027213
SNM/BTC,1564200246412,2019-07-27T04:04:06.412Z,sell,1.4e-06,75.0,0.0001049999999999
SNM/BTC,1564200257443,2019-07-27T04:04:17.443Z,sell,1.4e-06,74.0,0.0001036
SNM/BTC,1564200257443,2019-07-27T04:04:17.443Z,sell,1.4e-06,74.0,0.0001036
SNM/BTC,1564200448178,2019-07-27T04:07:28.178Z,sell,1.4e-06,1409.0,0.0019725999999999
SNM/BTC,1564200645429,2019-07-27T04:10:45.429Z,buy,1.41e-06,1093.0,0.00154113
SNM/BTC,1564200661782,2019-07-27T04:11:01.782Z,sell,1.4e-06,74.0,0.0001036
SNM/BTC,1564200733572,2019-07-27T04:12:13.572Z,sell,1.4e-06,75.0,0.0001049999999999
SNM/BTC,1564200938974,2019-07-27T04:15:38.974Z,sell,1.4e-06,120958.0,0.1693412
SNM/BTC,1564200938996,2019-07-27T04:15:38.996Z,buy,1.4e-06,8829.0,0.0123606
SNM/BTC,1564200939040,2019-07-27T04:15:39.040Z,buy,1.4e-06,172.0,0.0002408
SNM/BTC,1564200939052,2019-07-27T04:15:39.052Z,buy,1.4e-06,201.0,0.0002814
SNM/BTC,1564200939288,2019-07-27T04:15:39.288Z,buy,1.4e-06,172.0,0.0002408
SNM/BTC,1564200939953,2019-07-27T04:15:39.953Z,buy,1.4e-06,340.0,0.0004759999999999
SNM/BTC,1564200963710,2019-07-27T04:16:03.710Z,buy,1.4e-06,75.0,0.0001049999999999
SNM/BTC,1564200967121,2019-07-27T04:16:07.121Z,buy,1.4e-06,75.0,0.0001049999999999
SNM/BTC,1564200970528,2019-07-27T04:16:10.528Z,buy,1.4e-06,75.0,0.0001049999999999
SNM/BTC,1564200975915,2019-07-27T04:16:15.915Z,buy,1.4e-06,74.0,0.0001036
SNM/BTC,1564200982056,2019-07-27T04:16:22.056Z,buy,1.4e-06,74.0,0.0001036
SNM/BTC,1564200983822,2019-07-27T04:16:23.822Z,buy,1.4e-06,74.0,0.0001036
SNM/BTC,1564200985794,2019-07-27T04:16:25.794Z,buy,1.4e-06,75.0,0.0001049999999999
SNM/BTC,1564200988095,2019-07-27T04:16:28.095Z,buy,1.4e-06,74.0,0.0001036
SNM/BTC,1564200991349,2019-07-27T04:16:31.349Z,buy,1.4e-06,74.0,0.0001036
SNM/BTC,1564200992878,2019-07-27T04:16:32.878Z,buy,1.4e-06,74.0,0.0001036
SNM/BTC,1564200994796,2019-07-27T04:16:34.796Z,buy,1.4e-06,74.0,0.0001036
SNM/BTC,1564201028060,2019-07-27T04:17:08.060Z,buy,1.41e-06,75.0,0.00010575
SNM/BTC,1564201031408,2019-07-27T04:17:11.408Z,buy,1.4e-06,74.0,0.0001036
SNM/BTC,1564201033872,2019-07-27T04:17:13.872Z,buy,1.4e-06,74.0,0.0001036
SNM/BTC,1564201046760,2019-07-27T04:17:26.760Z,buy,1.4e-06,83.0,0.0001161999999999
SNM/BTC,1564201052528,2019-07-27T04:17:32.528Z,buy,1.4e-06,783.0,0.0010961999999999
SNM/BTC,1564201087954,2019-07-27T04:18:07.954Z,buy,1.4e-06,131.0,0.0001833999999999
SNM/BTC,1564201191464,2019-07-27T04:19:51.464Z,sell,1.39e-06,3496.0,0.00485944
SNM/BTC,1564201208830,2019-07-27T04:20:08.830Z,sell,1.39e-06,23633.0,0.03284987
SNM/BTC,1564201208972,2019-07-27T04:20:08.972Z,sell,1.39e-06,77.0,0.00010703
SNM/BTC,1564201209705,2019-07-27T04:20:09.705Z,sell,1.39e-06,80.0,0.0001112
SNM/BTC,1564201211276,2019-07-27T04:20:11.276Z,buy,1.4e-06,74.0,0.0001036
SNM/BTC,1564201214453,2019-07-27T04:20:14.453Z,buy,1.4e-06,74.0,0.0001036
SNM/BTC,1564201217063,2019-07-27T04:20:17.063Z,buy,1.4e-06,74.0,0.0001036
SNM/BTC,1564201248317,2019-07-27T04:20:48.317Z,buy,1.4e-06,500.0,0.0007
SNM/BTC,1564201265177,2019-07-27T04:21:05.177Z,sell,1.39e-06,4101.0,0.00570039
SNM/BTC,1564201267933,2019-07-27T04:21:07.933Z,buy,1.4e-06,74.0,0.0001036
SNM/BTC,1564201285639,2019-07-27T04:21:25.639Z,buy,1.4e-06,74.0,0.0001036
SNM/BTC,1564201332889,2019-07-27T04:22:12.889Z,buy,1.4e-06,1712.0,0.0023967999999999
SNM/BTC,1564201493353,2019-07-27T04:24:53.353Z,buy,1.4e-06,84.0,0.0001176
SNM/BTC,1564201493353,2019-07-27T04:24:53.353Z,buy,1.41e-06,7.0,9.87e-06
SNM/BTC,1564201533757,2019-07-27T04:25:33.757Z,sell,1.39e-06,378.0,0.00052542
SNM/BTC,1564201538137,2019-07-27T04:25:38.137Z,buy,1.41e-06,74.0,0.00010434
SNM/BTC,1564201675565,2019-07-27T04:27:55.565Z,buy,1.4e-06,157.0,0.0002198
SNM/BTC,1564202284725,2019-07-27T04:38:04.725Z,buy,1.41e-06,71.0,0.00010011
SNM/BTC,1564202288939,2019-07-27T04:38:08.939Z,sell,1.4e-06,4263.0,0.0059682
SNM/BTC,1564202289175,2019-07-27T04:38:09.175Z,buy,1.4e-06,714.0,0.0009996
SNM/BTC,1564202289589,2019-07-27T04:38:09.589Z,buy,1.4e-06,3629.0,0.0050805999999999
SNM/BTC,1564202304278,2019-07-27T04:38:24.278Z,buy,1.41e-06,71.0,0.00010011
SNM/BTC,1564202810077,2019-07-27T04:46:50.077Z,buy,1.41e-06,26.0,3.6660000000000005e-05
SNM/BTC,1564202811100,2019-07-27T04:46:51.100Z,buy,1.41e-06,22.0,3.102e-05
SNM/BTC,1564202894871,2019-07-27T04:48:14.871Z,buy,1.41e-06,71.0,0.00010011
SNM/BTC,1564203054284,2019-07-27T04:50:54.284Z,buy,1.41e-06,20.0,2.82e-05
SNM/BTC,1564203178940,2019-07-27T04:52:58.940Z,sell,1.4e-06,8122.0,0.0113708
SNM/BTC,1564203348476,2019-07-27T04:55:48.476Z,sell,1.4e-06,928.0,0.0012992
SNM/BTC,1564203600513,2019-07-27T05:00:00.513Z,sell,1.4e-06,1790.0,0.002506
SNM/BTC,1564203722836,2019-07-27T05:02:02.836Z,sell,1.4e-06,2084.0,0.0029176
SNM/BTC,1564203722836,2019-07-27T05:02:02.836Z,sell,1.4e-06,2084.0,0.0029176
SNM/BTC,1564204650884,2019-07-27T05:17:30.884Z,sell,1.4e-06,329.0,0.0004606
SNM/BTC,1564204845623,2019-07-27T05:20:45.623Z,buy,1.41e-06,1388.0,0.00195708
SNM/BTC,1564205512959,2019-07-27T05:31:52.959Z,sell,1.4e-06,882.0,0.0012347999999999
SNM/BTC,1564205817383,2019-07-27T05:36:57.383Z,sell,1.4e-06,952.0,0.0013327999999999
SNM/BTC,1564205836958,2019-07-27T05:37:16.958Z,buy,1.41e-06,22.0,3.102e-05
SNM/BTC,1564207148114,2019-07-27T05:59:08.114Z,sell,1.4e-06,1720.0,0.002408
SNM/BTC,1564207148114,2019-07-27T05:59:08.114Z,sell,1.4e-06,1720.0,0.002408
SNM/BTC,1564207450293,2019-07-27T06:04:10.293Z,buy,1.41e-06,23.0,3.243e-05
SNM/BTC,1564207452150,2019-07-27T06:04:12.150Z,sell,1.4e-06,87.0,0.0001217999999999
SNM/BTC,1564207511715,2019-07-27T06:05:11.715Z,buy,1.41e-06,1362.0,0.00192042
SNM/BTC,1564207632674,2019-07-27T06:07:12.674Z,sell,1.4e-06,79883.0,0.1118362
SNM/BTC,1564207632705,2019-07-27T06:07:12.705Z,buy,1.4e-06,2295.0,0.0032129999999999
SNM/BTC,1564207632736,2019-07-27T06:07:12.736Z,buy,1.4e-06,2295.0,0.0032129999999999
SNM/BTC,1564207632737,2019-07-27T06:07:12.737Z,buy,1.4e-06,2295.0,0.0032129999999999
SNM/BTC,1564207635292,2019-07-27T06:07:15.292Z,buy,1.4e-06,1635.0,0.002289
SNM/BTC,1564207930510,2019-07-27T06:12:10.510Z,buy,1.4e-06,1043.0,0.0014602
SNM/BTC,1564208062579,2019-07-27T06:14:22.579Z,buy,1.4e-06,89.0,0.0001246
SNM/BTC,1564208257167,2019-07-27T06:17:37.167Z,buy,1.4e-06,376.0,0.0005264
SNM/BTC,1564208286871,2019-07-27T06:18:06.871Z,buy,1.4e-06,93.0,0.0001302
SNM/BTC,1564208334586,2019-07-27T06:18:54.586Z,sell,1.39e-06,2238.0,0.00311082
SNM/BTC,1564208484454,2019-07-27T06:21:24.454Z,buy,1.4e-06,2410.0,0.003374
SNM/BTC,1564208658212,2019-07-27T06:24:18.212Z,buy,1.4e-06,5269.0,0.0073766
SNM/BTC,1564209334377,2019-07-27T06:35:34.377Z,buy,1.4e-06,629.0,0.0008805999999999
SNM/BTC,1564209431832,2019-07-27T06:37:11.832Z,buy,1.4e-06,2325.0,0.0032549999999999
SNM/BTC,1564209625455,2019-07-27T06:40:25.455Z,buy,1.4e-06,6000.0,0.0084
SNM/BTC,1564210385191,2019-07-27T06:53:05.191Z,buy,1.4e-06,120651.0,0.1689114
SNM/BTC,1564210385191,2019-07-27T06:53:05.191Z,buy,1.4e-06,120651.0,0.1689114
SNM/BTC,1564210969819,2019-07-27T07:02:49.819Z,sell,1.39e-06,35561.0,0.04942979
SNM/BTC,1564211010968,2019-07-27T07:03:30.968Z,buy,1.4e-06,852.0,0.0011928
SNM/BTC,1564211852359,2019-07-27T07:17:32.359Z,buy,1.4e-06,14285.0,0.019999
SNM/BTC,1564212092687,2019-07-27T07:21:32.687Z,buy,1.4e-06,1621.0,0.0022694
SNM/BTC,1564212929378,2019-07-27T07:35:29.378Z,sell,1.39e-06,21173.0,0.02943047
SNM/BTC,1564212937795,2019-07-27T07:35:37.795Z,buy,1.4e-06,1215.0,0.0017009999999999
SNM/BTC,1564213028550,2019-07-27T07:37:08.550Z,sell,1.39e-06,33216.0,0.04617024
SNM/BTC,1564213150498,2019-07-27T07:39:10.498Z,sell,1.39e-06,80.0,0.0001112
SNM/BTC,1564213316815,2019-07-27T07:41:56.815Z,buy,1.4e-06,956.0,0.0013384
SNM/BTC,1564213808655,2019-07-27T07:50:08.655Z,buy,1.4e-06,99.0,0.0001385999999999
SNM/BTC,1564213976613,2019-07-27T07:52:56.613Z,sell,1.39e-06,2153.0,0.00299267
SNM/BTC,1564213976613,2019-07-27T07:52:56.613Z,sell,1.39e-06,2153.0,0.00299267
SNM/BTC,1564214072231,2019-07-27T07:54:32.231Z,sell,1.39e-06,2739.0,0.00380721
SNM/BTC,1564214257007,2019-07-27T07:57:37.007Z,sell,1.39e-06,34973.0,0.04861247
SNM/BTC,1564214525084,2019-07-27T08:02:05.084Z,buy,1.4e-06,1246.0,0.0017444
SNM/BTC,1564215405063,2019-07-27T08:16:45.063Z,buy,1.4e-06,182.0,0.0002548
SNM/BTC,1564215587427,2019-07-27T08:19:47.427Z,buy,1.4e-06,236.0,0.0003304
SNM/BTC,1564215655072,2019-07-27T08:20:55.072Z,buy,1.4e-06,790.0,0.001106
SNM/BTC,1564216277847,2019-07-27T08:31:17.847Z,sell,1.39e-06,1056.0,0.00146784
SNM/BTC,1564216577652,2019-07-27T08:36:17.652Z,sell,1.39e-06,121206.0,0.16847634
SNM/BTC,1564216577676,2019-07-27T08:36:17.676Z,buy,1.39e-06,8795.0,0.01222505
SNM/BTC,1564216577686,2019-07-27T08:36:17.686Z,buy,1.39e-06,2758.0,0.00383362
SNM/BTC,1564216577705,2019-07-27T08:36:17.705Z,buy,1.39e-06,3418.0,0.00475102
SNM/BTC,1564216577711,2019-07-27T08:36:17.711Z,buy,1.39e-06,8638.0,0.01200682
SNM/BTC,1564216577726,2019-07-27T08:36:17.726Z,buy,1.39e-06,1137.0,0.00158043
SNM/BTC,1564216592496,2019-07-27T08:36:32.496Z,sell,1.38e-06,1815.0,0.0025047
SNM/BTC,1564216592496,2019-07-27T08:36:32.496Z,sell,1.38e-06,6000.0,0.00828
SNM/BTC,1564216936887,2019-07-27T08:42:16.887Z,buy,1.39e-06,3026.0,0.00420614
SNM/BTC,1564217090266,2019-07-27T08:44:50.266Z,buy,1.39e-06,5446.0,0.00756994
SNM/BTC,1564217225071,2019-07-27T08:47:05.071Z,buy,1.39e-06,2877.0,0.00399903
SNM/BTC,1564217226875,2019-07-27T08:47:06.875Z,buy,1.39e-06,2792.0,0.00388088
SNM/BTC,1564217227199,2019-07-27T08:47:07.199Z,sell,1.39e-06,85.0,0.00011815
SNM/BTC,1564217228517,2019-07-27T08:47:08.517Z,buy,1.39e-06,125.0,0.00017375
SNM/BTC,1564217229346,2019-07-27T08:47:09.346Z,sell,1.38e-06,11044.0,0.01524072
SNM/BTC,1564217231286,2019-07-27T08:47:11.286Z,buy,1.39e-06,46.0,6.394e-05
SNM/BTC,1564217231305,2019-07-27T08:47:11.305Z,sell,1.39e-06,2831.0,0.00393509
SNM/BTC,1564217491444,2019-07-27T08:51:31.444Z,sell,1.39e-06,1208.0,0.00167912
SNM/BTC,1564217573162,2019-07-27T08:52:53.162Z,sell,1.38e-06,3036.0,0.0041896799999999
SNM/BTC,1564217573162,2019-07-27T08:52:53.162Z,sell,1.38e-06,3036.0,0.0041896799999999
SNM/BTC,1564217899790,2019-07-27T08:58:19.790Z,sell,1.38e-06,80.0,0.0001104
SNM/BTC,1564217937961,2019-07-27T08:58:57.961Z,buy,1.4e-06,7142.0,0.0099988
SNM/BTC,1564218051129,2019-07-27T09:00:51.129Z,buy,1.39e-06,1830.0,0.0025437
SNM/BTC,1564218051398,2019-07-27T09:00:51.398Z,buy,1.39e-06,195.0,0.00027105
SNM/BTC,1564218051439,2019-07-27T09:00:51.439Z,sell,1.39e-06,1804.0,0.00250756
SNM/BTC,1564218051445,2019-07-27T09:00:51.445Z,sell,1.39e-06,1.0,1.39e-06
SNM/BTC,1564218094226,2019-07-27T09:01:34.226Z,buy,1.39e-06,1804.0,0.00250756
SNM/BTC,1564218094264,2019-07-27T09:01:34.264Z,sell,1.39e-06,1073.0,0.00149147
SNM/BTC,1564218094321,2019-07-27T09:01:34.321Z,sell,1.38e-06,1073.0,0.00148074
SNM/BTC,1564218172721,2019-07-27T09:02:52.721Z,buy,1.39e-06,1073.0,0.00149147
SNM/BTC,1564218172738,2019-07-27T09:02:52.738Z,sell,1.39e-06,10028.0,0.01393892
SNM/BTC,1564218443827,2019-07-27T09:07:23.827Z,buy,1.39e-06,10071.0,0.01399869
SNM/BTC,1564218625915,2019-07-27T09:10:25.915Z,buy,1.4e-06,3060.0,0.004284
SNM/BTC,1564218670202,2019-07-27T09:11:10.202Z,sell,1.39e-06,1342.0,0.00186538
SNM/BTC,1564218692388,2019-07-27T09:11:32.388Z,sell,1.38e-06,7246.0,0.00999948
SNM/BTC,1564218755108,2019-07-27T09:12:35.108Z,sell,1.38e-06,3653.0,0.0050411399999999
SNM/BTC,1564219000089,2019-07-27T09:16:40.089Z,sell,1.39e-06,1116.0,0.00155124
SNM/BTC,1564219000113,2019-07-27T09:16:40.113Z,sell,1.39e-06,3356.0,0.00466484
SNM/BTC,1564219000181,2019-07-27T09:16:40.181Z,sell,1.39e-06,1116.0,0.00155124
SNM/BTC,1564219011752,2019-07-27T09:16:51.752Z,sell,1.39e-06,87.0,0.00012093
SNM/BTC,1564219317140,2019-07-27T09:21:57.140Z,buy,1.4e-06,1945.0,0.0027229999999999
SNM/BTC,1564219520598,2019-07-27T09:25:20.598Z,sell,1.39e-06,500.0,0.000695
SNM/BTC,1564219537764,2019-07-27T09:25:37.764Z,buy,1.4e-06,742.0,0.0010387999999999
SNM/BTC,1564219888315,2019-07-27T09:31:28.315Z,sell,1.39e-06,3071.0,0.00426869
SNM/BTC,1564220052660,2019-07-27T09:34:12.660Z,sell,1.39e-06,2877.0,0.00399903
SNM/BTC,1564220052779,2019-07-27T09:34:12.779Z,sell,1.39e-06,2877.0,0.00399903
SNM/BTC,1564220052795,2019-07-27T09:34:12.795Z,sell,1.39e-06,2877.0,0.00399903
SNM/BTC,1564220056972,2019-07-27T09:34:16.972Z,sell,1.39e-06,2877.0,0.00399903
SNM/BTC,1564220074080,2019-07-27T09:34:34.080Z,sell,1.39e-06,4319.0,0.00600341
SNM/BTC,1564220518917,2019-07-27T09:41:58.917Z,buy,1.39e-06,887.0,0.00123293
SNM/BTC,1564220549135,2019-07-27T09:42:29.135Z,buy,1.39e-06,185.0,0.00025715
SNM/BTC,1564220569719,2019-07-27T09:42:49.719Z,buy,1.39e-06,101.0,0.00014039
SNM/BTC,1564220585071,2019-07-27T09:43:05.071Z,buy,1.39e-06,182.0,0.00025298
SNM/BTC,1564220585071,2019-07-27T09:43:05.071Z,buy,1.39e-06,182.0,0.00025298
SNM/BTC,1564221428409,2019-07-27T09:57:08.409Z,sell,1.38e-06,3295.0,0.0045471
SNM/BTC,1564221428409,2019-07-27T09:57:08.409Z,sell,1.38e-06,647.0,0.00089286
SNM/BTC,1564221699377,2019-07-27T10:01:39.377Z,buy,1.39e-06,1806.0,0.00251034
SNM/BTC,1564221768071,2019-07-27T10:02:48.071Z,sell,1.38e-06,168870.0,0.2330406
SNM/BTC,1564221806152,2019-07-27T10:03:26.152Z,sell,1.38e-06,3034.0,0.0041869199999999
SNM/BTC,1564221844779,2019-07-27T10:04:04.779Z,sell,1.38e-06,4131.0,0.00570078
SNM/BTC,1564222688977,2019-07-27T10:18:08.977Z,buy,1.39e-06,73.0,0.00010147
SNM/BTC,1564222779015,2019-07-27T10:19:39.015Z,buy,1.39e-06,988.0,0.00137332
SNM/BTC,1564223080128,2019-07-27T10:24:40.128Z,buy,1.39e-06,72.0,0.00010008
SNM/BTC,1564223087179,2019-07-27T10:24:47.179Z,buy,1.39e-06,4803.0,0.00667617
SNM/BTC,1564223089206,2019-07-27T10:24:49.206Z,buy,1.39e-06,2200.0,0.003058
SNM/BTC,1564223129309,2019-07-27T10:25:29.309Z,sell,1.38e-06,1398.0,0.0019292399999999
SNM/BTC,1564223148639,2019-07-27T10:25:48.639Z,buy,1.39e-06,361.0,0.00050179
SNM/BTC,1564223148830,2019-07-27T10:25:48.830Z,buy,1.39e-06,244.0,0.00033916
SNM/BTC,1564223149005,2019-07-27T10:25:49.005Z,buy,1.39e-06,241.0,0.00033499
SNM/BTC,1564223149114,2019-07-27T10:25:49.114Z,buy,1.39e-06,258.0,0.00035862
SNM/BTC,1564223149756,2019-07-27T10:25:49.756Z,buy,1.39e-06,1426.0,0.00198214
SNM/BTC,1564223149957,2019-07-27T10:25:49.957Z,buy,1.39e-06,827.0,0.00114953
SNM/BTC,1564223161177,2019-07-27T10:26:01.177Z,buy,1.39e-06,191.0,0.00026549
SNM/BTC,1564223162922,2019-07-27T10:26:02.922Z,buy,1.39e-06,9235.0,0.01283665
SNM/BTC,1564223237778,2019-07-27T10:27:17.778Z,buy,1.39e-06,575.0,0.00079925
SNM/BTC,1564223243245,2019-07-27T10:27:23.245Z,buy,1.39e-06,178.0,0.00024742
SNM/BTC,1564223243357,2019-07-27T10:27:23.357Z,buy,1.39e-06,786.0,0.00109254
SNM/BTC,1564223243790,2019-07-27T10:27:23.790Z,buy,1.39e-06,178.0,0.00024742
SNM/BTC,1564223244146,2019-07-27T10:27:24.146Z,buy,1.39e-06,491.0,0.00068249
SNM/BTC,1564223246365,2019-07-27T10:27:26.365Z,buy,1.39e-06,202.0,0.00028078
SNM/BTC,1564223259162,2019-07-27T10:27:39.162Z,buy,1.39e-06,41544.0,0.05774616
SNM/BTC,1564223273779,2019-07-27T10:27:53.779Z,sell,1.38e-06,84291.0,0.11632158
SNM/BTC,1564223283668,2019-07-27T10:28:03.668Z,buy,1.39e-06,11615.0,0.01614485
SNM/BTC,1564223289888,2019-07-27T10:28:09.888Z,sell,1.39e-06,178.0,0.00024742
SNM/BTC,1564223753849,2019-07-27T10:35:53.849Z,sell,1.38e-06,3623.0,0.00499974
SNM/BTC,1564223760753,2019-07-27T10:36:00.753Z,sell,1.37e-06,1263.0,0.00173031
SNM/BTC,1564223760769,2019-07-27T10:36:00.769Z,sell,1.37e-06,714.0,0.00097818
SNM/BTC,1564223764569,2019-07-27T10:36:04.569Z,sell,1.37e-06,1095.0,0.00150015
SNM/BTC,1564223772148,2019-07-27T10:36:12.148Z,buy,1.39e-06,4881.0,0.00678459
SNM/BTC,1564223957715,2019-07-27T10:39:17.715Z,sell,1.37e-06,9842.0,0.01348354
SNM/BTC,1564223959370,2019-07-27T10:39:19.370Z,sell,1.37e-06,3629.0,0.00497173
SNM/BTC,1564223959941,2019-07-27T10:39:19.941Z,sell,1.37e-06,28000.0,0.03836
SNM/BTC,1564223959942,2019-07-27T10:39:19.942Z,sell,1.37e-06,27000.0,0.03699
SNM/BTC,1564223959944,2019-07-27T10:39:19.944Z,sell,1.37e-06,20231.0,0.02771647
SNM/BTC,1564223959973,2019-07-27T10:39:19.973Z,buy,1.37e-06,6713.0,0.00919681
SNM/BTC,1564223959976,2019-07-27T10:39:19.976Z,buy,1.37e-06,56.0,7.672e-05
SNM/BTC,1564223960003,2019-07-27T10:39:20.003Z,buy,1.38e-06,6713.0,0.00926394
SNM/BTC,1564223960368,2019-07-27T10:39:20.368Z,sell,1.37e-06,3209.0,0.00439633
SNM/BTC,1564223960404,2019-07-27T10:39:20.404Z,buy,1.37e-06,302.0,0.00041374
SNM/BTC,1564223960461,2019-07-27T10:39:20.461Z,buy,1.37e-06,310.0,0.0004247
SNM/BTC,1564223960512,2019-07-27T10:39:20.512Z,buy,1.37e-06,123.0,0.00016851
SNM/BTC,1564223960562,2019-07-27T10:39:20.562Z,buy,1.37e-06,217.0,0.00029729
SNM/BTC,1564223960691,2019-07-27T10:39:20.691Z,buy,1.37e-06,193.0,0.00026441
SNM/BTC,1564223960750,2019-07-27T10:39:20.750Z,buy,1.37e-06,23646.0,0.03239502
SNM/BTC,1564223961459,2019-07-27T10:39:21.459Z,sell,1.36e-06,6389.0,0.0086890399999999
SNM/BTC,1564223961459,2019-07-27T10:39:21.459Z,sell,1.36e-06,8401.0,0.0114253599999999
SNM/BTC,1564223993094,2019-07-27T10:39:53.094Z,sell,1.37e-06,1438.0,0.00197006
SNM/BTC,1564223993155,2019-07-27T10:39:53.155Z,buy,1.37e-06,1596.0,0.00218652
SNM/BTC,1564223993367,2019-07-27T10:39:53.367Z,buy,1.37e-06,234.0,0.00032058
SNM/BTC,1564223994083,2019-07-27T10:39:54.083Z,buy,1.37e-06,820.0,0.0011234
SNM/BTC,1564223998468,2019-07-27T10:39:58.468Z,buy,1.37e-06,1551.0,0.00212487
SNM/BTC,1564223999044,2019-07-27T10:39:59.044Z,buy,1.37e-06,1551.0,0.00212487
SNM/BTC,1564224005177,2019-07-27T10:40:05.177Z,sell,1.36e-06,4192.0,0.00570112
SNM/BTC,1564224008978,2019-07-27T10:40:08.978Z,sell,1.36e-06,714.0,0.0009710399999999
SNM/BTC,1564224089943,2019-07-27T10:41:29.943Z,buy,1.37e-06,192.0,0.00026304
SNM/BTC,1564224091763,2019-07-27T10:41:31.763Z,buy,1.37e-06,97.0,0.00013289
SNM/BTC,1564224093448,2019-07-27T10:41:33.448Z,buy,1.38e-06,1751.0,0.0024163799999999
SNM/BTC,1564224104433,2019-07-27T10:41:44.433Z,sell,1.37e-06,128.0,0.00017536
SNM/BTC,1564224112762,2019-07-27T10:41:52.762Z,sell,1.37e-06,500.0,0.000685
SNM/BTC,1564224115129,2019-07-27T10:41:55.129Z,buy,1.38e-06,2638.0,0.00364044
SNM/BTC,1564224115129,2019-07-27T10:41:55.129Z,buy,1.38e-06,2638.0,0.00364044
SNM/BTC,1564224195846,2019-07-27T10:43:15.846Z,sell,1.36e-06,3056.0,0.00415616
SNM/BTC,1564224695858,2019-07-27T10:51:35.858Z,buy,1.38e-06,7605.0,0.0104949
SNM/BTC,1564224696368,2019-07-27T10:51:36.368Z,buy,1.38e-06,28000.0,0.03864
SNM/BTC,1564224696854,2019-07-27T10:51:36.854Z,buy,1.38e-06,27000.0,0.0372599999999999
SNM/BTC,1564224696855,2019-07-27T10:51:36.855Z,buy,1.38e-06,580.0,0.0008003999999999
SNM/BTC,1564224696881,2019-07-27T10:51:36.881Z,sell,1.38e-06,2306.0,0.00318228
SNM/BTC,1564224696905,2019-07-27T10:51:36.905Z,sell,1.38e-06,6222.0,0.00858636
SNM/BTC,1564224697044,2019-07-27T10:51:37.044Z,sell,1.38e-06,2086.0,0.0028786799999999
SNM/BTC,1564224697142,2019-07-27T10:51:37.142Z,sell,1.38e-06,2001.0,0.00276138
SNM/BTC,1564224729565,2019-07-27T10:52:09.565Z,buy,1.39e-06,1087.0,0.00151093
SNM/BTC,1564225213123,2019-07-27T11:00:13.123Z,sell,1.38e-06,47954.0,0.06617652
SNM/BTC,1564225214057,2019-07-27T11:00:14.057Z,buy,1.38e-06,1000.0,0.00138
SNM/BTC,1564225214059,2019-07-27T11:00:14.059Z,buy,1.38e-06,1000.0,0.00138
SNM/BTC,1564225214059,2019-07-27T11:00:14.059Z,buy,1.38e-06,2000.0,0.00276
SNM/BTC,1564225214115,2019-07-27T11:00:14.115Z,buy,1.38e-06,2000.0,0.00276
SNM/BTC,1564225246315,2019-07-27T11:00:46.315Z,sell,1.37e-06,5462.0,0.00748294
SNM/BTC,1564225482988,2019-07-27T11:04:42.988Z,buy,1.38e-06,24029.0,0.03316002
SNM/BTC,1564225529690,2019-07-27T11:05:29.690Z,sell,1.37e-06,81.0,0.00011097
SNM/BTC,1564225713235,2019-07-27T11:08:33.235Z,buy,1.38e-06,39567.0,0.05460246
SNM/BTC,1564225731832,2019-07-27T11:08:51.832Z,buy,1.39e-06,72804.0,0.10119756
SNM/BTC,1564225858454,2019-07-27T11:10:58.454Z,sell,1.38e-06,1334.0,0.0018409199999999
SNM/BTC,1564225955223,2019-07-27T11:12:35.223Z,sell,1.38e-06,666.0,0.00091908
SNM/BTC,1564226112711,2019-07-27T11:15:12.711Z,buy,1.38e-06,121.0,0.0001669799999999
SNM/BTC,1564226251433,2019-07-27T11:17:31.433Z,buy,1.38e-06,176.0,0.0002428799999999
SNM/BTC,1564226258457,2019-07-27T11:17:38.457Z,buy,1.38e-06,417.0,0.00057546
SNM/BTC,1564226291951,2019-07-27T11:18:11.951Z,buy,1.38e-06,83.0,0.00011454
SNM/BTC,1564226330872,2019-07-27T11:18:50.872Z,sell,1.37e-06,5901.0,0.00808437
SNM/BTC,1564226530373,2019-07-27T11:22:10.373Z,buy,1.38e-06,6371.0,0.00879198
SNM/BTC,1564226761559,2019-07-27T11:26:01.559Z,buy,1.38e-06,5781.0,0.00797778
SNM/BTC,1564227169051,2019-07-27T11:32:49.051Z,buy,1.39e-06,16888.0,0.02347432
SNM/BTC,1564227689738,2019-07-27T11:41:29.738Z,buy,1.38e-06,2898.0,0.0039992399999999
SNM/BTC,1564227689815,2019-07-27T11:41:29.815Z,buy,1.38e-06,85.0,0.0001172999999999
SNM/BTC,1564227689815,2019-07-27T11:41:29.815Z,buy,1.38e-06,85.0,0.0001172999999999
SNM/BTC,1564227724021,2019-07-27T11:42:04.021Z,buy,1.39e-06,2173.0,0.00302047
SNM/BTC,1564228007835,2019-07-27T11:46:47.835Z,sell,1.38e-06,176.0,0.0002428799999999
SNM/BTC,1564228015353,2019-07-27T11:46:55.353Z,sell,1.38e-06,1596.0,0.0022024799999999
SNM/BTC,1564228034813,2019-07-27T11:47:14.813Z,sell,1.38e-06,80.0,0.0001104
SNM/BTC,1564228065968,2019-07-27T11:47:45.968Z,sell,1.38e-06,148.0,0.0002042399999999
SNM/BTC,1564228070142,2019-07-27T11:47:50.142Z,sell,1.37e-06,148.0,0.00020276
SNM/BTC,1564228100525,2019-07-27T11:48:20.525Z,buy,1.38e-06,80.0,0.0001104
SNM/BTC,1564228210208,2019-07-27T11:50:10.208Z,sell,1.37e-06,81.0,0.00011097
SNM/BTC,1564228239553,2019-07-27T11:50:39.553Z,buy,1.38e-06,729.0,0.0010060199999999
SNM/BTC,1564228242788,2019-07-27T11:50:42.788Z,buy,1.38e-06,3712.0,0.00512256
SNM/BTC,1564228335701,2019-07-27T11:52:15.701Z,buy,1.38e-06,85.0,0.0001172999999999
SNM/BTC,1564228367484,2019-07-27T11:52:47.484Z,buy,1.39e-06,2173.0,0.00302047
SNM/BTC,1564228392143,2019-07-27T11:53:12.143Z,buy,1.39e-06,231.0,0.00032109
SNM/BTC,1564228876284,2019-07-27T12:01:16.284Z,buy,1.38e-06,2640.0,0.0036431999999999
SNM/BTC,1564229418595,2019-07-27T12:10:18.595Z,sell,1.38e-06,251.0,0.00034638
SNM/BTC,1564229418734,2019-07-27T12:10:18.734Z,sell,1.38e-06,241.0,0.0003325799999999
SNM/BTC,1564229852882,2019-07-27T12:17:32.882Z,sell,1.38e-06,522.0,0.00072036
SNM/BTC,1564229881490,2019-07-27T12:18:01.490Z,sell,1.38e-06,85.0,0.0001172999999999
SNM/BTC,1564230104124,2019-07-27T12:21:44.124Z,buy,1.39e-06,1020.0,0.0014178
SNM/BTC,1564230348257,2019-07-27T12:25:48.257Z,sell,1.38e-06,310.0,0.0004278
SNM/BTC,1564230351261,2019-07-27T12:25:51.261Z,sell,1.38e-06,307.0,0.0004236599999999
SNM/BTC,1564230352847,2019-07-27T12:25:52.847Z,sell,1.38e-06,536.0,0.0007396799999999
SNM/BTC,1564230357409,2019-07-27T12:25:57.409Z,sell,1.38e-06,722.0,0.00099636
SNM/BTC,1564230357524,2019-07-27T12:25:57.524Z,sell,1.38e-06,13226.0,0.0182518799999999
SNM/BTC,1564230484471,2019-07-27T12:28:04.471Z,buy,1.38e-06,457.0,0.00063066
SNM/BTC,1564231002137,2019-07-27T12:36:42.137Z,sell,1.37e-06,6700.0,0.009179
SNM/BTC,1564231048192,2019-07-27T12:37:28.192Z,buy,1.38e-06,16299.0,0.0224926199999999
SNM/BTC,1564231048192,2019-07-27T12:37:28.192Z,buy,1.39e-06,16336.0,0.02270704
SNM/BTC,1564231143621,2019-07-27T12:39:03.621Z,buy,1.38e-06,10000.0,0.0138
SNM/BTC,1564231176287,2019-07-27T12:39:36.287Z,sell,1.37e-06,675.0,0.00092475
SNM/BTC,1564231176287,2019-07-27T12:39:36.287Z,sell,1.37e-06,675.0,0.00092475
SNM/BTC,1564231532996,2019-07-27T12:45:32.996Z,sell,1.37e-06,94001.0,0.12878137
SNM/BTC,1564231868508,2019-07-27T12:51:08.508Z,buy,1.38e-06,1480.0,0.0020423999999999
SNM/BTC,1564232216163,2019-07-27T12:56:56.163Z,buy,1.38e-06,189.0,0.00026082
SNM/BTC,1564232396434,2019-07-27T12:59:56.434Z,buy,1.38e-06,83.0,0.00011454
SNM/BTC,1564232438133,2019-07-27T13:00:38.133Z,sell,1.37e-06,2670.0,0.0036579
SNM/BTC,1564232445556,2019-07-27T13:00:45.556Z,sell,1.37e-06,878.0,0.00120286
SNM/BTC,1564233141767,2019-07-27T13:12:21.767Z,buy,1.39e-06,898.0,0.00124822
SNM/BTC,1564233223177,2019-07-27T13:13:43.177Z,sell,1.38e-06,14429.0,0.01991202
SNM/BTC,1564233266527,2019-07-27T13:14:26.527Z,buy,1.38e-06,75.0,0.0001035
SNM/BTC,1564233454726,2019-07-27T13:17:34.726Z,buy,1.39e-06,171.0,0.00023769
SNM/BTC,1564233483370,2019-07-27T13:18:03.370Z,buy,1.39e-06,180.0,0.0002502
SNM/BTC,1564233483425,2019-07-27T13:18:03.425Z,buy,1.39e-06,180.0,0.0002502
SNM/BTC,1564233687543,2019-07-27T13:21:27.543Z,sell,1.37e-06,1727.0,0.00236599
SNM/BTC,1564233808008,2019-07-27T13:23:28.008Z,sell,1.37e-06,89022.0,0.12196014
SNM/BTC,1564233808031,2019-07-27T13:23:28.031Z,buy,1.37e-06,4188.0,0.00573756
SNM/BTC,1564233808065,2019-07-27T13:23:28.065Z,buy,1.37e-06,3825.0,0.00524025
SNM/BTC,1564233892097,2019-07-27T13:24:52.097Z,buy,1.37e-06,209.0,0.00028633
SNM/BTC,1564234025749,2019-07-27T13:27:05.749Z,buy,1.37e-06,249.0,0.00034113
SNM/BTC,1564234026907,2019-07-27T13:27:06.907Z,buy,1.37e-06,371.0,0.00050827
SNM/BTC,1564234085402,2019-07-27T13:28:05.402Z,sell,1.36e-06,81.0,0.0001101599999999
SNM/BTC,1564234146752,2019-07-27T13:29:06.752Z,buy,1.37e-06,875.0,0.00119875
SNM/BTC,1564234201908,2019-07-27T13:30:01.908Z,buy,1.37e-06,44543.0,0.06102391
SNM/BTC,1564234309625,2019-07-27T13:31:49.625Z,buy,1.37e-06,3673.0,0.00503201
SNM/BTC,1564234318458,2019-07-27T13:31:58.458Z,buy,1.37e-06,66742.0,0.09143654
SNM/BTC,1564234333226,2019-07-27T13:32:13.226Z,buy,1.37e-06,435.0,0.00059595
SNM/BTC,1564234333372,2019-07-27T13:32:13.372Z,buy,1.37e-06,435.0,0.00059595
SNM/BTC,1564234608818,2019-07-27T13:36:48.818Z,buy,1.37e-06,217.0,0.00029729
SNM/BTC,1564234677861,2019-07-27T13:37:57.861Z,buy,1.37e-06,304.0,0.00041648
SNM/BTC,1564234685380,2019-07-27T13:38:05.380Z,buy,1.37e-06,190.0,0.0002603
SNM/BTC,1564234704594,2019-07-27T13:38:24.594Z,buy,1.37e-06,238.0,0.00032606
SNM/BTC,1564234706416,2019-07-27T13:38:26.416Z,buy,1.37e-06,2996.0,0.00410452
SNM/BTC,1564234716213,2019-07-27T13:38:36.213Z,buy,1.37e-06,222.0,0.00030414
SNM/BTC,1564234721521,2019-07-27T13:38:41.521Z,buy,1.37e-06,2286.0,0.00313182
SNM/BTC,1564234721521,2019-07-27T13:38:41.521Z,buy,1.37e-06,2286.0,0.00313182
SNM/BTC,1564234887921,2019-07-27T13:41:27.921Z,buy,1.37e-06,887.0,0.00121519
SNM/BTC,1564235102612,2019-07-27T13:45:02.612Z,buy,1.37e-06,1803.0,0.00247011
SNM/BTC,1564235183382,2019-07-27T13:46:23.382Z,buy,1.37e-06,10007.0,0.01370959
SNM/BTC,1564235233940,2019-07-27T13:47:13.940Z,buy,1.37e-06,9104.0,0.01247248
SNM/BTC,1564235296056,2019-07-27T13:48:16.056Z,buy,1.37e-06,944.0,0.00129328
SNM/BTC,1564235453383,2019-07-27T13:50:53.383Z,buy,1.37e-06,2552.0,0.00349624
SNM/BTC,1564235490610,2019-07-27T13:51:30.610Z,sell,1.36e-06,16888.0,0.0229676799999999
SNM/BTC,1564235602165,2019-07-27T13:53:22.165Z,sell,1.36e-06,4192.0,0.00570112
SNM/BTC,1564236142147,2019-07-27T14:02:22.147Z,buy,1.37e-06,5660.0,0.0077542
SNM/BTC,1564236212752,2019-07-27T14:03:32.752Z,buy,1.37e-06,201.0,0.00027537
SNM/BTC,1564236212752,2019-07-27T14:03:32.752Z,buy,1.37e-06,201.0,0.00027537
SNM/BTC,1564236216905,2019-07-27T14:03:36.905Z,buy,1.37e-06,729.0,0.00099873
SNM/BTC,1564236372880,2019-07-27T14:06:12.880Z,buy,1.37e-06,2801.0,0.00383737
SNM/BTC,1564236596830,2019-07-27T14:09:56.830Z,buy,1.37e-06,116.0,0.00015892
SNM/BTC,1564236676908,2019-07-27T14:11:16.908Z,sell,1.36e-06,2122.0,0.0028859199999999
SNM/BTC,1564236769494,2019-07-27T14:12:49.494Z,buy,1.37e-06,339.0,0.00046443
SNM/BTC,1564237052677,2019-07-27T14:17:32.677Z,sell,1.37e-06,192.0,0.00026304
SNM/BTC,1564237092250,2019-07-27T14:18:12.250Z,buy,1.38e-06,78.0,0.0001076399999999
SNM/BTC,1564237251777,2019-07-27T14:20:51.777Z,sell,1.37e-06,1633.0,0.00223721
SNM/BTC,1564237846290,2019-07-27T14:30:46.290Z,buy,1.38e-06,1973.0,0.00272274
SNM/BTC,1564237920069,2019-07-27T14:32:00.069Z,sell,1.37e-06,2717.0,0.00372229
SNM/BTC,1564237920069,2019-07-27T14:32:00.069Z,sell,1.37e-06,2717.0,0.00372229
SNM/BTC,1564238542654,2019-07-27T14:42:22.654Z,sell,1.37e-06,1022.0,0.00140014
SNM/BTC,1564238585613,2019-07-27T14:43:05.613Z,buy,1.38e-06,137.0,0.0001890599999999
SNM/BTC,1564239349316,2019-07-27T14:55:49.316Z,buy,1.38e-06,49939.0,0.06891582
SNM/BTC,1564239634209,2019-07-27T15:00:34.209Z,sell,1.37e-06,2986.0,0.00409082
SNM/BTC,1564239950624,2019-07-27T15:05:50.624Z,buy,1.38e-06,13122.0,0.01810836
SNM/BTC,1564240088714,2019-07-27T15:08:08.714Z,sell,1.38e-06,709.0,0.00097842
SNM/BTC,1564240305927,2019-07-27T15:11:45.927Z,sell,1.38e-06,2540.0,0.0035052
SNM/BTC,1564240377257,2019-07-27T15:12:57.257Z,buy,1.39e-06,23302.0,0.03238978
SNM/BTC,1564240428335,2019-07-27T15:13:48.335Z,buy,1.39e-06,500.0,0.000695
SNM/BTC,1564240430444,2019-07-27T15:13:50.444Z,buy,1.39e-06,2720.0,0.0037808
SNM/BTC,1564240633361,2019-07-27T15:17:13.361Z,sell,1.38e-06,89.0,0.00012282
SNM/BTC,1564240651339,2019-07-27T15:17:31.339Z,sell,1.38e-06,288.0,0.00039744
SNM/BTC,1564240654822,2019-07-27T15:17:34.822Z,buy,1.39e-06,2519.0,0.00350141
SNM/BTC,1564240902422,2019-07-27T15:21:42.422Z,sell,1.38e-06,1944.0,0.00268272
SNM/BTC,1564240902422,2019-07-27T15:21:42.422Z,sell,1.38e-06,1944.0,0.00268272
SNM/BTC,1564241541540,2019-07-27T15:32:21.540Z,sell,1.38e-06,9990.0,0.0137861999999999
SNM/BTC,1564241541758,2019-07-27T15:32:21.758Z,sell,1.38e-06,159.0,0.0002194199999999
SNM/BTC,1564241643223,2019-07-27T15:34:03.223Z,sell,1.38e-06,51207.0,0.0706656599999999
SNM/BTC,1564241716388,2019-07-27T15:35:16.388Z,buy,1.38e-06,300.0,0.000414
SNM/BTC,1564242707820,2019-07-27T15:51:47.820Z,buy,1.38e-06,951.0,0.00131238
SNM/BTC,1564242761218,2019-07-27T15:52:41.218Z,buy,1.38e-06,863.0,0.00119094
SNM/BTC,1564243227674,2019-07-27T16:00:27.674Z,sell,1.37e-06,789.0,0.00108093
SNM/BTC,1564243434623,2019-07-27T16:03:54.623Z,sell,1.37e-06,37517.0,0.05139829
SNM/BTC,1564243946038,2019-07-27T16:12:26.038Z,buy,1.38e-06,2328.0,0.0032126399999999
SNM/BTC,1564244100942,2019-07-27T16:15:00.942Z,buy,1.38e-06,17562.0,0.02423556
SNM/BTC,1564244249027,2019-07-27T16:17:29.027Z,buy,1.38e-06,73.0,0.0001007399999999
SNM/BTC,1564244253519,2019-07-27T16:17:33.519Z,buy,1.38e-06,309.0,0.00042642
SNM/BTC,1564244291995,2019-07-27T16:18:11.995Z,sell,1.37e-06,2898.0,0.00397026
SNM/BTC,1564244292606,2019-07-27T16:18:12.606Z,sell,1.37e-06,2258.0,0.00309346
SNM/BTC,1564244335551,2019-07-27T16:18:55.551Z,buy,1.38e-06,36754.0,0.05072052
SNM/BTC,1564244428892,2019-07-27T16:20:28.892Z,sell,1.38e-06,2805.0,0.0038708999999999
SNM/BTC,1564244430760,2019-07-27T16:20:30.760Z,buy,1.39e-06,2779.0,0.00386281
SNM/BTC,1564244439567,2019-07-27T16:20:39.567Z,sell,1.38e-06,9178.0,0.0126656399999999
SNM/BTC,1564244486003,2019-07-27T16:21:26.003Z,sell,1.38e-06,2500.0,0.00345
SNM/BTC,1564244486003,2019-07-27T16:21:26.003Z,sell,1.38e-06,2500.0,0.00345
SNM/BTC,1564244523245,2019-07-27T16:22:03.245Z,buy,1.38e-06,1.0,1.38e-06
SNM/BTC,1564244580935,2019-07-27T16:23:00.935Z,sell,1.38e-06,73.0,0.0001007399999999
SNM/BTC,1564244710097,2019-07-27T16:25:10.097Z,sell,1.38e-06,1691.0,0.00233358
SNM/BTC,1564244851748,2019-07-27T16:27:31.748Z,sell,1.37e-06,35014.0,0.04796918
SNM/BTC,1564244947498,2019-07-27T16:29:07.498Z,sell,1.37e-06,2258.0,0.00309346
SNM/BTC,1564244947823,2019-07-27T16:29:07.823Z,sell,1.37e-06,81.0,0.00011097
SNM/BTC,1564244972784,2019-07-27T16:29:32.784Z,buy,1.39e-06,215239.0,0.29918221
SNM/BTC,1564245012294,2019-07-27T16:30:12.294Z,sell,1.39e-06,874.0,0.00121486
SNM/BTC,1564245019127,2019-07-27T16:30:19.127Z,sell,1.39e-06,85.0,0.00011815
SNM/BTC,1564245019745,2019-07-27T16:30:19.745Z,sell,1.39e-06,90.0,0.0001251
SNM/BTC,1564245032132,2019-07-27T16:30:32.132Z,buy,1.39e-06,26361.0,0.03664179
SNM/BTC,1564245045285,2019-07-27T16:30:45.285Z,sell,1.38e-06,728.0,0.00100464
SNM/BTC,1564245053133,2019-07-27T16:30:53.133Z,buy,1.39e-06,15461.0,0.02149079
SNM/BTC,1564245222084,2019-07-27T16:33:42.084Z,buy,1.4e-06,101586.0,0.1422204
SNM/BTC,1564245222620,2019-07-27T16:33:42.620Z,sell,1.4e-06,119.0,0.0001665999999999
SNM/BTC,1564245257733,2019-07-27T16:34:17.733Z,sell,1.39e-06,1029.0,0.00143031
SNM/BTC,1564245257733,2019-07-27T16:34:17.733Z,sell,1.38e-06,1492.0,0.00205896
SNM/BTC,1564245265494,2019-07-27T16:34:25.494Z,sell,1.38e-06,1197.0,0.00165186
SNM/BTC,1564245278623,2019-07-27T16:34:38.623Z,buy,1.39e-06,2376.0,0.00330264
SNM/BTC,1564245704278,2019-07-27T16:41:44.278Z,sell,1.39e-06,1258.0,0.00174862
SNM/BTC,1564245732271,2019-07-27T16:42:12.271Z,sell,1.38e-06,1595.0,0.0022010999999999
SNM/BTC,1564245780854,2019-07-27T16:43:00.854Z,buy,1.39e-06,74.0,0.00010286
SNM/BTC,1564245795769,2019-07-27T16:43:15.769Z,buy,1.39e-06,1521.0,0.00211419
SNM/BTC,1564245795769,2019-07-27T16:43:15.769Z,buy,1.4e-06,79.0,0.0001105999999999
SNM/BTC,1564246030748,2019-07-27T16:47:10.748Z,buy,1.39e-06,724.0,0.00100636
SNM/BTC,1564246031091,2019-07-27T16:47:11.091Z,buy,1.39e-06,760.0,0.0010564
SNM/BTC,1564246053914,2019-07-27T16:47:33.914Z,buy,1.4e-06,72.0,0.0001008
SNM/BTC,1564246243643,2019-07-27T16:50:43.643Z,sell,1.39e-06,90.0,0.0001251
SNM/BTC,1564246303621,2019-07-27T16:51:43.621Z,buy,1.4e-06,72.0,0.0001008
SNM/BTC,1564246310721,2019-07-27T16:51:50.721Z,sell,1.39e-06,3031.0,0.00421309
SNM/BTC,1564246320891,2019-07-27T16:52:00.891Z,sell,1.39e-06,8071.0,0.01121869
SNM/BTC,1564246338815,2019-07-27T16:52:18.815Z,buy,1.39e-06,72.0,0.00010008
SNM/BTC,1564246893299,2019-07-27T17:01:33.299Z,sell,1.38e-06,1258.0,0.00173604
SNM/BTC,1564246906799,2019-07-27T17:01:46.799Z,buy,1.39e-06,72.0,0.00010008
SNM/BTC,1564247468769,2019-07-27T17:11:08.769Z,sell,1.38e-06,1442.0,0.00198996
SNM/BTC,1564247521377,2019-07-27T17:12:01.377Z,sell,1.38e-06,12146.0,0.01676148
SNM/BTC,1564247718586,2019-07-27T17:15:18.586Z,buy,1.39e-06,265.0,0.00036835
SNM/BTC,1564247718742,2019-07-27T17:15:18.742Z,buy,1.39e-06,72.0,0.00010008
SNM/BTC,1564247849456,2019-07-27T17:17:29.456Z,sell,1.38e-06,168.0,0.0002318399999999
SNM/BTC,1564247882183,2019-07-27T17:18:02.183Z,buy,1.39e-06,72.0,0.00010008
SNM/BTC,1564247882183,2019-07-27T17:18:02.183Z,buy,1.39e-06,72.0,0.00010008
SNM/BTC,1564248683761,2019-07-27T17:31:23.761Z,sell,1.38e-06,1333.0,0.00183954
SNM/BTC,1564248740341,2019-07-27T17:32:20.341Z,buy,1.39e-06,72.0,0.00010008
SNM/BTC,1564249170642,2019-07-27T17:39:30.642Z,buy,1.39e-06,251.0,0.00034889
SNM/BTC,1564249265566,2019-07-27T17:41:05.566Z,sell,1.38e-06,1076.0,0.0014848799999999
SNM/BTC,1564249272809,2019-07-27T17:41:12.809Z,buy,1.39e-06,72.0,0.00010008
SNM/BTC,1564249501248,2019-07-27T17:45:01.248Z,buy,1.39e-06,72.0,0.00010008
SNM/BTC,1564249512131,2019-07-27T17:45:12.131Z,buy,1.39e-06,2877.0,0.00399903
SNM/BTC,1564249515899,2019-07-27T17:45:15.899Z,buy,1.39e-06,351.0,0.00048789
SNM/BTC,1564249526946,2019-07-27T17:45:26.946Z,buy,1.4e-06,72.0,0.0001008
SNM/BTC,1564249528679,2019-07-27T17:45:28.679Z,sell,1.39e-06,2526.0,0.00351114
SNM/BTC,1564249534336,2019-07-27T17:45:34.336Z,buy,1.4e-06,72.0,0.0001008
SNM/BTC,1564249760133,2019-07-27T17:49:20.133Z,sell,1.38e-06,740.0,0.0010211999999999
SNM/BTC,1564249795160,2019-07-27T17:49:55.160Z,buy,1.39e-06,72.0,0.00010008
SNM/BTC,1564250351054,2019-07-27T17:59:11.054Z,buy,1.39e-06,6216.0,0.00864024
SNM/BTC,1564250351069,2019-07-27T17:59:11.069Z,buy,1.39e-06,6123.0,0.00851097
SNM/BTC,1564250351750,2019-07-27T17:59:11.750Z,sell,1.39e-06,3820.0,0.0053098
SNM/BTC,1564250355782,2019-07-27T17:59:15.782Z,buy,1.39e-06,2303.0,0.00320117
SNM/BTC,1564250403040,2019-07-27T18:00:03.040Z,buy,1.4e-06,72.0,0.0001008
SNM/BTC,1564250539335,2019-07-27T18:02:19.335Z,sell,1.38e-06,1017.0,0.0014034599999999
SNM/BTC,1564250576697,2019-07-27T18:02:56.697Z,buy,1.39e-06,72.0,0.00010008
SNM/BTC,1564250595864,2019-07-27T18:03:15.864Z,buy,1.4e-06,72.0,0.0001008
SNM/BTC,1564250664264,2019-07-27T18:04:24.264Z,buy,1.4e-06,102.0,0.0001428
SNM/BTC,1564250664543,2019-07-27T18:04:24.543Z,buy,1.4e-06,102.0,0.0001428
SNM/BTC,1564251079581,2019-07-27T18:11:19.581Z,sell,1.39e-06,2008.0,0.00279112
SNM/BTC,1564251119899,2019-07-27T18:11:59.899Z,buy,1.4e-06,72.0,0.0001008
SNM/BTC,1564251433492,2019-07-27T18:17:13.492Z,sell,1.39e-06,106.0,0.00014734
SNM/BTC,1564251449733,2019-07-27T18:17:29.733Z,sell,1.39e-06,208.0,0.00028912
SNM/BTC,1564251481168,2019-07-27T18:18:01.168Z,sell,1.39e-06,14447.0,0.02008133
SNM/BTC,1564251481324,2019-07-27T18:18:01.324Z,sell,1.39e-06,163.0,0.00022657
SNM/BTC,1564251481329,2019-07-27T18:18:01.329Z,sell,1.39e-06,108.0,0.00015012
SNM/BTC,1564251481329,2019-07-27T18:18:01.329Z,sell,1.39e-06,108.0,0.00015012
SNM/BTC,1564251484281,2019-07-27T18:18:04.281Z,sell,1.39e-06,102.0,0.00014178
SNM/BTC,1564251496193,2019-07-27T18:18:16.193Z,sell,1.39e-06,80.0,0.0001112
SNM/BTC,1564251603309,2019-07-27T18:20:03.309Z,sell,1.39e-06,80.0,0.0001112
SNM/BTC,1564251645402,2019-07-27T18:20:45.402Z,buy,1.4e-06,967.0,0.0013537999999999
SNM/BTC,1564251914195,2019-07-27T18:25:14.195Z,buy,1.4e-06,72.0,0.0001008
SNM/BTC,1564252258898,2019-07-27T18:30:58.898Z,sell,1.39e-06,1429.0,0.00198631
SNM/BTC,1564252274547,2019-07-27T18:31:14.547Z,buy,1.4e-06,72.0,0.0001008
SNM/BTC,1564252775713,2019-07-27T18:39:35.713Z,buy,1.4e-06,119.0,0.0001665999999999
SNM/BTC,1564252776159,2019-07-27T18:39:36.159Z,buy,1.4e-06,119.0,0.0001665999999999
SNM/BTC,1564252814613,2019-07-27T18:40:14.613Z,buy,1.4e-06,1500.0,0.0021
SNM/BTC,1564252862700,2019-07-27T18:41:02.700Z,sell,1.39e-06,1159.0,0.00161101
SNM/BTC,1564252901758,2019-07-27T18:41:41.758Z,buy,1.4e-06,72.0,0.0001008
SNM/BTC,1564252952629,2019-07-27T18:42:32.629Z,buy,1.4e-06,72.0,0.0001008
SNM/BTC,1564253281385,2019-07-27T18:48:01.385Z,sell,1.39e-06,17748.0,0.02466972
SNM/BTC,1564253281412,2019-07-27T18:48:01.412Z,buy,1.39e-06,471.0,0.00065469
SNM/BTC,1564253281425,2019-07-27T18:48:01.425Z,buy,1.39e-06,6725.0,0.00934775
SNM/BTC,1564253294583,2019-07-27T18:48:14.583Z,buy,1.4e-06,72.0,0.0001008
SNM/BTC,1564253863942,2019-07-27T18:57:43.942Z,buy,1.4e-06,112.0,0.0001568
SNM/BTC,1564253874403,2019-07-27T18:57:54.403Z,buy,1.4e-06,6163.0,0.0086281999999999
SNM/BTC,1564253924077,2019-07-27T18:58:44.077Z,buy,1.4e-06,21428.0,0.0299992
SNM/BTC,1564254126393,2019-07-27T19:02:06.393Z,sell,1.38e-06,1449.0,0.0019996199999999
SNM/BTC,1564254164085,2019-07-27T19:02:44.085Z,buy,1.39e-06,72.0,0.00010008
SNM/BTC,1564254172328,2019-07-27T19:02:52.328Z,buy,1.39e-06,899.0,0.00124961
SNM/BTC,1564254172328,2019-07-27T19:02:52.328Z,buy,1.4e-06,1.0,1.4e-06
SNM/BTC,1564254326162,2019-07-27T19:05:26.162Z,buy,1.4e-06,430.0,0.000602
SNM/BTC,1564254756768,2019-07-27T19:12:36.768Z,sell,1.38e-06,76.0,0.00010488
SNM/BTC,1564254791221,2019-07-27T19:13:11.221Z,sell,1.38e-06,281.0,0.0003877799999999
SNM/BTC,1564254792533,2019-07-27T19:13:12.533Z,sell,1.38e-06,26788.0,0.03696744
SNM/BTC,1564255023583,2019-07-27T19:17:03.583Z,sell,1.38e-06,100.0,0.000138
SNM/BTC,1564255051396,2019-07-27T19:17:31.396Z,sell,1.38e-06,101.0,0.0001393799999999
SNM/BTC,1564255051396,2019-07-27T19:17:31.396Z,sell,1.38e-06,101.0,0.0001393799999999
SNM/BTC,1564255173952,2019-07-27T19:19:33.952Z,buy,1.4e-06,72.0,0.0001008
SNM/BTC,1564255488599,2019-07-27T19:24:48.599Z,buy,1.39e-06,16763.0,0.02330057
SNM/BTC,1564255492867,2019-07-27T19:24:52.867Z,buy,1.39e-06,781.0,0.00108559
SNM/BTC,1564255492867,2019-07-27T19:24:52.867Z,buy,1.4e-06,3500.0,0.0049
SNM/BTC,1564255747150,2019-07-27T19:29:07.150Z,buy,1.39e-06,526.0,0.00073114
SNM/BTC,1564255747150,2019-07-27T19:29:07.150Z,buy,1.4e-06,74.0,0.0001036
SNM/BTC,1564255845097,2019-07-27T19:30:45.097Z,sell,1.38e-06,986.0,0.00136068
SNM/BTC,1564255845398,2019-07-27T19:30:45.398Z,buy,1.4e-06,990.0,0.0013859999999999
SNM/BTC,1564256092806,2019-07-27T19:34:52.806Z,sell,1.38e-06,5502.0,0.00759276
SNM/BTC,1564256095849,2019-07-27T19:34:55.849Z,sell,1.38e-06,5503.0,0.0075941399999999
SNM/BTC,1564256156228,2019-07-27T19:35:56.228Z,buy,1.4e-06,74.0,0.0001036
SNM/BTC,1564256792711,2019-07-27T19:46:32.711Z,buy,1.4e-06,84.0,0.0001176
SNM/BTC,1564256792775,2019-07-27T19:46:32.775Z,buy,1.4e-06,84.0,0.0001176
SNM/BTC,1564256886234,2019-07-27T19:48:06.234Z,sell,1.38e-06,3551.0,0.0049003799999999
SNM/BTC,1564256982009,2019-07-27T19:49:42.009Z,buy,1.4e-06,72.0,0.0001008
SNM/BTC,1564257631157,2019-07-27T20:00:31.157Z,sell,1.38e-06,1020.0,0.0014076
SNM/BTC,1564257660872,2019-07-27T20:01:00.872Z,sell,1.38e-06,7212.0,0.00995256
SNM/BTC,1564257661734,2019-07-27T20:01:01.734Z,buy,1.4e-06,72.0,0.0001008
SNM/BTC,1564257770579,2019-07-27T20:02:50.579Z,buy,1.4e-06,72.0,0.0001008
SNM/BTC,1564257777176,2019-07-27T20:02:57.176Z,buy,1.4e-06,72.0,0.0001008
SNM/BTC,1564257816657,2019-07-27T20:03:36.657Z,sell,1.38e-06,153000.0,0.21114
SNM/BTC,1564257828063,2019-07-27T20:03:48.063Z,buy,1.4e-06,72.0,0.0001008
SNM/BTC,1564257829987,2019-07-27T20:03:49.987Z,buy,1.4e-06,72.0,0.0001008
SNM/BTC,1564257831716,2019-07-27T20:03:51.716Z,buy,1.39e-06,72.0,0.00010008
SNM/BTC,1564257833288,2019-07-27T20:03:53.288Z,buy,1.39e-06,72.0,0.00010008
SNM/BTC,1564257836577,2019-07-27T20:03:56.577Z,buy,1.39e-06,72.0,0.00010008
SNM/BTC,1564257838544,2019-07-27T20:03:58.544Z,buy,1.39e-06,72.0,0.00010008
SNM/BTC,1564257844998,2019-07-27T20:04:04.998Z,buy,1.39e-06,72.0,0.00010008
SNM/BTC,1564257849168,2019-07-27T20:04:09.168Z,buy,1.39e-06,72.0,0.00010008
SNM/BTC,1564257850886,2019-07-27T20:04:10.886Z,buy,1.39e-06,72.0,0.00010008
SNM/BTC,1564257852497,2019-07-27T20:04:12.497Z,buy,1.39e-06,72.0,0.00010008
SNM/BTC,1564258275220,2019-07-27T20:11:15.220Z,buy,1.39e-06,72.0,0.00010008
SNM/BTC,1564258278514,2019-07-27T20:11:18.514Z,buy,1.39e-06,72.0,0.00010008
SNM/BTC,1564258539677,2019-07-27T20:15:39.677Z,sell,1.38e-06,39041.0,0.0538765799999999
SNM/BTC,1564258539677,2019-07-27T20:15:39.677Z,sell,1.38e-06,39041.0,0.0538765799999999
SNM/BTC,1564258657197,2019-07-27T20:17:37.197Z,buy,1.39e-06,228.0,0.00031692
SNM/BTC,1564258737806,2019-07-27T20:18:57.806Z,buy,1.39e-06,72.0,0.00010008
SNM/BTC,1564258742320,2019-07-27T20:19:02.320Z,buy,1.39e-06,72.0,0.00010008
SNM/BTC,1564258744463,2019-07-27T20:19:04.463Z,buy,1.39e-06,72.0,0.00010008
SNM/BTC,1564258766008,2019-07-27T20:19:26.008Z,sell,1.38e-06,625.0,0.0008625
SNM/BTC,1564258821082,2019-07-27T20:20:21.082Z,buy,1.39e-06,72.0,0.00010008
SNM/BTC,1564258822752,2019-07-27T20:20:22.752Z,buy,1.39e-06,72.0,0.00010008
SNM/BTC,1564258825206,2019-07-27T20:20:25.206Z,buy,1.39e-06,72.0,0.00010008
SNM/BTC,1564258938242,2019-07-27T20:22:18.242Z,buy,1.39e-06,1373.0,0.00190847
SNM/BTC,1564258985906,2019-07-27T20:23:05.906Z,buy,1.39e-06,81.0,0.00011259
SNM/BTC,1564259177539,2019-07-27T20:26:17.539Z,buy,1.39e-06,175.0,0.00024325
SNM/BTC,1564259564539,2019-07-27T20:32:44.539Z,buy,1.39e-06,72.0,0.00010008
SNM/BTC,1564259571593,2019-07-27T20:32:51.593Z,buy,1.39e-06,72.0,0.00010008
SNM/BTC,1564259573143,2019-07-27T20:32:53.143Z,buy,1.39e-06,72.0,0.00010008
SNM/BTC,1564259664443,2019-07-27T20:34:24.443Z,sell,1.38e-06,6380.0,0.0088043999999999
SNM/BTC,1564259687758,2019-07-27T20:34:47.758Z,buy,1.39e-06,72.0,0.00010008
SNM/BTC,1564259691021,2019-07-27T20:34:51.021Z,buy,1.39e-06,72.0,0.00010008
SNM/BTC,1564260126341,2019-07-27T20:42:06.341Z,sell,1.38e-06,80.0,0.0001104
SNM/BTC,1564260143934,2019-07-27T20:42:23.934Z,buy,1.39e-06,72.0,0.00010008
SNM/BTC,1564260147057,2019-07-27T20:42:27.057Z,buy,1.39e-06,72.0,0.00010008
SNM/BTC,1564260279126,2019-07-27T20:44:39.126Z,sell,1.38e-06,1095.0,0.0015110999999999
SNM/BTC,1564260616850,2019-07-27T20:50:16.850Z,buy,1.39e-06,72.0,0.00010008
SNM/BTC,1564260620521,2019-07-27T20:50:20.521Z,buy,1.39e-06,72.0,0.00010008
SNM/BTC,1564261687621,2019-07-27T21:08:07.621Z,sell,1.38e-06,16858.0,0.02326404
SNM/BTC,1564261687637,2019-07-27T21:08:07.637Z,buy,1.38e-06,3399.0,0.0046906199999999
SNM/BTC,1564261687639,2019-07-27T21:08:07.639Z,buy,1.38e-06,4075.0,0.0056235
SNM/BTC,1564261687654,2019-07-27T21:08:07.654Z,buy,1.38e-06,613.0,0.00084594
SNM/BTC,1564261703908,2019-07-27T21:08:23.908Z,buy,1.39e-06,72.0,0.00010008
SNM/BTC,1564261881382,2019-07-27T21:11:21.382Z,sell,1.38e-06,105.0,0.0001449
SNM/BTC,1564261885709,2019-07-27T21:11:25.709Z,buy,1.38e-06,247.0,0.0003408599999999
SNM/BTC,1564261886514,2019-07-27T21:11:26.514Z,buy,1.38e-06,72.0,9.936e-05
SNM/BTC,1564261897912,2019-07-27T21:11:37.912Z,buy,1.38e-06,105.0,0.0001449
SNM/BTC,1564261898440,2019-07-27T21:11:38.440Z,buy,1.38e-06,1847.0,0.00254886
SNM/BTC,1564261930558,2019-07-27T21:12:10.558Z,buy,1.39e-06,72.0,0.00010008
SNM/BTC,1564261930558,2019-07-27T21:12:10.558Z,buy,1.39e-06,72.0,0.00010008
SNM/BTC,1564262528480,2019-07-27T21:22:08.480Z,sell,1.38e-06,105.0,0.0001449
SNM/BTC,1564262528577,2019-07-27T21:22:08.577Z,buy,1.38e-06,976.0,0.00134688
SNM/BTC,1564262661490,2019-07-27T21:24:21.490Z,sell,1.37e-06,81.0,0.00011097
SNM/BTC,1564262672868,2019-07-27T21:24:32.868Z,buy,1.39e-06,72.0,0.00010008
SNM/BTC,1564262727004,2019-07-27T21:25:27.004Z,sell,1.38e-06,85.0,0.0001172999999999
SNM/BTC,1564262733001,2019-07-27T21:25:33.001Z,buy,1.39e-06,72.0,0.00010008
SNM/BTC,1564263330689,2019-07-27T21:35:30.689Z,sell,1.38e-06,20.0,2.76e-05
SNM/BTC,1564263364474,2019-07-27T21:36:04.474Z,sell,1.37e-06,2857.0,0.00391409
SNM/BTC,1564263390551,2019-07-27T21:36:30.551Z,buy,1.38e-06,1132.0,0.00156216
SNM/BTC,1564263424080,2019-07-27T21:37:04.080Z,buy,1.39e-06,2173.0,0.00302047
SNM/BTC,1564263424287,2019-07-27T21:37:04.287Z,buy,1.39e-06,72.0,0.00010008
SNM/BTC,1564263547086,2019-07-27T21:39:07.086Z,buy,1.39e-06,2159.0,0.00300101
SNM/BTC,1564263802860,2019-07-27T21:43:22.860Z,sell,1.38e-06,21935.0,0.0302702999999999
SNM/BTC,1564263841840,2019-07-27T21:44:01.840Z,sell,1.38e-06,14000.0,0.01932
SNM/BTC,1564263861131,2019-07-27T21:44:21.131Z,buy,1.39e-06,22145.0,0.03078155
SNM/BTC,1564263861131,2019-07-27T21:44:21.131Z,buy,1.4e-06,855.0,0.001197
SNM/BTC,1564263870116,2019-07-27T21:44:30.116Z,buy,1.4e-06,72.0,0.0001008
SNM/BTC,1564263872254,2019-07-27T21:44:32.254Z,buy,1.4e-06,72.0,0.0001008
SNM/BTC,1564263876130,2019-07-27T21:44:36.130Z,buy,1.4e-06,72.0,0.0001008
SNM/BTC,1564263881666,2019-07-27T21:44:41.666Z,buy,1.4e-06,72.0,0.0001008
SNM/BTC,1564263943907,2019-07-27T21:45:43.907Z,buy,1.4e-06,1111.0,0.0015554
SNM/BTC,1564263967523,2019-07-27T21:46:07.523Z,sell,1.39e-06,1146.0,0.00159294
SNM/BTC,1564263973533,2019-07-27T21:46:13.533Z,buy,1.4e-06,72.0,0.0001008
SNM/BTC,1564263975698,2019-07-27T21:46:15.698Z,buy,1.4e-06,72.0,0.0001008
SNM/BTC,1564263982024,2019-07-27T21:46:22.024Z,sell,1.39e-06,453.0,0.00062967
SNM/BTC,1564263982133,2019-07-27T21:46:22.133Z,sell,1.39e-06,407.0,0.00056573
SNM/BTC,1564263987541,2019-07-27T21:46:27.541Z,buy,1.4e-06,72.0,0.0001008
SNM/BTC,1564263994505,2019-07-27T21:46:34.505Z,buy,1.4e-06,72.0,0.0001008
SNM/BTC,1564263996888,2019-07-27T21:46:36.888Z,buy,1.4e-06,72.0,0.0001008
SNM/BTC,1564265206305,2019-07-27T22:06:46.305Z,sell,1.38e-06,1551.0,0.00214038
SNM/BTC,1564265221318,2019-07-27T22:07:01.318Z,sell,1.38e-06,4299.0,0.0059326199999999
SNM/BTC,1564265232506,2019-07-27T22:07:12.506Z,buy,1.39e-06,72.0,0.00010008
SNM/BTC,1564265234364,2019-07-27T22:07:14.364Z,buy,1.39e-06,72.0,0.00010008
SNM/BTC,1564265273397,2019-07-27T22:07:53.397Z,sell,1.38e-06,34786.0,0.0480046799999999
SNM/BTC,1564265280221,2019-07-27T22:08:00.221Z,buy,1.39e-06,72.0,0.00010008
SNM/BTC,1564265292622,2019-07-27T22:08:12.622Z,buy,1.39e-06,16041.0,0.02229699
SNM/BTC,1564265292651,2019-07-27T22:08:12.651Z,sell,1.39e-06,959.0,0.00133301
SNM/BTC,1564265298346,2019-07-27T22:08:18.346Z,buy,1.4e-06,72.0,0.0001008
SNM/BTC,1564265306031,2019-07-27T22:08:26.031Z,buy,1.39e-06,72.0,0.00010008
SNM/BTC,1564265412337,2019-07-27T22:10:12.337Z,buy,1.39e-06,72.0,0.00010008
SNM/BTC,1564265416660,2019-07-27T22:10:16.660Z,buy,1.39e-06,72.0,0.00010008
SNM/BTC,1564265437039,2019-07-27T22:10:37.039Z,sell,1.38e-06,195727.0,0.2701032599999999
SNM/BTC,1564265489428,2019-07-27T22:11:29.428Z,sell,1.38e-06,560.0,0.0007727999999999
SNM/BTC,1564265489456,2019-07-27T22:11:29.456Z,buy,1.38e-06,177.0,0.00024426
SNM/BTC,1564265489498,2019-07-27T22:11:29.498Z,buy,1.38e-06,177.0,0.00024426
SNM/BTC,1564265495756,2019-07-27T22:11:35.756Z,sell,1.37e-06,831.0,0.00113847
SNM/BTC,1564265523660,2019-07-27T22:12:03.660Z,sell,1.37e-06,1389.0,0.00190293
SNM/BTC,1564265523660,2019-07-27T22:12:03.660Z,sell,1.37e-06,1389.0,0.00190293
SNM/BTC,1564265606681,2019-07-27T22:13:26.681Z,buy,1.39e-06,234.0,0.00032526
SNM/BTC,1564265681309,2019-07-27T22:14:41.309Z,sell,1.38e-06,3305.0,0.0045609
SNM/BTC,1564265683202,2019-07-27T22:14:43.202Z,sell,1.38e-06,2877.0,0.00397026
SNM/BTC,1564265837501,2019-07-27T22:17:17.501Z,buy,1.39e-06,85.0,0.00011815
SNM/BTC,1564265859237,2019-07-27T22:17:39.237Z,buy,1.39e-06,113.0,0.00015707
SNM/BTC,1564267379981,2019-07-27T22:42:59.981Z,sell,1.38e-06,177.0,0.00024426
SNM/BTC,1564267379986,2019-07-27T22:42:59.986Z,sell,1.38e-06,1951.0,0.00269238
SNM/BTC,1564267529165,2019-07-27T22:45:29.165Z,sell,1.38e-06,408.0,0.00056304
SNM/BTC,1564268470177,2019-07-27T23:01:10.177Z,buy,1.39e-06,145070.0,0.2016473
SNM/BTC,1564268535677,2019-07-27T23:02:15.677Z,buy,1.39e-06,1189.0,0.00165271
SNM/BTC,1564268535677,2019-07-27T23:02:15.677Z,buy,1.39e-06,1189.0,0.00165271
SNM/BTC,1564269452489,2019-07-27T23:17:32.489Z,sell,1.38e-06,229.0,0.0003160199999999
SNM/BTC,1564269452489,2019-07-27T23:17:32.489Z,sell,1.38e-06,229.0,0.0003160199999999
SNM/BTC,1564276813115,2019-07-28T01:20:13.115Z,buy,1.39e-06,719.0,0.00099941
SNM/BTC,1564276831361,2019-07-28T01:20:31.361Z,buy,1.39e-06,67735.0,0.09415165
SNM/BTC,1564276923863,2019-07-28T01:22:03.863Z,sell,1.39e-06,3604.0,0.00500956
SNM/BTC,1564276931603,2019-07-28T01:22:11.603Z,buy,1.4e-06,1428.0,0.0019992
SNM/BTC,1564276931603,2019-07-28T01:22:11.603Z,buy,1.4e-06,1428.0,0.0019992
SNM/BTC,1564277312734,2019-07-28T01:28:32.734Z,sell,1.39e-06,4428.0,0.00615492
SNM/BTC,1564277607823,2019-07-28T01:33:27.823Z,sell,1.39e-06,108.0,0.00015012
SNM/BTC,1564277640588,2019-07-28T01:34:00.588Z,sell,1.39e-06,4093.0,0.00568927
SNM/BTC,1564277856902,2019-07-28T01:37:36.902Z,sell,1.39e-06,106.0,0.00014734
SNM/BTC,1564277910335,2019-07-28T01:38:30.335Z,sell,1.39e-06,125.0,0.00017375
SNM/BTC,1564278041946,2019-07-28T01:40:41.946Z,sell,1.39e-06,207.0,0.00028773
SNM/BTC,1564278057761,2019-07-28T01:40:57.761Z,sell,1.39e-06,786.0,0.00109254
SNM/BTC,1564278177466,2019-07-28T01:42:57.466Z,sell,1.39e-06,101.0,0.00014039
SNM/BTC,1564278501955,2019-07-28T01:48:21.955Z,sell,1.39e-06,1847.0,0.00256733
SNM/BTC,1564279917553,2019-07-28T02:11:57.553Z,sell,1.39e-06,1134.0,0.00157626
SNM/BTC,1564279934908,2019-07-28T02:12:14.908Z,buy,1.4e-06,5691.0,0.0079674
SNM/BTC,1564280238738,2019-07-28T02:17:18.738Z,sell,1.39e-06,81.0,0.00011259
SNM/BTC,1564280252351,2019-07-28T02:17:32.351Z,sell,1.39e-06,319.0,0.00044341
SNM/BTC,1564280252351,2019-07-28T02:17:32.351Z,sell,1.39e-06,319.0,0.00044341
SNM/BTC,1564281182880,2019-07-28T02:33:02.880Z,buy,1.4e-06,91.0,0.0001274
SNM/BTC,1564281630765,2019-07-28T02:40:30.765Z,sell,1.39e-06,1110.0,0.0015429
SNM/BTC,1564282232473,2019-07-28T02:50:32.473Z,sell,1.39e-06,6176.0,0.00858464
SNM/BTC,1564283459925,2019-07-28T03:10:59.925Z,buy,1.4e-06,64153.0,0.0898142
SNM/BTC,1564283459991,2019-07-28T03:10:59.991Z,sell,1.4e-06,5151.0,0.0072114
SNM/BTC,1564283460006,2019-07-28T03:11:00.006Z,sell,1.4e-06,649.0,0.0009086
SNM/BTC,1564283460010,2019-07-28T03:11:00.010Z,sell,1.4e-06,7171.0,0.0100394
SNM/BTC,1564283675399,2019-07-28T03:14:35.399Z,sell,1.4e-06,98.0,0.0001372
SNM/BTC,1564283851342,2019-07-28T03:17:31.342Z,sell,1.39e-06,135.0,0.00018765
SNM/BTC,1564283851342,2019-07-28T03:17:31.342Z,sell,1.39e-06,135.0,0.00018765
SNM/BTC,1564284947755,2019-07-28T03:35:47.755Z,sell,1.39e-06,102762.0,0.14283918
SNM/BTC,1564285128428,2019-07-28T03:38:48.428Z,sell,1.39e-06,850.0,0.0011815
SNM/BTC,1564285168156,2019-07-28T03:39:28.156Z,sell,1.39e-06,51225.0,0.07120275
SNM/BTC,1564285168185,2019-07-28T03:39:28.185Z,buy,1.39e-06,1433.0,0.00199187
SNM/BTC,1564285206820,2019-07-28T03:40:06.820Z,buy,1.39e-06,368.0,0.00051152
SNM/BTC,1564285621487,2019-07-28T03:47:01.487Z,sell,1.38e-06,6254.0,0.00863052
SNM/BTC,1564285674445,2019-07-28T03:47:54.445Z,sell,1.38e-06,13649.0,0.0188356199999999
SNM/BTC,1564286330030,2019-07-28T03:58:50.030Z,sell,1.38e-06,763.0,0.00105294
SNM/BTC,1564287277698,2019-07-28T04:14:37.698Z,sell,1.38e-06,1558.0,0.0021500399999999
SNM/BTC,1564287342582,2019-07-28T04:15:42.582Z,sell,1.38e-06,430.0,0.0005934
SNM/BTC,1564287342582,2019-07-28T04:15:42.582Z,sell,1.38e-06,430.0,0.0005934
SNM/BTC,1564287453666,2019-07-28T04:17:33.666Z,buy,1.39e-06,318.0,0.00044202
SNM/BTC,1564287607336,2019-07-28T04:20:07.336Z,sell,1.38e-06,1259.0,0.00173742
SNM/BTC,1564288320661,2019-07-28T04:32:00.661Z,buy,1.39e-06,1380.0,0.0019182
SNM/BTC,1564288349101,2019-07-28T04:32:29.101Z,sell,1.39e-06,875.0,0.00121625
SNM/BTC,1564288407200,2019-07-28T04:33:27.200Z,buy,1.4e-06,1101.0,0.0015413999999999
SNM/BTC,1564288413570,2019-07-28T04:33:33.570Z,buy,1.4e-06,608.0,0.0008512
SNM/BTC,1564288417267,2019-07-28T04:33:37.267Z,buy,1.4e-06,300.0,0.0004199999999999
SNM/BTC,1564289035532,2019-07-28T04:43:55.532Z,sell,1.39e-06,3532.0,0.00490948
SNM/BTC,1564289035532,2019-07-28T04:43:55.532Z,sell,1.38e-06,97911.0,0.13511718
SNM/BTC,1564289111154,2019-07-28T04:45:11.154Z,sell,1.38e-06,153.0,0.00021114
SNM/BTC,1564289287953,2019-07-28T04:48:07.953Z,sell,1.38e-06,80.0,0.0001104
SNM/BTC,1564290065416,2019-07-28T05:01:05.416Z,buy,1.39e-06,798.0,0.00110922
SNM/BTC,1564290325312,2019-07-28T05:05:25.312Z,sell,1.38e-06,750.0,0.001035
SNM/BTC,1564290668568,2019-07-28T05:11:08.568Z,sell,1.38e-06,101851.0,0.1405543799999999
SNM/BTC,1564290673486,2019-07-28T05:11:13.486Z,sell,1.38e-06,2524.0,0.0034831199999999
SNM/BTC,1564290675898,2019-07-28T05:11:15.898Z,buy,1.38e-06,2588.0,0.00357144
SNM/BTC,1564290675909,2019-07-28T05:11:15.909Z,buy,1.38e-06,187.0,0.00025806
SNM/BTC,1564290676013,2019-07-28T05:11:16.013Z,buy,1.38e-06,459.0,0.00063342
SNM/BTC,1564290676118,2019-07-28T05:11:16.118Z,buy,1.38e-06,206.0,0.00028428
SNM/BTC,1564290676803,2019-07-28T05:11:16.803Z,buy,1.38e-06,17214.0,0.02375532
SNM/BTC,1564290678105,2019-07-28T05:11:18.105Z,sell,1.37e-06,238830.0,0.3271971
SNM/BTC,1564290679805,2019-07-28T05:11:19.805Z,buy,1.38e-06,21130.0,0.0291594
SNM/BTC,1564290694704,2019-07-28T05:11:34.704Z,sell,1.38e-06,2000.0,0.00276
SNM/BTC,1564290695185,2019-07-28T05:11:35.185Z,sell,1.38e-06,14145.0,0.0195201
SNM/BTC,1564290696174,2019-07-28T05:11:36.174Z,buy,1.38e-06,306.0,0.00042228
SNM/BTC,1564290701777,2019-07-28T05:11:41.777Z,sell,1.38e-06,11933.0,0.01646754
SNM/BTC,1564290702300,2019-07-28T05:11:42.300Z,buy,1.38e-06,14995.0,0.0206931
SNM/BTC,1564290710304,2019-07-28T05:11:50.304Z,sell,1.37e-06,253921.0,0.34787177
SNM/BTC,1564290712731,2019-07-28T05:11:52.731Z,sell,1.37e-06,158265.0,0.21682305
SNM/BTC,1564290715397,2019-07-28T05:11:55.397Z,sell,1.37e-06,5607.0,0.00768159
SNM/BTC,1564290720170,2019-07-28T05:12:00.170Z,sell,1.37e-06,65582.0,0.08984734
SNM/BTC,1564290720170,2019-07-28T05:12:00.170Z,sell,1.36e-06,209767.0,0.28528312
SNM/BTC,1564290727744,2019-07-28T05:12:07.744Z,sell,1.37e-06,44689.0,0.06122393
SNM/BTC,1564290732253,2019-07-28T05:12:12.253Z,sell,1.37e-06,2000.0,0.00274
SNM/BTC,1564290732514,2019-07-28T05:12:12.514Z,sell,1.37e-06,1497.0,0.00205089
SNM/BTC,1564290732514,2019-07-28T05:12:12.514Z,sell,1.36e-06,12440.0,0.0169184
SNM/BTC,1564290732541,2019-07-28T05:12:12.541Z,buy,1.36e-06,9493.0,0.0129104799999999
SNM/BTC,1564290732549,2019-07-28T05:12:12.549Z,buy,1.36e-06,8071.0,0.01097656
SNM/BTC,1564290732576,2019-07-28T05:12:12.576Z,buy,1.36e-06,196.0,0.00026656
SNM/BTC,1564290734342,2019-07-28T05:12:14.342Z,sell,1.35e-06,21130.0,0.0285255
SNM/BTC,1564290734342,2019-07-28T05:12:14.342Z,sell,1.35e-06,10500.0,0.014175
SNM/BTC,1564290738031,2019-07-28T05:12:18.031Z,buy,1.36e-06,1459.0,0.00198424
SNM/BTC,1564290750232,2019-07-28T05:12:30.232Z,buy,1.36e-06,22032.0,0.0299635199999999
SNM/BTC,1564290750843,2019-07-28T05:12:30.843Z,sell,1.36e-06,6632.0,0.00901952
SNM/BTC,1564290750878,2019-07-28T05:12:30.878Z,sell,1.35e-06,717.0,0.00096795
SNM/BTC,1564290753862,2019-07-28T05:12:33.862Z,buy,1.36e-06,2941.0,0.00399976
SNM/BTC,1564290754375,2019-07-28T05:12:34.375Z,buy,1.36e-06,741.0,0.00100776
SNM/BTC,1564290754696,2019-07-28T05:12:34.696Z,sell,1.36e-06,1439.0,0.0019570399999999
SNM/BTC,1564290756057,2019-07-28T05:12:36.057Z,sell,1.36e-06,724.0,0.00098464
SNM/BTC,1564290770713,2019-07-28T05:12:50.713Z,sell,1.36e-06,37.0,5.032e-05
SNM/BTC,1564290770713,2019-07-28T05:12:50.713Z,sell,1.35e-06,205933.0,0.27800955
SNM/BTC,1564290775298,2019-07-28T05:12:55.298Z,sell,1.35e-06,17975.0,0.02426625
SNM/BTC,1564290778786,2019-07-28T05:12:58.786Z,buy,1.36e-06,1285.0,0.0017475999999999
SNM/BTC,1564290778825,2019-07-28T05:12:58.825Z,buy,1.36e-06,2000.0,0.0027199999999999
SNM/BTC,1564290784149,2019-07-28T05:13:04.149Z,sell,1.35e-06,95936.0,0.1295136
SNM/BTC,1564290784149,2019-07-28T05:13:04.149Z,sell,1.34e-06,1040383.0,1.3941132200000002
SNM/BTC,1564290784149,2019-07-28T05:13:04.149Z,sell,1.34e-06,6505.0,0.0087167
SNM/BTC,1564290784149,2019-07-28T05:13:04.149Z,sell,1.33e-06,35490.0,0.0472017
SNM/BTC,1564290784149,2019-07-28T05:13:04.149Z,sell,1.33e-06,10520.0,0.0139916
SNM/BTC,1564290784149,2019-07-28T05:13:04.149Z,sell,1.33e-06,4170.0,0.0055461
SNM/BTC,1564290784149,2019-07-28T05:13:04.149Z,sell,1.33e-06,1864.0,0.00247912
SNM/BTC,1564290784149,2019-07-28T05:13:04.149Z,sell,1.33e-06,8292.0,0.01102836
SNM/BTC,1564290784149,2019-07-28T05:13:04.149Z,sell,1.33e-06,3224.0,0.00428792
SNM/BTC,1564290784149,2019-07-28T05:13:04.149Z,sell,1.33e-06,10092.0,0.01342236
SNM/BTC,1564290784149,2019-07-28T05:13:04.149Z,sell,1.32e-06,4479.0,0.00591228
SNM/BTC,1564290784149,2019-07-28T05:13:04.149Z,sell,1.32e-06,817.0,0.00107844
SNM/BTC,1564290784214,2019-07-28T05:13:04.214Z,buy,1.35e-06,243.0,0.00032805
SNM/BTC,1564290784357,2019-07-28T05:13:04.357Z,buy,1.35e-06,7275.0,0.00982125
SNM/BTC,1564290784357,2019-07-28T05:13:04.357Z,buy,1.36e-06,89486.0,0.12170096
SNM/BTC,1564290784379,2019-07-28T05:13:04.379Z,sell,1.36e-06,4507.0,0.0061295199999999
SNM/BTC,1564290784430,2019-07-28T05:13:04.430Z,sell,1.34e-06,4312.0,0.00577808
SNM/BTC,1564290784430,2019-07-28T05:13:04.430Z,sell,1.33e-06,195.0,0.00025935
SNM/BTC,1564290784466,2019-07-28T05:13:04.466Z,buy,1.35e-06,211.0,0.00028485
SNM/BTC,1564290784539,2019-07-28T05:13:04.539Z,buy,1.35e-06,99.0,0.00013365
SNM/BTC,1564290785165,2019-07-28T05:13:05.165Z,buy,1.35e-06,4197.0,0.00566595
SNM/BTC,1564290785165,2019-07-28T05:13:05.165Z,buy,1.36e-06,33551.0,0.0456293599999999
SNM/BTC,1564290785273,2019-07-28T05:13:05.273Z,sell,1.34e-06,1462.0,0.00195908
SNM/BTC,1564290785329,2019-07-28T05:13:05.329Z,sell,1.34e-06,1462.0,0.00195908
SNM/BTC,1564290785407,2019-07-28T05:13:05.407Z,sell,1.34e-06,253.0,0.00033902
SNM/BTC,1564290785425,2019-07-28T05:13:05.425Z,sell,1.34e-06,1462.0,0.00195908
SNM/BTC,1564290785427,2019-07-28T05:13:05.427Z,sell,1.34e-06,4389.0,0.00588126
SNM/BTC,1564290785430,2019-07-28T05:13:05.430Z,sell,1.34e-06,243.0,0.00032562
SNM/BTC,1564290785487,2019-07-28T05:13:05.487Z,sell,1.34e-06,1595.0,0.0021373
SNM/BTC,1564290785497,2019-07-28T05:13:05.497Z,sell,1.34e-06,1188.0,0.00159192
SNM/BTC,1564290785687,2019-07-28T05:13:05.687Z,sell,1.34e-06,46147.0,0.06183698
SNM/BTC,1564290786041,2019-07-28T05:13:06.041Z,buy,1.35e-06,2876.0,0.0038826
SNM/BTC,1564290786352,2019-07-28T05:13:06.352Z,sell,1.34e-06,2512.0,0.00336608
SNM/BTC,1564290786498,2019-07-28T05:13:06.498Z,buy,1.34e-06,520.0,0.0006968
SNM/BTC,1564290786524,2019-07-28T05:13:06.524Z,buy,1.34e-06,520.0,0.0006968
SNM/BTC,1564290787820,2019-07-28T05:13:07.820Z,sell,1.33e-06,1426.0,0.00189658
SNM/BTC,1564290788730,2019-07-28T05:13:08.730Z,sell,1.33e-06,7971.0,0.01060143
SNM/BTC,1564290789082,2019-07-28T05:13:09.082Z,buy,1.34e-06,1448.0,0.00194032
SNM/BTC,1564290791799,2019-07-28T05:13:11.799Z,buy,1.34e-06,5514.0,0.00738876
SNM/BTC,1564290794690,2019-07-28T05:13:14.690Z,sell,1.33e-06,20114.0,0.02675162
SNM/BTC,1564290796336,2019-07-28T05:13:16.336Z,buy,1.35e-06,116.0,0.0001566
SNM/BTC,1564290797713,2019-07-28T05:13:17.713Z,buy,1.35e-06,24.0,3.24e-05
SNM/BTC,1564290797985,2019-07-28T05:13:17.985Z,sell,1.34e-06,746.0,0.00099964
SNM/BTC,1564290809588,2019-07-28T05:13:29.588Z,sell,1.33e-06,729.0,0.00096957
SNM/BTC,1564290813298,2019-07-28T05:13:33.298Z,sell,1.33e-06,2941.0,0.00391153
SNM/BTC,1564290814159,2019-07-28T05:13:34.159Z,sell,1.33e-06,2941.0,0.00391153
SNM/BTC,1564290815350,2019-07-28T05:13:35.350Z,sell,1.33e-06,71841.0,0.0955485299999999
SNM/BTC,1564290815643,2019-07-28T05:13:35.643Z,buy,1.34e-06,2590.0,0.0034706
SNM/BTC,1564290815683,2019-07-28T05:13:35.683Z,buy,1.34e-06,11298.0,0.01513932
SNM/BTC,1564290815813,2019-07-28T05:13:35.813Z,buy,1.34e-06,18784.0,0.02517056
SNM/BTC,1564290815813,2019-07-28T05:13:35.813Z,buy,1.35e-06,21761.0,0.02937735
SNM/BTC,1564290817126,2019-07-28T05:13:37.126Z,buy,1.34e-06,1488.0,0.00199392
SNM/BTC,1564290817175,2019-07-28T05:13:37.175Z,buy,1.34e-06,746.0,0.00099964
SNM/BTC,1564290817216,2019-07-28T05:13:37.216Z,buy,1.34e-06,7110.0,0.0095274
SNM/BTC,1564290817248,2019-07-28T05:13:37.248Z,buy,1.34e-06,22582.0,0.03025988
SNM/BTC,1564290817267,2019-07-28T05:13:37.267Z,sell,1.34e-06,18096.0,0.02424864
SNM/BTC,1564290817276,2019-07-28T05:13:37.276Z,sell,1.34e-06,18094.0,0.02424596
SNM/BTC,1564290817474,2019-07-28T05:13:37.474Z,sell,1.34e-06,1450.0,0.001943
SNM/BTC,1564290818219,2019-07-28T05:13:38.219Z,sell,1.34e-06,5266.0,0.00705644
SNM/BTC,1564290821661,2019-07-28T05:13:41.661Z,sell,1.34e-06,1077.0,0.00144318
SNM/BTC,1564290830148,2019-07-28T05:13:50.148Z,buy,1.35e-06,1770.0,0.0023895
SNM/BTC,1564290830536,2019-07-28T05:13:50.536Z,buy,1.35e-06,1852.0,0.0025002
SNM/BTC,1564290830738,2019-07-28T05:13:50.738Z,sell,1.34e-06,81288.0,0.10892592
SNM/BTC,1564290830738,2019-07-28T05:13:50.738Z,sell,1.33e-06,62131.0,0.08263423
SNM/BTC,1564290830738,2019-07-28T05:13:50.738Z,sell,1.32e-06,115638.0,0.15264216
SNM/BTC,1564290830769,2019-07-28T05:13:50.769Z,buy,1.32e-06,26001.0,0.03432132
SNM/BTC,1564290830772,2019-07-28T05:13:50.772Z,buy,1.32e-06,83770.0,0.1105764
SNM/BTC,1564290830772,2019-07-28T05:13:50.772Z,buy,1.32e-06,83708.0,0.11049456
SNM/BTC,1564290830772,2019-07-28T05:13:50.772Z,buy,1.32e-06,26001.0,0.03432132
SNM/BTC,1564290830781,2019-07-28T05:13:50.781Z,buy,1.32e-06,15158.0,0.02000856
SNM/BTC,1564290830798,2019-07-28T05:13:50.798Z,buy,1.32e-06,26001.0,0.03432132
SNM/BTC,1564290830806,2019-07-28T05:13:50.806Z,buy,1.32e-06,262.0,0.00034584
SNM/BTC,1564290830808,2019-07-28T05:13:50.808Z,buy,1.32e-06,3822.0,0.00504504
SNM/BTC,1564290830813,2019-07-28T05:13:50.813Z,buy,1.32e-06,26001.0,0.03432132
SNM/BTC,1564290830846,2019-07-28T05:13:50.846Z,buy,1.32e-06,6128.0,0.00808896
SNM/BTC,1564290831314,2019-07-28T05:13:51.314Z,buy,1.32e-06,100988.0,0.13330416
SNM/BTC,1564290831446,2019-07-28T05:13:51.446Z,buy,1.32e-06,5962.0,0.00786984
SNM/BTC,1564290831587,2019-07-28T05:13:51.587Z,buy,1.32e-06,90.0,0.0001188
SNM/BTC,1564290831986,2019-07-28T05:13:51.986Z,buy,1.32e-06,3595.0,0.0047454
SNM/BTC,1564290832131,2019-07-28T05:13:52.131Z,buy,1.32e-06,2172.0,0.00286704
SNM/BTC,1564290833908,2019-07-28T05:13:53.908Z,sell,1.31e-06,13851.0,0.01814481
SNM/BTC,1564290833908,2019-07-28T05:13:53.908Z,sell,1.31e-06,10025.0,0.01313275
SNM/BTC,1564290833908,2019-07-28T05:13:53.908Z,sell,1.31e-06,4804.0,0.0062932399999999
SNM/BTC,1564290833929,2019-07-28T05:13:53.929Z,sell,1.31e-06,13851.0,0.01814481
SNM/BTC,1564290834265,2019-07-28T05:13:54.265Z,buy,1.32e-06,2088.0,0.00275616
SNM/BTC,1564290834594,2019-07-28T05:13:54.594Z,sell,1.31e-06,1087.0,0.0014239699999999
SNM/BTC,1564290834813,2019-07-28T05:13:54.813Z,buy,1.32e-06,383807.0,0.50662524
SNM/BTC,1564290836287,2019-07-28T05:13:56.287Z,sell,1.31e-06,21586.0,0.02827766
SNM/BTC,1564290837123,2019-07-28T05:13:57.123Z,buy,1.32e-06,2896.0,0.00382272
SNM/BTC,1564290838741,2019-07-28T05:13:58.741Z,sell,1.31e-06,855.0,0.00112005
SNM/BTC,1564290839087,2019-07-28T05:13:59.087Z,buy,1.32e-06,303030.0,0.3999996
SNM/BTC,1564290840003,2019-07-28T05:14:00.003Z,buy,1.32e-06,28619.0,0.03777708
SNM/BTC,1564290841664,2019-07-28T05:14:01.664Z,buy,1.33e-06,129.0,0.0001715699999999
SNM/BTC,1564290843983,2019-07-28T05:14:03.983Z,sell,1.32e-06,145070.0,0.1914924
SNM/BTC,1564290847455,2019-07-28T05:14:07.455Z,sell,1.32e-06,83612.0,0.11036784
SNM/BTC,1564290848558,2019-07-28T05:14:08.558Z,sell,1.32e-06,157.0,0.00020724
SNM/BTC,1564290850689,2019-07-28T05:14:10.689Z,sell,1.32e-06,2512.0,0.00331584
SNM/BTC,1564290851653,2019-07-28T05:14:11.653Z,sell,1.32e-06,107762.0,0.14224584
SNM/BTC,1564290852007,2019-07-28T05:14:12.007Z,sell,1.32e-06,717.0,0.00094644
SNM/BTC,1564290852101,2019-07-28T05:14:12.101Z,buy,1.33e-06,1127.0,0.00149891
SNM/BTC,1564290852608,2019-07-28T05:14:12.608Z,buy,1.33e-06,1503.0,0.00199899
SNM/BTC,1564290852685,2019-07-28T05:14:12.685Z,buy,1.33e-06,701.0,0.00093233
SNM/BTC,1564290852977,2019-07-28T05:14:12.977Z,buy,1.33e-06,3012.0,0.00400596
SNM/BTC,1564290853188,2019-07-28T05:14:13.188Z,buy,1.33e-06,751.0,0.00099883
SNM/BTC,1564290853240,2019-07-28T05:14:13.240Z,buy,1.33e-06,1492.0,0.00198436
SNM/BTC,1564290853269,2019-07-28T05:14:13.269Z,buy,1.33e-06,820.0,0.0010906
SNM/BTC,1564290853299,2019-07-28T05:14:13.299Z,buy,1.33e-06,751.0,0.00099883
SNM/BTC,1564290853328,2019-07-28T05:14:13.328Z,buy,1.33e-06,1127.0,0.00149891
SNM/BTC,1564290853544,2019-07-28T05:14:13.544Z,buy,1.33e-06,953.0,0.00126749
SNM/BTC,1564290853544,2019-07-28T05:14:13.544Z,buy,1.33e-06,3226.0,0.00429058
SNM/BTC,1564290853624,2019-07-28T05:14:13.624Z,buy,1.33e-06,10976.0,0.01459808
SNM/BTC,1564290853667,2019-07-28T05:14:13.667Z,buy,1.33e-06,2161.0,0.00287413
SNM/BTC,1564290856674,2019-07-28T05:14:16.674Z,sell,1.32e-06,128.0,0.00016896
SNM/BTC,1564290857742,2019-07-28T05:14:17.742Z,buy,1.33e-06,1278.0,0.00169974
SNM/BTC,1564290865110,2019-07-28T05:14:25.110Z,buy,1.33e-06,4254.0,0.00565782
SNM/BTC,1564290871735,2019-07-28T05:14:31.735Z,sell,1.32e-06,17091.0,0.02256012
SNM/BTC,1564290875404,2019-07-28T05:14:35.404Z,buy,1.33e-06,199.0,0.00026467
SNM/BTC,1564290879448,2019-07-28T05:14:39.448Z,buy,1.33e-06,62425.0,0.08302525
SNM/BTC,1564290879511,2019-07-28T05:14:39.511Z,sell,1.33e-06,2398.0,0.00318934
SNM/BTC,1564290879511,2019-07-28T05:14:39.511Z,sell,1.33e-06,4492.0,0.00597436
SNM/BTC,1564290879516,2019-07-28T05:14:39.516Z,buy,1.34e-06,27.0,3.618e-05
SNM/BTC,1564290879545,2019-07-28T05:14:39.545Z,sell,1.33e-06,380.0,0.0005054
SNM/BTC,1564290879680,2019-07-28T05:14:39.680Z,sell,1.33e-06,2838.0,0.00377454
SNM/BTC,1564290879687,2019-07-28T05:14:39.687Z,sell,1.33e-06,9157.0,0.01217881
SNM/BTC,1564290879702,2019-07-28T05:14:39.702Z,sell,1.33e-06,1640.0,0.0021812
SNM/BTC,1564290879730,2019-07-28T05:14:39.730Z,sell,1.33e-06,1498.0,0.00199234
SNM/BTC,1564290879739,2019-07-28T05:14:39.739Z,sell,1.33e-06,2195.0,0.00291935
SNM/BTC,1564290879753,2019-07-28T05:14:39.753Z,sell,1.33e-06,2195.0,0.00291935
SNM/BTC,1564290879781,2019-07-28T05:14:39.781Z,sell,1.33e-06,9157.0,0.01217881
SNM/BTC,1564290879870,2019-07-28T05:14:39.870Z,sell,1.33e-06,105.0,0.00013965
SNM/BTC,1564290880185,2019-07-28T05:14:40.185Z,sell,1.33e-06,15109.0,0.02009497
SNM/BTC,1564290880263,2019-07-28T05:14:40.263Z,sell,1.33e-06,1181.0,0.00157073
SNM/BTC,1564290880295,2019-07-28T05:14:40.295Z,sell,1.33e-06,112.0,0.00014896
SNM/BTC,1564290880304,2019-07-28T05:14:40.304Z,sell,1.33e-06,20648.0,0.0274618399999999
SNM/BTC,1564290880757,2019-07-28T05:14:40.757Z,buy,1.34e-06,1062.0,0.00142308
SNM/BTC,1564290881688,2019-07-28T05:14:41.688Z,buy,1.34e-06,57300.0,0.076782
SNM/BTC,1564290901415,2019-07-28T05:15:01.415Z,buy,1.34e-06,20373.0,0.02729982
SNM/BTC,1564290911309,2019-07-28T05:15:11.309Z,sell,1.33e-06,5291.0,0.00703703
SNM/BTC,1564290911309,2019-07-28T05:15:11.309Z,sell,1.33e-06,5291.0,0.00703703
SNM/BTC,1564290965329,2019-07-28T05:16:05.329Z,sell,1.33e-06,953.0,0.00126749
SNM/BTC,1564290967284,2019-07-28T05:16:07.284Z,sell,1.33e-06,4286.0,0.00570038
SNM/BTC,1564290992726,2019-07-28T05:16:32.726Z,sell,1.33e-06,60415.0,0.0803519499999999
SNM/BTC,1564290999612,2019-07-28T05:16:39.612Z,buy,1.34e-06,17082.0,0.02288988
SNM/BTC,1564291024358,2019-07-28T05:17:04.358Z,buy,1.34e-06,75576.0,0.10127184
SNM/BTC,1564291026759,2019-07-28T05:17:06.759Z,sell,1.33e-06,83.0,0.0001103899999999
SNM/BTC,1564291040488,2019-07-28T05:17:20.488Z,buy,1.34e-06,319.0,0.00042746
SNM/BTC,1564291053268,2019-07-28T05:17:33.268Z,buy,1.34e-06,1422.0,0.00190548
SNM/BTC,1564291083448,2019-07-28T05:18:03.448Z,buy,1.34e-06,246.0,0.00032964
SNM/BTC,1564291107857,2019-07-28T05:18:27.857Z,sell,1.33e-06,136100.0,0.181013
SNM/BTC,1564291119305,2019-07-28T05:18:39.305Z,sell,1.33e-06,840.0,0.0011172
SNM/BTC,1564291119349,2019-07-28T05:18:39.349Z,buy,1.33e-06,672.0,0.00089376
SNM/BTC,1564291228159,2019-07-28T05:20:28.159Z,sell,1.33e-06,2500.0,0.003325
SNM/BTC,1564291242767,2019-07-28T05:20:42.767Z,buy,1.34e-06,35778.0,0.04794252
SNM/BTC,1564291265923,2019-07-28T05:21:05.923Z,buy,1.34e-06,19182.0,0.02570388
SNM/BTC,1564291276295,2019-07-28T05:21:16.295Z,buy,1.34e-06,6298.0,0.00843932
SNM/BTC,1564291303769,2019-07-28T05:21:43.769Z,sell,1.33e-06,30271.0,0.04026043
SNM/BTC,1564291312488,2019-07-28T05:21:52.488Z,buy,1.34e-06,1030.0,0.0013802
SNM/BTC,1564291325114,2019-07-28T05:22:05.114Z,sell,1.33e-06,80843.0,0.10752119
SNM/BTC,1564291349677,2019-07-28T05:22:29.677Z,buy,1.33e-06,4115.0,0.00547295
SNM/BTC,1564291369216,2019-07-28T05:22:49.216Z,buy,1.33e-06,8144.0,0.0108315199999999
SNM/BTC,1564291375697,2019-07-28T05:22:55.697Z,buy,1.33e-06,55845.0,0.07427385
SNM/BTC,1564291379872,2019-07-28T05:22:59.872Z,sell,1.33e-06,68105.0,0.09057965
SNM/BTC,1564291455139,2019-07-28T05:24:15.139Z,sell,1.33e-06,1213.0,0.0016132899999999
SNM/BTC,1564291455926,2019-07-28T05:24:15.926Z,sell,1.33e-06,1213.0,0.0016132899999999
SNM/BTC,1564291664567,2019-07-28T05:27:44.567Z,buy,1.34e-06,407.0,0.00054538
SNM/BTC,1564291827917,2019-07-28T05:30:27.917Z,sell,1.33e-06,704.0,0.00093632
SNM/BTC,1564291857871,2019-07-28T05:30:57.871Z,buy,1.34e-06,3110.0,0.0041674
SNM/BTC,1564291873889,2019-07-28T05:31:13.889Z,buy,1.34e-06,4904.0,0.00657136
SNM/BTC,1564291982994,2019-07-28T05:33:02.994Z,buy,1.34e-06,108.0,0.00014472
SNM/BTC,1564292038382,2019-07-28T05:33:58.382Z,buy,1.34e-06,23.0,3.082e-05
SNM/BTC,1564292041383,2019-07-28T05:34:01.383Z,buy,1.34e-06,24.0,3.2160000000000004e-05
SNM/BTC,1564292100751,2019-07-28T05:35:00.751Z,buy,1.34e-06,1492.0,0.00199928
SNM/BTC,1564292104344,2019-07-28T05:35:04.344Z,buy,1.34e-06,21.0,2.814e-05
SNM/BTC,1564292108920,2019-07-28T05:35:08.920Z,buy,1.34e-06,131450.0,0.176143
SNM/BTC,1564292174022,2019-07-28T05:36:14.022Z,buy,1.34e-06,35880.0,0.0480792
SNM/BTC,1564292175073,2019-07-28T05:36:15.073Z,buy,1.34e-06,22656.0,0.03035904
SNM/BTC,1564292175091,2019-07-28T05:36:15.091Z,sell,1.34e-06,9377.0,0.01256518
SNM/BTC,1564292175150,2019-07-28T05:36:15.150Z,sell,1.33e-06,9377.0,0.01247141
SNM/BTC,1564292175158,2019-07-28T05:36:15.158Z,sell,1.33e-06,9377.0,0.01247141
SNM/BTC,1564292175893,2019-07-28T05:36:15.893Z,buy,1.34e-06,2166.0,0.00290244
SNM/BTC,1564292258984,2019-07-28T05:37:38.984Z,buy,1.34e-06,5962.0,0.00798908
SNM/BTC,1564292259012,2019-07-28T05:37:39.012Z,sell,1.34e-06,3038.0,0.00407092
SNM/BTC,1564292259045,2019-07-28T05:37:39.045Z,sell,1.33e-06,3038.0,0.00404054
SNM/BTC,1564292259052,2019-07-28T05:37:39.052Z,sell,1.33e-06,3038.0,0.00404054
SNM/BTC,1564292390109,2019-07-28T05:39:50.109Z,sell,1.34e-06,1408.0,0.00188672
SNM/BTC,1564292390483,2019-07-28T05:39:50.483Z,sell,1.34e-06,1408.0,0.00188672
SNM/BTC,1564292393136,2019-07-28T05:39:53.136Z,buy,1.35e-06,27.0,3.645e-05
SNM/BTC,1564292428270,2019-07-28T05:40:28.270Z,sell,1.34e-06,123.0,0.00016482
SNM/BTC,1564292436414,2019-07-28T05:40:36.414Z,sell,1.34e-06,3012.0,0.00403608
SNM/BTC,1564292447443,2019-07-28T05:40:47.443Z,buy,1.35e-06,692.0,0.0009342
SNM/BTC,1564292456803,2019-07-28T05:40:56.803Z,sell,1.34e-06,80.0,0.0001072
SNM/BTC,1564292465556,2019-07-28T05:41:05.556Z,sell,1.34e-06,86.0,0.00011524
SNM/BTC,1564292484298,2019-07-28T05:41:24.298Z,buy,1.35e-06,8159.0,0.0110146499999999
SNM/BTC,1564292498015,2019-07-28T05:41:38.015Z,buy,1.35e-06,681707.0,0.92030445
SNM/BTC,1564292498032,2019-07-28T05:41:38.032Z,sell,1.35e-06,5629.0,0.00759915
SNM/BTC,1564292498039,2019-07-28T05:41:38.039Z,sell,1.35e-06,9984.0,0.0134784
SNM/BTC,1564292498290,2019-07-28T05:41:38.290Z,sell,1.35e-06,90.0,0.0001215
SNM/BTC,1564292504163,2019-07-28T05:41:44.163Z,buy,1.36e-06,24.0,3.264e-05
SNM/BTC,1564292521061,2019-07-28T05:42:01.061Z,sell,1.35e-06,1127.0,0.00152145
SNM/BTC,1564292531702,2019-07-28T05:42:11.702Z,sell,1.35e-06,8006.0,0.0108081
SNM/BTC,1564292549481,2019-07-28T05:42:29.481Z,buy,1.36e-06,24.0,3.264e-05
SNM/BTC,1564292707158,2019-07-28T05:45:07.158Z,buy,1.36e-06,28.0,3.808e-05
SNM/BTC,1564292720149,2019-07-28T05:45:20.149Z,sell,1.35e-06,96.0,0.0001296
SNM/BTC,1564292775063,2019-07-28T05:46:15.063Z,sell,1.35e-06,124.0,0.0001674
SNM/BTC,1564292779465,2019-07-28T05:46:19.465Z,buy,1.36e-06,27.0,3.672e-05
SNM/BTC,1564292802469,2019-07-28T05:46:42.469Z,buy,1.36e-06,22.0,2.992e-05
SNM/BTC,1564292813413,2019-07-28T05:46:53.413Z,sell,1.35e-06,98.0,0.0001323
SNM/BTC,1564292837012,2019-07-28T05:47:17.012Z,buy,1.36e-06,27.0,3.672e-05
SNM/BTC,1564292852556,2019-07-28T05:47:32.556Z,buy,1.36e-06,22.0,2.992e-05
SNM/BTC,1564292852639,2019-07-28T05:47:32.639Z,sell,1.35e-06,79.0,0.00010665
SNM/BTC,1564292882547,2019-07-28T05:48:02.547Z,buy,1.36e-06,24.0,3.264e-05
SNM/BTC,1564292882617,2019-07-28T05:48:02.617Z,sell,1.35e-06,100.0,0.000135
SNM/BTC,1564292885419,2019-07-28T05:48:05.419Z,buy,1.36e-06,21.0,2.856e-05
SNM/BTC,1564292936713,2019-07-28T05:48:56.713Z,buy,1.36e-06,25.0,3.4e-05
SNM/BTC,1564292948828,2019-07-28T05:49:08.828Z,sell,1.35e-06,112.0,0.0001512
SNM/BTC,1564292952480,2019-07-28T05:49:12.480Z,buy,1.36e-06,25.0,3.4e-05
SNM/BTC,1564292954236,2019-07-28T05:49:14.236Z,buy,1.36e-06,2217.0,0.0030151199999999
SNM/BTC,1564292966577,2019-07-28T05:49:26.577Z,buy,1.36e-06,37225.0,0.050626
SNM/BTC,1564292967580,2019-07-28T05:49:27.580Z,buy,1.36e-06,159.0,0.0002162399999999
SNM/BTC,1564292971612,2019-07-28T05:49:31.612Z,buy,1.36e-06,74.0,0.00010064
SNM/BTC,1564292996610,2019-07-28T05:49:56.610Z,sell,1.35e-06,37461.0,0.05057235
SNM/BTC,1564292998022,2019-07-28T05:49:58.022Z,buy,1.36e-06,22.0,2.992e-05
SNM/BTC,1564293004140,2019-07-28T05:50:04.140Z,sell,1.35e-06,92.0,0.0001242
SNM/BTC,1564293046762,2019-07-28T05:50:46.762Z,buy,1.36e-06,1733.0,0.00235688
SNM/BTC,1564293092920,2019-07-28T05:51:32.920Z,sell,1.35e-06,50797.0,0.06857595
SNM/BTC,1564293102345,2019-07-28T05:51:42.345Z,sell,1.34e-06,2000.0,0.00268
SNM/BTC,1564293136847,2019-07-28T05:52:16.847Z,buy,1.35e-06,74.0,9.99e-05
SNM/BTC,1564293212580,2019-07-28T05:53:32.580Z,buy,1.35e-06,23.0,3.105e-05
SNM/BTC,1564293247256,2019-07-28T05:54:07.256Z,buy,1.35e-06,21.0,2.835e-05
SNM/BTC,1564293272923,2019-07-28T05:54:32.923Z,buy,1.35e-06,23.0,3.105e-05
SNM/BTC,1564293301866,2019-07-28T05:55:01.866Z,buy,1.35e-06,21.0,2.835e-05
SNM/BTC,1564293329752,2019-07-28T05:55:29.752Z,sell,1.34e-06,5000.0,0.0067
SNM/BTC,1564293352301,2019-07-28T05:55:52.301Z,sell,1.34e-06,146364.0,0.19612776
SNM/BTC,1564293352450,2019-07-28T05:55:52.450Z,sell,1.34e-06,104.0,0.00013936
SNM/BTC,1564293352451,2019-07-28T05:55:52.451Z,sell,1.34e-06,97.0,0.00012998
SNM/BTC,1564293374173,2019-07-28T05:56:14.173Z,sell,1.34e-06,83.0,0.00011122
SNM/BTC,1564293376518,2019-07-28T05:56:16.518Z,buy,1.35e-06,22.0,2.97e-05
SNM/BTC,1564293407817,2019-07-28T05:56:47.817Z,buy,1.35e-06,5000.0,0.00675
SNM/BTC,1564293426382,2019-07-28T05:57:06.382Z,buy,1.35e-06,21.0,2.835e-05
SNM/BTC,1564293448305,2019-07-28T05:57:28.305Z,buy,1.35e-06,27.0,3.645e-05
SNM/BTC,1564293498226,2019-07-28T05:58:18.226Z,buy,1.35e-06,25.0,3.375e-05
SNM/BTC,1564293554762,2019-07-28T05:59:14.762Z,buy,1.35e-06,123549.0,0.16679115
SNM/BTC,1564293556533,2019-07-28T05:59:16.533Z,buy,1.35e-06,25.0,3.375e-05
SNM/BTC,1564293599526,2019-07-28T05:59:59.526Z,buy,1.35e-06,24.0,3.24e-05
SNM/BTC,1564293601227,2019-07-28T06:00:01.227Z,buy,1.35e-06,136.0,0.0001836
SNM/BTC,1564293602227,2019-07-28T06:00:02.227Z,buy,1.35e-06,235.0,0.00031725
SNM/BTC,1564293603234,2019-07-28T06:00:03.234Z,buy,1.36e-06,18448.0,0.02508928
SNM/BTC,1564293604224,2019-07-28T06:00:04.224Z,buy,1.36e-06,131.0,0.00017816
SNM/BTC,1564293606228,2019-07-28T06:00:06.228Z,buy,1.36e-06,74.0,0.00010064
SNM/BTC,1564293610262,2019-07-28T06:00:10.262Z,buy,1.36e-06,125.0,0.0001699999999999
SNM/BTC,1564293663608,2019-07-28T06:01:03.608Z,buy,1.36e-06,22.0,2.992e-05
SNM/BTC,1564293679326,2019-07-28T06:01:19.326Z,buy,1.36e-06,26.0,3.536e-05
SNM/BTC,1564293717540,2019-07-28T06:01:57.540Z,buy,1.36e-06,26.0,3.536e-05
