symbol,timestamp,datetime,side,price,amount,btc_volume
SNM/BTC,1598198485526,2020-08-23T16:01:25.526Z,buy,1.03e-06,54532.0,0.05616796
SNM/BTC,1598198611571,2020-08-23T16:03:31.571Z,buy,1.03e-06,20.0,2.0600000000000003e-05
SNM/BTC,1598198614880,2020-08-23T16:03:34.880Z,buy,1.03e-06,20.0,2.0600000000000003e-05
SNM/BTC,1598198618712,2020-08-23T16:03:38.712Z,buy,1.03e-06,20.0,2.0600000000000003e-05
SNM/BTC,1598198622162,2020-08-23T16:03:42.162Z,buy,1.03e-06,20.0,2.0600000000000003e-05
SNM/BTC,1598198645437,2020-08-23T16:04:05.437Z,buy,1.03e-06,20.0,2.0600000000000003e-05
SNM/BTC,1598198649837,2020-08-23T16:04:09.837Z,buy,1.03e-06,20.0,2.0600000000000003e-05
SNM/BTC,1598198660779,2020-08-23T16:04:20.779Z,buy,1.03e-06,6268.0,0.00645604
SNM/BTC,1598198706712,2020-08-23T16:05:06.712Z,buy,1.03e-06,679.0,0.00069937
SNM/BTC,1598198747074,2020-08-23T16:05:47.074Z,sell,1.02e-06,54293.0,0.05537886
SNM/BTC,1598198826446,2020-08-23T16:07:06.446Z,buy,1.03e-06,20.0,2.0600000000000003e-05
SNM/BTC,1598198829709,2020-08-23T16:07:09.709Z,buy,1.03e-06,20.0,2.0600000000000003e-05
SNM/BTC,1598198839744,2020-08-23T16:07:19.744Z,buy,1.03e-06,20.0,2.0600000000000003e-05
SNM/BTC,1598198901665,2020-08-23T16:08:21.665Z,buy,1.03e-06,574.0,0.00059122
SNM/BTC,1598198919877,2020-08-23T16:08:39.877Z,buy,1.03e-06,200000.0,0.206
SNM/BTC,1598198923937,2020-08-23T16:08:43.937Z,buy,1.03e-06,195.0,0.00020085
SNM/BTC,1598198924030,2020-08-23T16:08:44.030Z,buy,1.03e-06,99.0,0.00010197
SNM/BTC,1598198924710,2020-08-23T16:08:44.710Z,buy,1.03e-06,360.0,0.0003708
SNM/BTC,1598198924920,2020-08-23T16:08:44.920Z,buy,1.03e-06,486.0,0.00050058
SNM/BTC,1598198937440,2020-08-23T16:08:57.440Z,buy,1.03e-06,4855.0,0.00500065
SNM/BTC,1598198946814,2020-08-23T16:09:06.814Z,buy,1.03e-06,486.0,0.00050058
SNM/BTC,1598198954633,2020-08-23T16:09:14.633Z,buy,1.03e-06,4855.0,0.00500065
SNM/BTC,1598198960673,2020-08-23T16:09:20.673Z,buy,1.03e-06,389.0,0.00040067
SNM/BTC,1598199073454,2020-08-23T16:11:13.454Z,sell,1.02e-06,2000.0,0.00204
SNM/BTC,1598199089013,2020-08-23T16:11:29.013Z,sell,1.02e-06,582.0,0.00059364
SNM/BTC,1598199133440,2020-08-23T16:12:13.440Z,buy,1.03e-06,292.0,0.00030076
SNM/BTC,1598199169123,2020-08-23T16:12:49.123Z,buy,1.03e-06,80672.0,0.08309216
SNM/BTC,1598199214865,2020-08-23T16:13:34.865Z,buy,1.03e-06,292.0,0.00030076
SNM/BTC,1598199308815,2020-08-23T16:15:08.815Z,buy,1.03e-06,292.0,0.00030076
SNM/BTC,1598199314369,2020-08-23T16:15:14.369Z,buy,1.03e-06,87708.0,0.09033924
SNM/BTC,1598199315505,2020-08-23T16:15:15.505Z,sell,1.03e-06,125.0,0.00012875
SNM/BTC,1598199319138,2020-08-23T16:15:19.138Z,sell,1.03e-06,4040.0,0.0041612
SNM/BTC,1598199327688,2020-08-23T16:15:27.688Z,buy,1.04e-06,289.0,0.00030056
SNM/BTC,1598199341661,2020-08-23T16:15:41.661Z,sell,1.03e-06,1365.0,0.00140595
SNM/BTC,1598199342618,2020-08-23T16:15:42.618Z,sell,1.03e-06,1364.0,0.00140492
SNM/BTC,1598199347162,2020-08-23T16:15:47.162Z,sell,1.03e-06,1363.0,0.00140389
SNM/BTC,1598199381811,2020-08-23T16:16:21.811Z,buy,1.04e-06,3443.0,0.00358072
SNM/BTC,1598199496477,2020-08-23T16:18:16.477Z,buy,1.04e-06,98.0,0.00010192
SNM/BTC,1598199507807,2020-08-23T16:18:27.807Z,sell,1.03e-06,110000.0,0.1133
SNM/BTC,1598199507807,2020-08-23T16:18:27.807Z,sell,1.03e-06,825.0,0.00084975
SNM/BTC,1598199507807,2020-08-23T16:18:27.807Z,sell,1.02e-06,4434.0,0.00452268
SNM/BTC,1598199507807,2020-08-23T16:18:27.807Z,sell,1.02e-06,2379.0,0.00242658
SNM/BTC,1598199508319,2020-08-23T16:18:28.319Z,sell,1.03e-06,5000.0,0.00515
SNM/BTC,1598199508596,2020-08-23T16:18:28.596Z,sell,1.03e-06,5000.0,0.00515
SNM/BTC,1598199549884,2020-08-23T16:19:09.884Z,buy,1.04e-06,289.0,0.00030056
SNM/BTC,1598199563469,2020-08-23T16:19:23.469Z,buy,1.04e-06,962.0,0.00100048
SNM/BTC,1598199563644,2020-08-23T16:19:23.644Z,buy,1.04e-06,98.0,0.00010192
SNM/BTC,1598199607094,2020-08-23T16:20:07.094Z,buy,1.04e-06,289.0,0.00030056
SNM/BTC,1598199676153,2020-08-23T16:21:16.153Z,sell,1.03e-06,9577.0,0.00986431
SNM/BTC,1598199684926,2020-08-23T16:21:24.926Z,sell,1.02e-06,596.0,0.00060792
SNM/BTC,1598199700477,2020-08-23T16:21:40.477Z,buy,1.03e-06,116165.0,0.11964995
SNM/BTC,1598199833178,2020-08-23T16:23:53.178Z,buy,1.03e-06,5000.0,0.00515
SNM/BTC,1598199846005,2020-08-23T16:24:06.005Z,buy,1.03e-06,4004.0,0.00412412
SNM/BTC,1598199931480,2020-08-23T16:25:31.480Z,buy,1.03e-06,9958.0,0.01025674
SNM/BTC,1598200029386,2020-08-23T16:27:09.386Z,buy,1.03e-06,12500.0,0.012875
SNM/BTC,1598200061184,2020-08-23T16:27:41.184Z,buy,1.03e-06,829.0,0.00085387
SNM/BTC,1598200270347,2020-08-23T16:31:10.347Z,buy,1.03e-06,99.0,0.00010197
SNM/BTC,1598200297030,2020-08-23T16:31:37.030Z,buy,1.03e-06,292.0,0.00030076
SNM/BTC,1598200307168,2020-08-23T16:31:47.168Z,buy,1.03e-06,1700.0,0.001751
SNM/BTC,1598200402727,2020-08-23T16:33:22.727Z,buy,1.03e-06,11620.0,0.0119686
SNM/BTC,1598200428826,2020-08-23T16:33:48.826Z,buy,1.03e-06,3883.0,0.00399949
SNM/BTC,1598200509943,2020-08-23T16:35:09.943Z,buy,1.03e-06,1508.0,0.00155324
SNM/BTC,1598200510522,2020-08-23T16:35:10.522Z,buy,1.03e-06,1151.0,0.00118553
SNM/BTC,1598200660329,2020-08-23T16:37:40.329Z,buy,1.03e-06,1084.0,0.00111652
SNM/BTC,1598200681411,2020-08-23T16:38:01.411Z,buy,1.03e-06,1478.0,0.00152234
SNM/BTC,1598200973027,2020-08-23T16:42:53.027Z,buy,1.03e-06,2401.0,0.00247303
SNM/BTC,1598200980923,2020-08-23T16:43:00.923Z,buy,1.03e-06,14822.0,0.01526666
SNM/BTC,1598201199156,2020-08-23T16:46:39.156Z,buy,1.03e-06,292.0,0.00030076
SNM/BTC,1598201368226,2020-08-23T16:49:28.226Z,buy,1.03e-06,8406.0,0.00865818
SNM/BTC,1598201403087,2020-08-23T16:50:03.087Z,buy,1.03e-06,9708.0,0.00999924
SNM/BTC,1598201464035,2020-08-23T16:51:04.035Z,buy,1.03e-06,2556.0,0.00263268
SNM/BTC,1598201759322,2020-08-23T16:55:59.322Z,buy,1.04e-06,20000.0,0.0208
SNM/BTC,1598201800291,2020-08-23T16:56:40.291Z,buy,1.04e-06,2546.0,0.00264784
SNM/BTC,1598201901049,2020-08-23T16:58:21.049Z,sell,1.03e-06,1984.0,0.00204352
SNM/BTC,1598201901049,2020-08-23T16:58:21.049Z,sell,1.03e-06,1984.0,0.00204352
SNM/BTC,1598202280503,2020-08-23T17:04:40.503Z,buy,1.04e-06,289.0,0.00030056
SNM/BTC,1598202307794,2020-08-23T17:05:07.794Z,sell,1.03e-06,400.0,0.000412
SNM/BTC,1598202516421,2020-08-23T17:08:36.421Z,sell,1.03e-06,545.0,0.00056135
SNM/BTC,1598202874381,2020-08-23T17:14:34.381Z,sell,1.03e-06,1328.0,0.00136784
SNM/BTC,1598203080010,2020-08-23T17:18:00.010Z,sell,1.03e-06,6000.0,0.00618
SNM/BTC,1598203088724,2020-08-23T17:18:08.724Z,sell,1.03e-06,2219.0,0.00228557
SNM/BTC,1598203137979,2020-08-23T17:18:57.979Z,sell,1.03e-06,82000.0,0.08446
SNM/BTC,1598204602918,2020-08-23T17:43:22.918Z,buy,1.04e-06,4807.0,0.00499928
SNM/BTC,1598205075307,2020-08-23T17:51:15.307Z,buy,1.04e-06,288.0,0.00029952
SNM/BTC,1598205092216,2020-08-23T17:51:32.216Z,buy,1.04e-06,98.0,0.00010192
SNM/BTC,1598205097355,2020-08-23T17:51:37.355Z,buy,1.04e-06,193.0,0.00020072
SNM/BTC,1598205371208,2020-08-23T17:56:11.208Z,buy,1.04e-06,962.0,0.00100048
SNM/BTC,1598205392456,2020-08-23T17:56:32.456Z,buy,1.04e-06,193.0,0.00020072
SNM/BTC,1598205398268,2020-08-23T17:56:38.268Z,buy,1.04e-06,4808.0,0.00500032
SNM/BTC,1598205429349,2020-08-23T17:57:09.349Z,buy,1.04e-06,289.0,0.00030056
SNM/BTC,1598205429349,2020-08-23T17:57:09.349Z,buy,1.04e-06,289.0,0.00030056
SNM/BTC,1598205502631,2020-08-23T17:58:22.631Z,sell,1.03e-06,4353.0,0.00448359
SNM/BTC,1598205611021,2020-08-23T18:00:11.021Z,buy,1.04e-06,11202.0,0.01165008
SNM/BTC,1598205644537,2020-08-23T18:00:44.537Z,sell,1.03e-06,100592.0,0.10360976
SNM/BTC,1598205914372,2020-08-23T18:05:14.372Z,buy,1.04e-06,5345.0,0.0055588
SNM/BTC,1598205914957,2020-08-23T18:05:14.957Z,buy,1.04e-06,246.0,0.00025584
SNM/BTC,1598205980144,2020-08-23T18:06:20.144Z,buy,1.04e-06,5099.0,0.00530296
SNM/BTC,1598206059797,2020-08-23T18:07:39.797Z,buy,1.04e-06,193.0,0.00020072
SNM/BTC,1598206143428,2020-08-23T18:09:03.428Z,buy,1.04e-06,103462.0,0.10760048
SNM/BTC,1598206149177,2020-08-23T18:09:09.177Z,sell,1.03e-06,31546.0,0.03249238
SNM/BTC,1598206156789,2020-08-23T18:09:16.789Z,sell,1.03e-06,12151.0,0.01251553
SNM/BTC,1598206164161,2020-08-23T18:09:24.161Z,buy,1.03e-06,1801.0,0.00185503
SNM/BTC,1598206222329,2020-08-23T18:10:22.329Z,buy,1.04e-06,139.0,0.00014456
SNM/BTC,1598206527699,2020-08-23T18:15:27.699Z,buy,1.04e-06,6024.0,0.00626496
SNM/BTC,1598206660204,2020-08-23T18:17:40.204Z,buy,1.04e-06,18441.0,0.01917864
SNM/BTC,1598206753799,2020-08-23T18:19:13.799Z,sell,1.03e-06,593.0,0.00061079
SNM/BTC,1598207268832,2020-08-23T18:27:48.832Z,sell,1.03e-06,155.0,0.00015965
SNM/BTC,1598207925584,2020-08-23T18:38:45.584Z,buy,1.04e-06,24038.0,0.02499952
SNM/BTC,1598207944866,2020-08-23T18:39:04.866Z,sell,1.03e-06,109206.0,0.11248218
SNM/BTC,1598207977476,2020-08-23T18:39:37.476Z,buy,1.03e-06,292.0,0.00030076
SNM/BTC,1598207993298,2020-08-23T18:39:53.298Z,buy,1.03e-06,4949.0,0.00509747
SNM/BTC,1598208016880,2020-08-23T18:40:16.880Z,buy,1.03e-06,21739.0,0.02239117
SNM/BTC,1598208051284,2020-08-23T18:40:51.284Z,buy,1.04e-06,770.0,0.0008008
SNM/BTC,1598208101650,2020-08-23T18:41:41.650Z,buy,1.04e-06,2660.0,0.0027664
SNM/BTC,1598208164561,2020-08-23T18:42:44.561Z,buy,1.04e-06,135017.0,0.14041768
SNM/BTC,1598208189216,2020-08-23T18:43:09.216Z,buy,1.04e-06,9077.0,0.00944008
SNM/BTC,1598208226364,2020-08-23T18:43:46.364Z,buy,1.04e-06,5000.0,0.0052
SNM/BTC,1598208294252,2020-08-23T18:44:54.252Z,buy,1.04e-06,6303.0,0.00655512
SNM/BTC,1598208369874,2020-08-23T18:46:09.874Z,buy,1.04e-06,34172.0,0.03553888
SNM/BTC,1598208457810,2020-08-23T18:47:37.810Z,buy,1.04e-06,289.0,0.00030056
SNM/BTC,1598208463891,2020-08-23T18:47:43.891Z,buy,1.04e-06,19231.0,0.02000024
SNM/BTC,1598208634553,2020-08-23T18:50:34.553Z,buy,1.04e-06,2522.0,0.00262288
SNM/BTC,1598208877849,2020-08-23T18:54:37.849Z,buy,1.04e-06,3846.0,0.00399984
SNM/BTC,1598209012013,2020-08-23T18:56:52.013Z,buy,1.04e-06,7995.0,0.0083148
SNM/BTC,1598209012013,2020-08-23T18:56:52.013Z,buy,1.04e-06,7995.0,0.0083148
SNM/BTC,1598209062745,2020-08-23T18:57:42.745Z,buy,1.04e-06,25000.0,0.026
SNM/BTC,1598209065114,2020-08-23T18:57:45.114Z,buy,1.04e-06,4808.0,0.00500032
SNM/BTC,1598209065943,2020-08-23T18:57:45.943Z,buy,1.04e-06,145.0,0.0001508
SNM/BTC,1598209067494,2020-08-23T18:57:47.494Z,buy,1.04e-06,4808.0,0.00500032
SNM/BTC,1598209070585,2020-08-23T18:57:50.585Z,buy,1.04e-06,98.0,0.00010192
SNM/BTC,1598209086956,2020-08-23T18:58:06.956Z,buy,1.04e-06,481.0,0.00050024
SNM/BTC,1598209117431,2020-08-23T18:58:37.431Z,buy,1.04e-06,193.0,0.00020072
SNM/BTC,1598209145103,2020-08-23T18:59:05.103Z,buy,1.04e-06,481.0,0.00050024
SNM/BTC,1598209167506,2020-08-23T18:59:27.506Z,sell,1.03e-06,1259.0,0.00129677
SNM/BTC,1598209232553,2020-08-23T19:00:32.553Z,buy,1.04e-06,24246.0,0.02521584
SNM/BTC,1598209250826,2020-08-23T19:00:50.826Z,buy,1.04e-06,26963.0,0.02804152
SNM/BTC,1598209388525,2020-08-23T19:03:08.525Z,buy,1.04e-06,24247.0,0.02521688
SNM/BTC,1598209416077,2020-08-23T19:03:36.077Z,buy,1.04e-06,8916.0,0.00927264
SNM/BTC,1598209445966,2020-08-23T19:04:05.966Z,buy,1.04e-06,15987.0,0.01662648
SNM/BTC,1598209478413,2020-08-23T19:04:38.413Z,buy,1.04e-06,50765.0,0.0527956
SNM/BTC,1598209596669,2020-08-23T19:06:36.669Z,buy,1.04e-06,98.0,0.00010192
SNM/BTC,1598209653132,2020-08-23T19:07:33.132Z,sell,1.03e-06,36624.0,0.03772272
SNM/BTC,1598209880013,2020-08-23T19:11:20.013Z,buy,1.04e-06,14160.0,0.0147264
SNM/BTC,1598209888434,2020-08-23T19:11:28.434Z,buy,1.04e-06,1679.0,0.00174616
SNM/BTC,1598210074428,2020-08-23T19:14:34.428Z,sell,1.03e-06,5739.0,0.00591117
SNM/BTC,1598210157164,2020-08-23T19:15:57.164Z,buy,1.03e-06,7390.0,0.0076117
SNM/BTC,1598210207535,2020-08-23T19:16:47.535Z,buy,1.03e-06,2791.0,0.00287473
SNM/BTC,1598210303295,2020-08-23T19:18:23.295Z,buy,1.03e-06,390.0,0.0004017
SNM/BTC,1598210401659,2020-08-23T19:20:01.659Z,buy,1.04e-06,9000.0,0.00936
SNM/BTC,1598210431559,2020-08-23T19:20:31.559Z,buy,1.04e-06,130.0,0.0001352
SNM/BTC,1598210654159,2020-08-23T19:24:14.159Z,buy,1.04e-06,2501.0,0.0026010399999999
SNM/BTC,1598210777967,2020-08-23T19:26:17.967Z,buy,1.04e-06,1365.0,0.0014196
SNM/BTC,1598210852572,2020-08-23T19:27:32.572Z,buy,1.04e-06,34685.0,0.0360724
SNM/BTC,1598210884348,2020-08-23T19:28:04.348Z,buy,1.04e-06,4535.0,0.0047164
SNM/BTC,1598210913285,2020-08-23T19:28:33.285Z,buy,1.04e-06,20693.0,0.02152072
SNM/BTC,1598210965662,2020-08-23T19:29:25.662Z,buy,1.04e-06,2900.0,0.003016
SNM/BTC,1598211175913,2020-08-23T19:32:55.913Z,sell,1.03e-06,52388.0,0.05395964
SNM/BTC,1598211201698,2020-08-23T19:33:21.698Z,buy,1.03e-06,2089.0,0.00215167
SNM/BTC,1598211214010,2020-08-23T19:33:34.010Z,buy,1.04e-06,1924.0,0.00200096
SNM/BTC,1598211245942,2020-08-23T19:34:05.942Z,buy,1.04e-06,289.0,0.00030056
SNM/BTC,1598211298228,2020-08-23T19:34:58.228Z,buy,1.04e-06,110.0,0.0001144
SNM/BTC,1598211423357,2020-08-23T19:37:03.357Z,buy,1.04e-06,26449.0,0.02750696
SNM/BTC,1598211489737,2020-08-23T19:38:09.737Z,buy,1.04e-06,481.0,0.00050024
SNM/BTC,1598211566523,2020-08-23T19:39:26.523Z,buy,1.04e-06,289.0,0.00030056
SNM/BTC,1598211610899,2020-08-23T19:40:10.899Z,sell,1.03e-06,89795.0,0.09248885
SNM/BTC,1598211622362,2020-08-23T19:40:22.362Z,sell,1.03e-06,9223.0,0.00949969
SNM/BTC,1598211713909,2020-08-23T19:41:53.909Z,sell,1.03e-06,10000.0,0.0103
SNM/BTC,1598211824080,2020-08-23T19:43:44.080Z,buy,1.04e-06,12998.0,0.01351792
SNM/BTC,1598211924334,2020-08-23T19:45:24.334Z,buy,1.04e-06,365.0,0.0003796
SNM/BTC,1598212210377,2020-08-23T19:50:10.377Z,sell,1.03e-06,1111.0,0.00114433
SNM/BTC,1598212402686,2020-08-23T19:53:22.686Z,buy,1.04e-06,4363.0,0.00453752
SNM/BTC,1598212466963,2020-08-23T19:54:26.963Z,buy,1.04e-06,688.0,0.00071552
SNM/BTC,1598212492248,2020-08-23T19:54:52.248Z,buy,1.04e-06,688.0,0.00071552
SNM/BTC,1598212497180,2020-08-23T19:54:57.180Z,buy,1.04e-06,4502.0,0.00468208
SNM/BTC,1598212521924,2020-08-23T19:55:21.924Z,buy,1.04e-06,1993.0,0.00207272
SNM/BTC,1598212521924,2020-08-23T19:55:21.924Z,buy,1.04e-06,1993.0,0.00207272
SNM/BTC,1598212820869,2020-08-23T20:00:20.869Z,buy,1.04e-06,1354.0,0.00140816
SNM/BTC,1598212824672,2020-08-23T20:00:24.672Z,buy,1.04e-06,1443.0,0.00150072
SNM/BTC,1598212865764,2020-08-23T20:01:05.764Z,buy,1.04e-06,4000.0,0.00416
SNM/BTC,1598212881461,2020-08-23T20:01:21.461Z,buy,1.04e-06,366.0,0.00038064
SNM/BTC,1598212903426,2020-08-23T20:01:43.426Z,buy,1.04e-06,5000.0,0.0052
SNM/BTC,1598212940295,2020-08-23T20:02:20.295Z,buy,1.04e-06,11447.0,0.01190488
SNM/BTC,1598213003016,2020-08-23T20:03:23.016Z,buy,1.04e-06,193.0,0.00020072
SNM/BTC,1598213128484,2020-08-23T20:05:28.484Z,buy,1.04e-06,2039.0,0.00212056
SNM/BTC,1598213254063,2020-08-23T20:07:34.063Z,sell,1.03e-06,41907.0,0.04316421
SNM/BTC,1598213266186,2020-08-23T20:07:46.186Z,sell,1.02e-06,6586.0,0.00671772
SNM/BTC,1598213320415,2020-08-23T20:08:40.415Z,sell,1.02e-06,4945.0,0.0050439
SNM/BTC,1598213415061,2020-08-23T20:10:15.061Z,sell,1.02e-06,3365.0,0.0034323
SNM/BTC,1598213488439,2020-08-23T20:11:28.439Z,buy,1.03e-06,2000.0,0.00206
SNM/BTC,1598213946598,2020-08-23T20:19:06.598Z,buy,1.03e-06,5278.0,0.00543634
SNM/BTC,1598214012374,2020-08-23T20:20:12.374Z,sell,1.02e-06,288182.0,0.29394564
SNM/BTC,1598214023615,2020-08-23T20:20:23.615Z,sell,1.02e-06,472.0,0.0004814399999999
SNM/BTC,1598214207967,2020-08-23T20:23:27.967Z,buy,1.03e-06,8828.0,0.00909284
SNM/BTC,1598214441890,2020-08-23T20:27:21.890Z,buy,1.03e-06,3247.0,0.00334441
SNM/BTC,1598214744204,2020-08-23T20:32:24.204Z,buy,1.03e-06,16893.0,0.01739979
SNM/BTC,1598214750527,2020-08-23T20:32:30.527Z,buy,1.03e-06,17781.0,0.01831443
SNM/BTC,1598214801846,2020-08-23T20:33:21.846Z,buy,1.03e-06,2597.0,0.00267491
SNM/BTC,1598214866596,2020-08-23T20:34:26.596Z,buy,1.03e-06,19417.0,0.01999951
SNM/BTC,1598214900127,2020-08-23T20:35:00.127Z,buy,1.03e-06,930.0,0.0009579
SNM/BTC,1598215447057,2020-08-23T20:44:07.057Z,buy,1.04e-06,200.0,0.000208
SNM/BTC,1598215881601,2020-08-23T20:51:21.601Z,sell,1.03e-06,167.0,0.00017201
SNM/BTC,1598215922970,2020-08-23T20:52:02.970Z,sell,1.03e-06,10300.0,0.010609
SNM/BTC,1598215922970,2020-08-23T20:52:02.970Z,sell,1.02e-06,4372.0,0.00445944
SNM/BTC,1598216034718,2020-08-23T20:53:54.718Z,buy,1.04e-06,6098.0,0.00634192
SNM/BTC,1598216034718,2020-08-23T20:53:54.718Z,buy,1.04e-06,8451.0,0.00878904
SNM/BTC,1598216118484,2020-08-23T20:55:18.484Z,buy,1.04e-06,493.0,0.00051272
SNM/BTC,1598216118484,2020-08-23T20:55:18.484Z,buy,1.04e-06,493.0,0.00051272
SNM/BTC,1598216142562,2020-08-23T20:55:42.562Z,sell,1.03e-06,2000.0,0.00206
SNM/BTC,1598216238091,2020-08-23T20:57:18.091Z,buy,1.04e-06,2000.0,0.00208
SNM/BTC,1598216793054,2020-08-23T21:06:33.054Z,buy,1.04e-06,2861.0,0.00297544
SNM/BTC,1598216906342,2020-08-23T21:08:26.342Z,buy,1.04e-06,241.0,0.00025064
SNM/BTC,1598217292627,2020-08-23T21:14:52.627Z,buy,1.04e-06,98.0,0.00010192
SNM/BTC,1598217350722,2020-08-23T21:15:50.722Z,buy,1.04e-06,385.0,0.0004004
SNM/BTC,1598217644164,2020-08-23T21:20:44.164Z,buy,1.04e-06,2097.0,0.00218088
SNM/BTC,1598217736285,2020-08-23T21:22:16.285Z,buy,1.04e-06,2904.0,0.00302016
SNM/BTC,1598217827732,2020-08-23T21:23:47.732Z,buy,1.04e-06,1263.0,0.00131352
SNM/BTC,1598217940627,2020-08-23T21:25:40.627Z,buy,1.04e-06,115.0,0.0001196
SNM/BTC,1598217949556,2020-08-23T21:25:49.556Z,buy,1.04e-06,306.0,0.00031824
SNM/BTC,1598217950328,2020-08-23T21:25:50.328Z,buy,1.04e-06,114417.0,0.11899368
SNM/BTC,1598217969937,2020-08-23T21:26:09.937Z,buy,1.04e-06,111111.0,0.11555544
SNM/BTC,1598217973434,2020-08-23T21:26:13.434Z,buy,1.04e-06,1923.0,0.00199992
SNM/BTC,1598217986164,2020-08-23T21:26:26.164Z,sell,1.03e-06,83276.0,0.08577428
SNM/BTC,1598217994475,2020-08-23T21:26:34.475Z,sell,1.03e-06,22325.0,0.02299475
SNM/BTC,1598218008984,2020-08-23T21:26:48.984Z,sell,1.03e-06,13879.0,0.01429537
SNM/BTC,1598218021758,2020-08-23T21:27:01.758Z,buy,1.04e-06,28846.0,0.02999984
SNM/BTC,1598218037424,2020-08-23T21:27:17.424Z,sell,1.03e-06,555.0,0.00057165
SNM/BTC,1598218051282,2020-08-23T21:27:31.282Z,buy,1.04e-06,423.0,0.00043992
SNM/BTC,1598218065626,2020-08-23T21:27:45.626Z,buy,1.04e-06,481.0,0.00050024
SNM/BTC,1598218098971,2020-08-23T21:28:18.971Z,buy,1.04e-06,42307.0,0.04399928
SNM/BTC,1598218101570,2020-08-23T21:28:21.570Z,buy,1.04e-06,132.0,0.00013728
SNM/BTC,1598218104121,2020-08-23T21:28:24.121Z,buy,1.04e-06,10000.0,0.0104
SNM/BTC,1598218117519,2020-08-23T21:28:37.519Z,buy,1.04e-06,11261.0,0.01171144
SNM/BTC,1598218149589,2020-08-23T21:29:09.589Z,buy,1.04e-06,98.0,0.00010192
SNM/BTC,1598218161624,2020-08-23T21:29:21.624Z,buy,1.04e-06,50000.0,0.052
SNM/BTC,1598218179012,2020-08-23T21:29:39.012Z,buy,1.04e-06,6000.0,0.00624
SNM/BTC,1598218204984,2020-08-23T21:30:04.984Z,buy,1.04e-06,5181.0,0.00538824
SNM/BTC,1598218228552,2020-08-23T21:30:28.552Z,buy,1.04e-06,193.0,0.00020072
SNM/BTC,1598218237440,2020-08-23T21:30:37.440Z,buy,1.04e-06,193.0,0.00020072
SNM/BTC,1598218237810,2020-08-23T21:30:37.810Z,buy,1.04e-06,481.0,0.00050024
SNM/BTC,1598218250779,2020-08-23T21:30:50.779Z,buy,1.04e-06,98.0,0.00010192
SNM/BTC,1598218287876,2020-08-23T21:31:27.876Z,buy,1.04e-06,121.0,0.00012584
SNM/BTC,1598218371272,2020-08-23T21:32:51.272Z,buy,1.04e-06,16594.0,0.01725776
SNM/BTC,1598218417327,2020-08-23T21:33:37.327Z,buy,1.04e-06,37961.0,0.03947944
SNM/BTC,1598218456941,2020-08-23T21:34:16.941Z,buy,1.04e-06,6823.0,0.00709592
SNM/BTC,1598218504994,2020-08-23T21:35:04.994Z,buy,1.04e-06,37000.0,0.03848
SNM/BTC,1598218509912,2020-08-23T21:35:09.912Z,buy,1.04e-06,4807.0,0.00499928
SNM/BTC,1598218562792,2020-08-23T21:36:02.792Z,buy,1.04e-06,13902.0,0.01445808
SNM/BTC,1598218614364,2020-08-23T21:36:54.364Z,buy,1.04e-06,25450.0,0.026468
SNM/BTC,1598218772819,2020-08-23T21:39:32.819Z,buy,1.04e-06,9755.0,0.0101452
SNM/BTC,1598218818983,2020-08-23T21:40:18.983Z,sell,1.03e-06,105644.0,0.10881332
SNM/BTC,1598218931124,2020-08-23T21:42:11.124Z,buy,1.04e-06,49740.0,0.0517296
SNM/BTC,1598218945974,2020-08-23T21:42:25.974Z,buy,1.04e-06,1017.0,0.00105768
SNM/BTC,1598219052777,2020-08-23T21:44:12.777Z,buy,1.04e-06,2895.0,0.0030108
SNM/BTC,1598219136389,2020-08-23T21:45:36.389Z,buy,1.04e-06,23184.0,0.02411136
SNM/BTC,1598219166537,2020-08-23T21:46:06.537Z,buy,1.04e-06,385.0,0.0004004
SNM/BTC,1598219268115,2020-08-23T21:47:48.115Z,sell,1.03e-06,1677.0,0.00172731
SNM/BTC,1598219557031,2020-08-23T21:52:37.031Z,buy,1.04e-06,5145.0,0.0053508
SNM/BTC,1598219588152,2020-08-23T21:53:08.152Z,buy,1.04e-06,384.0,0.0003993599999999
SNM/BTC,1598219657581,2020-08-23T21:54:17.581Z,buy,1.04e-06,5923.0,0.00615992
SNM/BTC,1598219665659,2020-08-23T21:54:25.659Z,buy,1.04e-06,5935.0,0.0061724
SNM/BTC,1598219665659,2020-08-23T21:54:25.659Z,buy,1.04e-06,5935.0,0.0061724
SNM/BTC,1598219721184,2020-08-23T21:55:21.184Z,buy,1.04e-06,231.0,0.00024024
SNM/BTC,1598219754149,2020-08-23T21:55:54.149Z,buy,1.04e-06,2895.0,0.0030108
SNM/BTC,1598219754733,2020-08-23T21:55:54.733Z,buy,1.04e-06,133.0,0.00013832
SNM/BTC,1598220043430,2020-08-23T22:00:43.430Z,buy,1.04e-06,51119.0,0.05316376
SNM/BTC,1598220070353,2020-08-23T22:01:10.353Z,buy,1.04e-06,98.0,0.00010192
SNM/BTC,1598220071392,2020-08-23T22:01:11.392Z,buy,1.04e-06,98.0,0.00010192
SNM/BTC,1598220109845,2020-08-23T22:01:49.845Z,buy,1.04e-06,193.0,0.00020072
SNM/BTC,1598220546869,2020-08-23T22:09:06.869Z,sell,1.03e-06,490.0,0.0005047
SNM/BTC,1598220557288,2020-08-23T22:09:17.288Z,buy,1.04e-06,6419.0,0.00667576
SNM/BTC,1598221231058,2020-08-23T22:20:31.058Z,buy,1.04e-06,20780.0,0.0216112
SNM/BTC,1598221558794,2020-08-23T22:25:58.794Z,buy,1.04e-06,241.0,0.00025064
SNM/BTC,1598222103287,2020-08-23T22:35:03.287Z,buy,1.04e-06,14651.0,0.01523704
SNM/BTC,1598222116475,2020-08-23T22:35:16.475Z,buy,1.04e-06,10988.0,0.01142752
SNM/BTC,1598222319780,2020-08-23T22:38:39.780Z,sell,1.03e-06,1075.0,0.00110725
SNM/BTC,1598222524017,2020-08-23T22:42:04.017Z,buy,1.04e-06,2000.0,0.00208
SNM/BTC,1598222614345,2020-08-23T22:43:34.345Z,buy,1.04e-06,8655.0,0.0090011999999999
SNM/BTC,1598223202572,2020-08-23T22:53:22.572Z,buy,1.04e-06,289.0,0.00030056
SNM/BTC,1598223202572,2020-08-23T22:53:22.572Z,buy,1.04e-06,289.0,0.00030056
SNM/BTC,1598223313769,2020-08-23T22:55:13.769Z,buy,1.04e-06,193.0,0.00020072
SNM/BTC,1598223654868,2020-08-23T23:00:54.868Z,buy,1.04e-06,4038.0,0.00419952
SNM/BTC,1598224108466,2020-08-23T23:08:28.466Z,buy,1.04e-06,146326.0,0.15217904
SNM/BTC,1598224221839,2020-08-23T23:10:21.839Z,buy,1.04e-06,57809.0,0.06012136
SNM/BTC,1598224360534,2020-08-23T23:12:40.534Z,sell,1.03e-06,57809.0,0.05954327
SNM/BTC,1598224379507,2020-08-23T23:12:59.507Z,sell,1.03e-06,3220.0,0.0033166
SNM/BTC,1598224713040,2020-08-23T23:18:33.040Z,sell,1.03e-06,2594.0,0.00267182
SNM/BTC,1598224730883,2020-08-23T23:18:50.883Z,buy,1.04e-06,2000.0,0.00208
SNM/BTC,1598224854708,2020-08-23T23:20:54.708Z,buy,1.04e-06,5796.0,0.00602784
SNM/BTC,1598224855773,2020-08-23T23:20:55.773Z,buy,1.04e-06,266.0,0.00027664
SNM/BTC,1598225238168,2020-08-23T23:27:18.168Z,buy,1.04e-06,541.0,0.00056264
SNM/BTC,1598225616693,2020-08-23T23:33:36.693Z,buy,1.04e-06,481.0,0.00050024
SNM/BTC,1598225662992,2020-08-23T23:34:22.992Z,buy,1.04e-06,10688.0,0.01111552
SNM/BTC,1598225662992,2020-08-23T23:34:22.992Z,buy,1.04e-06,10688.0,0.01111552
SNM/BTC,1598226812194,2020-08-23T23:53:32.194Z,buy,1.04e-06,2137.0,0.00222248
SNM/BTC,1598227055378,2020-08-23T23:57:35.378Z,buy,1.04e-06,11004.0,0.01144416
SNM/BTC,1598227337826,2020-08-24T00:02:17.826Z,buy,1.04e-06,122642.0,0.12754768
SNM/BTC,1598227374196,2020-08-24T00:02:54.196Z,buy,1.04e-06,2885.0,0.0030004
SNM/BTC,1598227419925,2020-08-24T00:03:39.925Z,buy,1.04e-06,289.0,0.00030056
SNM/BTC,1598227482318,2020-08-24T00:04:42.318Z,sell,1.03e-06,2814.0,0.00289842
SNM/BTC,1598227512565,2020-08-24T00:05:12.565Z,sell,1.03e-06,1923.0,0.00198069
SNM/BTC,1598227645258,2020-08-24T00:07:25.258Z,sell,1.03e-06,10992.0,0.01132176
SNM/BTC,1598227695392,2020-08-24T00:08:15.392Z,buy,1.04e-06,62907.0,0.06542328
SNM/BTC,1598227743309,2020-08-24T00:09:03.309Z,buy,1.04e-06,153683.0,0.15983032
SNM/BTC,1598227754907,2020-08-24T00:09:14.907Z,sell,1.04e-06,1351.0,0.00140504
SNM/BTC,1598227776455,2020-08-24T00:09:36.455Z,buy,1.05e-06,286.0,0.0003003
SNM/BTC,1598227776455,2020-08-24T00:09:36.455Z,buy,1.05e-06,2427.0,0.0025483499999999
SNM/BTC,1598227786960,2020-08-24T00:09:46.960Z,sell,1.04e-06,291.0,0.00030264
SNM/BTC,1598227793725,2020-08-24T00:09:53.725Z,sell,1.04e-06,291.0,0.00030264
SNM/BTC,1598227794734,2020-08-24T00:09:54.734Z,sell,1.04e-06,291.0,0.00030264
SNM/BTC,1598227795712,2020-08-24T00:09:55.712Z,sell,1.04e-06,291.0,0.00030264
SNM/BTC,1598227796730,2020-08-24T00:09:56.730Z,sell,1.04e-06,291.0,0.00030264
SNM/BTC,1598227798192,2020-08-24T00:09:58.192Z,sell,1.04e-06,291.0,0.00030264
SNM/BTC,1598227812671,2020-08-24T00:10:12.671Z,sell,1.04e-06,11212.0,0.0116604799999999
SNM/BTC,1598227869911,2020-08-24T00:11:09.911Z,sell,1.04e-06,1960.0,0.0020384
SNM/BTC,1598227925253,2020-08-24T00:12:05.253Z,buy,1.05e-06,286.0,0.0003003
SNM/BTC,1598227953266,2020-08-24T00:12:33.266Z,buy,1.05e-06,97.0,0.00010185
SNM/BTC,1598227955252,2020-08-24T00:12:35.252Z,buy,1.05e-06,477.0,0.00050085
SNM/BTC,1598227956438,2020-08-24T00:12:36.438Z,buy,1.05e-06,1801.0,0.0018910499999999
SNM/BTC,1598228015972,2020-08-24T00:13:35.972Z,sell,1.04e-06,1540.0,0.0016016
SNM/BTC,1598228026261,2020-08-24T00:13:46.261Z,sell,1.04e-06,35865.0,0.0372996
SNM/BTC,1598228030215,2020-08-24T00:13:50.215Z,sell,1.04e-06,17832.0,0.01854528
SNM/BTC,1598228043114,2020-08-24T00:14:03.114Z,sell,1.04e-06,8536.0,0.00887744
SNM/BTC,1598228137129,2020-08-24T00:15:37.129Z,buy,1.04e-06,13133.0,0.01365832
SNM/BTC,1598228189403,2020-08-24T00:16:29.403Z,sell,1.03e-06,19586.0,0.02017358
SNM/BTC,1598228283057,2020-08-24T00:18:03.057Z,sell,1.03e-06,4038.0,0.00415914
SNM/BTC,1598228314597,2020-08-24T00:18:34.597Z,buy,1.04e-06,10000.0,0.0104
SNM/BTC,1598228366041,2020-08-24T00:19:26.041Z,buy,1.04e-06,5000.0,0.0052
SNM/BTC,1598228485902,2020-08-24T00:21:25.902Z,buy,1.04e-06,289.0,0.00030056
SNM/BTC,1598228586993,2020-08-24T00:23:06.993Z,buy,1.04e-06,98.0,0.00010192
SNM/BTC,1598228664083,2020-08-24T00:24:24.083Z,buy,1.04e-06,13947.0,0.01450488
SNM/BTC,1598228664083,2020-08-24T00:24:24.083Z,buy,1.05e-06,83949.0,0.0881464499999999
SNM/BTC,1598228704068,2020-08-24T00:25:04.068Z,buy,1.05e-06,9524.0,0.0100001999999999
SNM/BTC,1598228707848,2020-08-24T00:25:07.848Z,buy,1.05e-06,191.0,0.0002005499999999
SNM/BTC,1598228709388,2020-08-24T00:25:09.388Z,buy,1.05e-06,191.0,0.0002005499999999
SNM/BTC,1598228764519,2020-08-24T00:26:04.519Z,buy,1.05e-06,1810.0,0.0019004999999999
SNM/BTC,1598228886757,2020-08-24T00:28:06.757Z,buy,1.05e-06,286.0,0.0003003
SNM/BTC,1598228924277,2020-08-24T00:28:44.277Z,buy,1.05e-06,97124.0,0.1019802
SNM/BTC,1598228935907,2020-08-24T00:28:55.907Z,buy,1.05e-06,191.0,0.0002005499999999
SNM/BTC,1598229034914,2020-08-24T00:30:34.914Z,buy,1.05e-06,4810.0,0.0050504999999999
SNM/BTC,1598229035490,2020-08-24T00:30:35.490Z,buy,1.05e-06,219.0,0.0002299499999999
SNM/BTC,1598229057231,2020-08-24T00:30:57.231Z,buy,1.05e-06,477.0,0.00050085
SNM/BTC,1598229228055,2020-08-24T00:33:48.055Z,buy,1.05e-06,265502.0,0.2787771
SNM/BTC,1598229228055,2020-08-24T00:33:48.055Z,buy,1.05e-06,265502.0,0.2787771
SNM/BTC,1598229501646,2020-08-24T00:38:21.646Z,sell,1.04e-06,112.0,0.00011648
SNM/BTC,1598229579029,2020-08-24T00:39:39.029Z,buy,1.05e-06,95339.0,0.1001059499999999
SNM/BTC,1598229582007,2020-08-24T00:39:42.007Z,buy,1.05e-06,762.0,0.0008000999999999
SNM/BTC,1598229582404,2020-08-24T00:39:42.404Z,buy,1.05e-06,143.0,0.00015015
SNM/BTC,1598229587394,2020-08-24T00:39:47.394Z,buy,1.05e-06,1905.0,0.00200025
SNM/BTC,1598229587731,2020-08-24T00:39:47.731Z,buy,1.05e-06,4762.0,0.0050000999999999
SNM/BTC,1598229637144,2020-08-24T00:40:37.144Z,buy,1.05e-06,4762.0,0.0050000999999999
SNM/BTC,1598229755547,2020-08-24T00:42:35.547Z,buy,1.05e-06,953.0,0.0010006499999999
SNM/BTC,1598230283146,2020-08-24T00:51:23.146Z,sell,1.04e-06,188.0,0.00019552
SNM/BTC,1598230344743,2020-08-24T00:52:24.743Z,buy,1.05e-06,374.0,0.0003926999999999
SNM/BTC,1598230524570,2020-08-24T00:55:24.570Z,buy,1.05e-06,286.0,0.0003003
SNM/BTC,1598231099781,2020-08-24T01:04:59.781Z,sell,1.04e-06,1320.0,0.0013728
SNM/BTC,1598231110343,2020-08-24T01:05:10.343Z,sell,1.04e-06,1333.0,0.00138632
SNM/BTC,1598231120837,2020-08-24T01:05:20.837Z,sell,1.04e-06,1345.0,0.0013988
SNM/BTC,1598231131365,2020-08-24T01:05:31.365Z,sell,1.04e-06,1358.0,0.00141232
SNM/BTC,1598231740563,2020-08-24T01:15:40.563Z,sell,1.04e-06,113592.0,0.1181356799999999
SNM/BTC,1598231994599,2020-08-24T01:19:54.599Z,sell,1.04e-06,4000.0,0.00416
SNM/BTC,1598232026721,2020-08-24T01:20:26.721Z,sell,1.04e-06,4000.0,0.00416
SNM/BTC,1598232558752,2020-08-24T01:29:18.752Z,buy,1.05e-06,97737.0,0.1026238499999999
SNM/BTC,1598232559017,2020-08-24T01:29:19.017Z,sell,1.05e-06,140.0,0.000147
SNM/BTC,1598232562131,2020-08-24T01:29:22.131Z,sell,1.05e-06,7501.0,0.0078760499999999
SNM/BTC,1598232596298,2020-08-24T01:29:56.298Z,sell,1.05e-06,288.0,0.0003024
SNM/BTC,1598232597265,2020-08-24T01:29:57.265Z,sell,1.05e-06,288.0,0.0003024
SNM/BTC,1598232598318,2020-08-24T01:29:58.318Z,sell,1.05e-06,288.0,0.0003024
SNM/BTC,1598232600345,2020-08-24T01:30:00.345Z,sell,1.05e-06,288.0,0.0003024
SNM/BTC,1598232601638,2020-08-24T01:30:01.638Z,sell,1.05e-06,288.0,0.0003024
SNM/BTC,1598232602640,2020-08-24T01:30:02.640Z,sell,1.05e-06,288.0,0.0003024
SNM/BTC,1598232603652,2020-08-24T01:30:03.652Z,sell,1.05e-06,288.0,0.0003024
SNM/BTC,1598232604598,2020-08-24T01:30:04.598Z,sell,1.05e-06,288.0,0.0003024
SNM/BTC,1598232605697,2020-08-24T01:30:05.697Z,sell,1.05e-06,288.0,0.0003024
SNM/BTC,1598232607404,2020-08-24T01:30:07.404Z,sell,1.05e-06,288.0,0.0003024
SNM/BTC,1598232664838,2020-08-24T01:31:04.838Z,buy,1.06e-06,189.0,0.00020034
SNM/BTC,1598232664921,2020-08-24T01:31:04.921Z,buy,1.06e-06,1784.0,0.00189104
SNM/BTC,1598232716347,2020-08-24T01:31:56.347Z,sell,1.05e-06,22166.0,0.0232742999999999
SNM/BTC,1598232754691,2020-08-24T01:32:34.691Z,buy,1.06e-06,46577.0,0.04937162
SNM/BTC,1598232754691,2020-08-24T01:32:34.691Z,buy,1.06e-06,46577.0,0.04937162
SNM/BTC,1598232867326,2020-08-24T01:34:27.326Z,sell,1.05e-06,1064.0,0.0011171999999999
SNM/BTC,1598232867326,2020-08-24T01:34:27.326Z,sell,1.05e-06,119.0,0.00012495
SNM/BTC,1598232867326,2020-08-24T01:34:27.326Z,sell,1.05e-06,630.0,0.0006615
SNM/BTC,1598233042863,2020-08-24T01:37:22.863Z,sell,1.05e-06,231.0,0.00024255
SNM/BTC,1598233087867,2020-08-24T01:38:07.867Z,buy,1.06e-06,5913.0,0.00626778
SNM/BTC,1598233106869,2020-08-24T01:38:26.869Z,buy,1.06e-06,56110.0,0.0594766
SNM/BTC,1598233150423,2020-08-24T01:39:10.423Z,buy,1.06e-06,284.0,0.00030104
SNM/BTC,1598233165349,2020-08-24T01:39:25.349Z,buy,1.06e-06,1887.0,0.00200022
SNM/BTC,1598233225655,2020-08-24T01:40:25.655Z,buy,1.06e-06,472.0,0.00050032
SNM/BTC,1598233342297,2020-08-24T01:42:22.297Z,buy,1.06e-06,189.0,0.00020034
SNM/BTC,1598233357755,2020-08-24T01:42:37.755Z,buy,1.06e-06,378.0,0.00040068
SNM/BTC,1598233375438,2020-08-24T01:42:55.438Z,sell,1.05e-06,34650.0,0.0363825
SNM/BTC,1598233389812,2020-08-24T01:43:09.812Z,buy,1.06e-06,4717.0,0.00500002
SNM/BTC,1598233401479,2020-08-24T01:43:21.479Z,buy,1.06e-06,535.0,0.0005671
SNM/BTC,1598233403867,2020-08-24T01:43:23.867Z,buy,1.06e-06,284.0,0.00030104
SNM/BTC,1598233459192,2020-08-24T01:44:19.192Z,buy,1.06e-06,96.0,0.00010176
SNM/BTC,1598233479254,2020-08-24T01:44:39.254Z,buy,1.06e-06,472.0,0.00050032
SNM/BTC,1598233562110,2020-08-24T01:46:02.110Z,buy,1.06e-06,944.0,0.00100064
SNM/BTC,1598233582129,2020-08-24T01:46:22.129Z,sell,1.05e-06,1868.0,0.0019614
SNM/BTC,1598233746217,2020-08-24T01:49:06.217Z,buy,1.06e-06,227.0,0.00024062
SNM/BTC,1598233837432,2020-08-24T01:50:37.432Z,buy,1.06e-06,96.0,0.00010176
SNM/BTC,1598233882363,2020-08-24T01:51:22.363Z,sell,1.05e-06,141.0,0.00014805
SNM/BTC,1598234010293,2020-08-24T01:53:30.293Z,buy,1.06e-06,3819.0,0.00404814
SNM/BTC,1598234032291,2020-08-24T01:53:52.291Z,buy,1.06e-06,1887.0,0.00200022
SNM/BTC,1598234132687,2020-08-24T01:55:32.687Z,buy,1.06e-06,2238.0,0.00237228
SNM/BTC,1598234231850,2020-08-24T01:57:11.850Z,buy,1.06e-06,980.0,0.0010388
SNM/BTC,1598234256213,2020-08-24T01:57:36.213Z,buy,1.06e-06,96.0,0.00010176
SNM/BTC,1598234545839,2020-08-24T02:02:25.839Z,buy,1.06e-06,944.0,0.00100064
SNM/BTC,1598234920775,2020-08-24T02:08:40.775Z,buy,1.06e-06,4854.0,0.00514524
SNM/BTC,1598235124973,2020-08-24T02:12:04.973Z,buy,1.06e-06,472.0,0.00050032
SNM/BTC,1598235216052,2020-08-24T02:13:36.052Z,buy,1.06e-06,284.0,0.00030104
SNM/BTC,1598235591904,2020-08-24T02:19:51.904Z,sell,1.05e-06,1445.0,0.00151725
SNM/BTC,1598235780000,2020-08-24T02:23:00.000Z,sell,1.05e-06,5000.0,0.0052499999999999
SNM/BTC,1598235786304,2020-08-24T02:23:06.304Z,buy,1.06e-06,284.0,0.00030104
SNM/BTC,1598236236782,2020-08-24T02:30:36.782Z,buy,1.06e-06,284.0,0.00030104
SNM/BTC,1598236236782,2020-08-24T02:30:36.782Z,buy,1.06e-06,284.0,0.00030104
SNM/BTC,1598236664606,2020-08-24T02:37:44.606Z,buy,1.06e-06,56086.0,0.05945116
SNM/BTC,1598236667651,2020-08-24T02:37:47.651Z,buy,1.06e-06,1887.0,0.00200022
SNM/BTC,1598236680504,2020-08-24T02:38:00.504Z,buy,1.06e-06,65059.0,0.06896254
SNM/BTC,1598236690251,2020-08-24T02:38:10.251Z,buy,1.06e-06,4717.0,0.00500002
SNM/BTC,1598236691001,2020-08-24T02:38:11.001Z,buy,1.06e-06,142.0,0.00015052
SNM/BTC,1598236691034,2020-08-24T02:38:11.034Z,buy,1.06e-06,1784.0,0.00189104
SNM/BTC,1598237039869,2020-08-24T02:43:59.869Z,sell,1.05e-06,28968.0,0.0304163999999999
SNM/BTC,1598237043409,2020-08-24T02:44:03.409Z,buy,1.06e-06,8860.0,0.0093916
SNM/BTC,1598237121309,2020-08-24T02:45:21.309Z,buy,1.06e-06,284.0,0.00030104
SNM/BTC,1598237121310,2020-08-24T02:45:21.310Z,buy,1.06e-06,3000.0,0.00318
SNM/BTC,1598237205441,2020-08-24T02:46:45.441Z,buy,1.06e-06,189.0,0.00020034
SNM/BTC,1598237328704,2020-08-24T02:48:48.704Z,buy,1.06e-06,13174.0,0.01396444
SNM/BTC,1598237463226,2020-08-24T02:51:03.226Z,sell,1.05e-06,13160.0,0.0138179999999999
SNM/BTC,1598237479228,2020-08-24T02:51:19.228Z,buy,1.06e-06,470.0,0.0004982
SNM/BTC,1598237985863,2020-08-24T02:59:45.863Z,buy,1.06e-06,934.0,0.00099004
SNM/BTC,1598238130709,2020-08-24T03:02:10.709Z,sell,1.05e-06,64993.0,0.0682426499999999
SNM/BTC,1598238284308,2020-08-24T03:04:44.308Z,sell,1.05e-06,152352.0,0.1599696
SNM/BTC,1598238361334,2020-08-24T03:06:01.334Z,sell,1.05e-06,8851.0,0.00929355
SNM/BTC,1598238363423,2020-08-24T03:06:03.423Z,sell,1.05e-06,9074.0,0.0095276999999999
SNM/BTC,1598238364197,2020-08-24T03:06:04.197Z,buy,1.05e-06,125.0,0.00013125
SNM/BTC,1598238374077,2020-08-24T03:06:14.077Z,sell,1.04e-06,32494.0,0.03379376
SNM/BTC,1598238374077,2020-08-24T03:06:14.077Z,sell,1.04e-06,8451.0,0.00878904
SNM/BTC,1598238383670,2020-08-24T03:06:23.670Z,sell,1.04e-06,14158.0,0.0147243199999999
SNM/BTC,1598238385714,2020-08-24T03:06:25.714Z,sell,1.04e-06,6907.0,0.00718328
SNM/BTC,1598238387429,2020-08-24T03:06:27.429Z,sell,1.04e-06,5798.0,0.00602992
SNM/BTC,1598238388291,2020-08-24T03:06:28.291Z,sell,1.04e-06,9190.0,0.0095576
SNM/BTC,1598238388422,2020-08-24T03:06:28.422Z,sell,1.04e-06,581.0,0.00060424
SNM/BTC,1598238394154,2020-08-24T03:06:34.154Z,sell,1.04e-06,14238.0,0.01480752
SNM/BTC,1598238401307,2020-08-24T03:06:41.307Z,sell,1.04e-06,1150.0,0.001196
SNM/BTC,1598238420448,2020-08-24T03:07:00.448Z,sell,1.04e-06,9900.0,0.010296
SNM/BTC,1598238748148,2020-08-24T03:12:28.148Z,buy,1.05e-06,7751.0,0.00813855
SNM/BTC,1598238981559,2020-08-24T03:16:21.559Z,sell,1.04e-06,91839.0,0.09551256
SNM/BTC,1598239619033,2020-08-24T03:26:59.033Z,sell,1.04e-06,46549.0,0.04841096
SNM/BTC,1598239619033,2020-08-24T03:26:59.033Z,sell,1.04e-06,46549.0,0.04841096
SNM/BTC,1598241047906,2020-08-24T03:50:47.906Z,buy,1.05e-06,143.0,0.00015015
SNM/BTC,1598241048782,2020-08-24T03:50:48.782Z,buy,1.05e-06,143.0,0.00015015
SNM/BTC,1598241408687,2020-08-24T03:56:48.687Z,sell,1.04e-06,30000.0,0.0312
SNM/BTC,1598241577013,2020-08-24T03:59:37.013Z,sell,1.04e-06,10000.0,0.0104
SNM/BTC,1598241615194,2020-08-24T04:00:15.194Z,sell,1.04e-06,10000.0,0.0104
SNM/BTC,1598241849090,2020-08-24T04:04:09.090Z,sell,1.04e-06,6560.0,0.0068224
SNM/BTC,1598241870621,2020-08-24T04:04:30.621Z,sell,1.04e-06,8000.0,0.00832
SNM/BTC,1598241921288,2020-08-24T04:05:21.288Z,sell,1.04e-06,5000.0,0.0052
SNM/BTC,1598241945135,2020-08-24T04:05:45.135Z,sell,1.04e-06,4000.0,0.00416
SNM/BTC,1598242016266,2020-08-24T04:06:56.266Z,sell,1.04e-06,1030.0,0.0010712
SNM/BTC,1598242053408,2020-08-24T04:07:33.408Z,buy,1.05e-06,190476.0,0.1999997999999999
SNM/BTC,1598242113327,2020-08-24T04:08:33.327Z,buy,1.05e-06,3000.0,0.0031499999999999
SNM/BTC,1598242118220,2020-08-24T04:08:38.220Z,buy,1.05e-06,45107.0,0.04736235
SNM/BTC,1598242225190,2020-08-24T04:10:25.190Z,sell,1.05e-06,286.0,0.0003003
SNM/BTC,1598242225746,2020-08-24T04:10:25.746Z,sell,1.05e-06,285.0,0.00029925
SNM/BTC,1598242226515,2020-08-24T04:10:26.515Z,sell,1.05e-06,285.0,0.00029925
SNM/BTC,1598242285689,2020-08-24T04:11:25.689Z,sell,1.05e-06,285.0,0.00029925
SNM/BTC,1598242415964,2020-08-24T04:13:35.964Z,buy,1.06e-06,284.0,0.00030104
SNM/BTC,1598242433408,2020-08-24T04:13:53.408Z,buy,1.06e-06,7700.0,0.008162
SNM/BTC,1598242477494,2020-08-24T04:14:37.494Z,buy,1.06e-06,284.0,0.00030104
SNM/BTC,1598242749697,2020-08-24T04:19:09.697Z,buy,1.06e-06,284.0,0.00030104
SNM/BTC,1598242818431,2020-08-24T04:20:18.431Z,buy,1.06e-06,17532.0,0.01858392
SNM/BTC,1598242870409,2020-08-24T04:21:10.409Z,buy,1.06e-06,472.0,0.00050032
SNM/BTC,1598242922775,2020-08-24T04:22:02.775Z,buy,1.06e-06,284.0,0.00030104
SNM/BTC,1598242938836,2020-08-24T04:22:18.836Z,sell,1.05e-06,762.0,0.0008000999999999
SNM/BTC,1598242938836,2020-08-24T04:22:18.836Z,sell,1.04e-06,38841.0,0.04039464
SNM/BTC,1598242949341,2020-08-24T04:22:29.341Z,buy,1.06e-06,96.0,0.00010176
SNM/BTC,1598243000638,2020-08-24T04:23:20.638Z,buy,1.06e-06,164724.0,0.17460744
SNM/BTC,1598243004828,2020-08-24T04:23:24.828Z,buy,1.06e-06,189.0,0.00020034
SNM/BTC,1598243005102,2020-08-24T04:23:25.102Z,buy,1.06e-06,1784.0,0.00189104
SNM/BTC,1598243005761,2020-08-24T04:23:25.761Z,buy,1.06e-06,472.0,0.00050032
SNM/BTC,1598243005986,2020-08-24T04:23:25.986Z,buy,1.06e-06,472.0,0.00050032
SNM/BTC,1598243006024,2020-08-24T04:23:26.024Z,buy,1.06e-06,96.0,0.00010176
SNM/BTC,1598243006540,2020-08-24T04:23:26.540Z,buy,1.06e-06,378.0,0.00040068
SNM/BTC,1598243212412,2020-08-24T04:26:52.412Z,sell,1.05e-06,7043.0,0.00739515
SNM/BTC,1598243212412,2020-08-24T04:26:52.412Z,sell,1.05e-06,7043.0,0.00739515
SNM/BTC,1598243276113,2020-08-24T04:27:56.113Z,sell,1.05e-06,4203.0,0.0044131499999999
SNM/BTC,1598243276380,2020-08-24T04:27:56.380Z,sell,1.05e-06,4203.0,0.0044131499999999
SNM/BTC,1598243325230,2020-08-24T04:28:45.230Z,buy,1.06e-06,23475.0,0.0248835
SNM/BTC,1598243383305,2020-08-24T04:29:43.305Z,buy,1.06e-06,189.0,0.00020034
SNM/BTC,1598243412748,2020-08-24T04:30:12.748Z,buy,1.06e-06,92766.0,0.09833196
SNM/BTC,1598243471024,2020-08-24T04:31:11.024Z,sell,1.05e-06,9918.0,0.0104138999999999
SNM/BTC,1598243648194,2020-08-24T04:34:08.194Z,sell,1.05e-06,10000.0,0.0104999999999999
SNM/BTC,1598244054261,2020-08-24T04:40:54.261Z,sell,1.05e-06,200.0,0.0002099999999999
SNM/BTC,1598244417240,2020-08-24T04:46:57.240Z,buy,1.06e-06,1900.0,0.002014
SNM/BTC,1598244586200,2020-08-24T04:49:46.200Z,buy,1.06e-06,2634.0,0.00279204
SNM/BTC,1598244587564,2020-08-24T04:49:47.564Z,buy,1.06e-06,96.0,0.00010176
SNM/BTC,1598244698246,2020-08-24T04:51:38.246Z,buy,1.06e-06,236.0,0.00025016
SNM/BTC,1598244732568,2020-08-24T04:52:12.568Z,buy,1.06e-06,284.0,0.00030104
SNM/BTC,1598244737265,2020-08-24T04:52:17.265Z,buy,1.06e-06,434.0,0.00046004
SNM/BTC,1598244884014,2020-08-24T04:54:44.014Z,buy,1.06e-06,90311.0,0.09572966
SNM/BTC,1598244886250,2020-08-24T04:54:46.250Z,buy,1.06e-06,472.0,0.00050032
SNM/BTC,1598244886302,2020-08-24T04:54:46.302Z,buy,1.06e-06,1784.0,0.00189104
SNM/BTC,1598244993087,2020-08-24T04:56:33.087Z,buy,1.06e-06,472.0,0.00050032
SNM/BTC,1598245030286,2020-08-24T04:57:10.286Z,buy,1.06e-06,96.0,0.00010176
SNM/BTC,1598245061935,2020-08-24T04:57:41.935Z,sell,1.05e-06,45920.0,0.0482159999999999
SNM/BTC,1598245209959,2020-08-24T05:00:09.959Z,sell,1.05e-06,12191.0,0.0128005499999999
SNM/BTC,1598245616777,2020-08-24T05:06:56.777Z,sell,1.05e-06,508.0,0.0005334
SNM/BTC,1598245972548,2020-08-24T05:12:52.548Z,sell,1.05e-06,10000.0,0.0104999999999999
SNM/BTC,1598246567077,2020-08-24T05:22:47.077Z,sell,1.05e-06,3581.0,0.0037600499999999
SNM/BTC,1598246784081,2020-08-24T05:26:24.081Z,sell,1.05e-06,43633.0,0.04581465
SNM/BTC,1598246784081,2020-08-24T05:26:24.081Z,sell,1.05e-06,43633.0,0.04581465
SNM/BTC,1598246929741,2020-08-24T05:28:49.741Z,buy,1.06e-06,263.0,0.00027878
SNM/BTC,1598247416087,2020-08-24T05:36:56.087Z,buy,1.06e-06,1000.0,0.00106
SNM/BTC,1598247472018,2020-08-24T05:37:52.018Z,buy,1.06e-06,12484.0,0.01323304
SNM/BTC,1598247635009,2020-08-24T05:40:35.009Z,buy,1.06e-06,189.0,0.00020034
SNM/BTC,1598247803052,2020-08-24T05:43:23.052Z,buy,1.06e-06,22139.0,0.02346734
SNM/BTC,1598247827735,2020-08-24T05:43:47.735Z,buy,1.06e-06,86325.0,0.0915045
SNM/BTC,1598247830139,2020-08-24T05:43:50.139Z,buy,1.06e-06,1784.0,0.00189104
SNM/BTC,1598247875849,2020-08-24T05:44:35.849Z,buy,1.06e-06,472.0,0.00050032
SNM/BTC,1598247915298,2020-08-24T05:45:15.298Z,buy,1.06e-06,472.0,0.00050032
SNM/BTC,1598248025746,2020-08-24T05:47:05.746Z,buy,1.06e-06,944.0,0.00100064
SNM/BTC,1598248118062,2020-08-24T05:48:38.062Z,buy,1.06e-06,236.0,0.00025016
SNM/BTC,1598248183992,2020-08-24T05:49:43.992Z,buy,1.06e-06,284.0,0.00030104
SNM/BTC,1598248204850,2020-08-24T05:50:04.850Z,buy,1.06e-06,472.0,0.00050032
SNM/BTC,1598248285346,2020-08-24T05:51:25.346Z,buy,1.06e-06,96.0,0.00010176
SNM/BTC,1598248404348,2020-08-24T05:53:24.348Z,buy,1.06e-06,378.0,0.00040068
SNM/BTC,1598248621375,2020-08-24T05:57:01.375Z,buy,1.06e-06,10000.0,0.0106
SNM/BTC,1598248622856,2020-08-24T05:57:02.856Z,buy,1.06e-06,189.0,0.00020034
SNM/BTC,1598248723647,2020-08-24T05:58:43.647Z,buy,1.06e-06,11476.0,0.01216456
SNM/BTC,1598248726316,2020-08-24T05:58:46.316Z,buy,1.07e-06,95.0,0.0001016499999999
SNM/BTC,1598248734867,2020-08-24T05:58:54.867Z,sell,1.06e-06,2360.0,0.0025016
SNM/BTC,1598248734867,2020-08-24T05:58:54.867Z,sell,1.06e-06,7338.0,0.00777828
SNM/BTC,1598248776322,2020-08-24T05:59:36.322Z,buy,1.07e-06,243.0,0.0002600099999999
SNM/BTC,1598248776663,2020-08-24T05:59:36.663Z,sell,1.06e-06,284.0,0.00030104
SNM/BTC,1598248778114,2020-08-24T05:59:38.114Z,sell,1.06e-06,284.0,0.00030104
SNM/BTC,1598248782474,2020-08-24T05:59:42.474Z,sell,1.06e-06,283.0,0.00029998
SNM/BTC,1598248783944,2020-08-24T05:59:43.944Z,sell,1.06e-06,283.0,0.00029998
SNM/BTC,1598248785497,2020-08-24T05:59:45.497Z,sell,1.06e-06,283.0,0.00029998
SNM/BTC,1598248787172,2020-08-24T05:59:47.172Z,sell,1.06e-06,283.0,0.00029998
SNM/BTC,1598248788816,2020-08-24T05:59:48.816Z,sell,1.06e-06,283.0,0.00029998
SNM/BTC,1598248790398,2020-08-24T05:59:50.398Z,sell,1.06e-06,283.0,0.00029998
SNM/BTC,1598248791848,2020-08-24T05:59:51.848Z,sell,1.06e-06,283.0,0.00029998
SNM/BTC,1598248793301,2020-08-24T05:59:53.301Z,sell,1.06e-06,283.0,0.00029998
SNM/BTC,1598248794949,2020-08-24T05:59:54.949Z,sell,1.06e-06,283.0,0.00029998
SNM/BTC,1598248796670,2020-08-24T05:59:56.670Z,buy,1.07e-06,281.0,0.0003006699999999
SNM/BTC,1598248804440,2020-08-24T06:00:04.440Z,buy,1.07e-06,281.0,0.0003006699999999
SNM/BTC,1598248904633,2020-08-24T06:01:44.633Z,sell,1.06e-06,5000.0,0.0053
SNM/BTC,1598248904633,2020-08-24T06:01:44.633Z,sell,1.06e-06,3270.0,0.0034662
SNM/BTC,1598248904633,2020-08-24T06:01:44.633Z,sell,1.06e-06,1855.0,0.0019663
SNM/BTC,1598248934838,2020-08-24T06:02:14.838Z,sell,1.06e-06,12471.0,0.01321926
SNM/BTC,1598248984674,2020-08-24T06:03:04.674Z,buy,1.07e-06,281.0,0.0003006699999999
SNM/BTC,1598249040359,2020-08-24T06:04:00.359Z,sell,1.06e-06,104.0,0.00011024
SNM/BTC,1598249240293,2020-08-24T06:07:20.293Z,sell,1.06e-06,200.0,0.000212
SNM/BTC,1598249591996,2020-08-24T06:13:11.996Z,buy,1.07e-06,281.0,0.0003006699999999
SNM/BTC,1598249616731,2020-08-24T06:13:36.731Z,buy,1.07e-06,281.0,0.0003006699999999
SNM/BTC,1598249748498,2020-08-24T06:15:48.498Z,sell,1.06e-06,400.0,0.000424
SNM/BTC,1598250094553,2020-08-24T06:21:34.553Z,sell,1.06e-06,2613.0,0.00276978
SNM/BTC,1598250156082,2020-08-24T06:22:36.082Z,sell,1.05e-06,11667.0,0.0122503499999999
SNM/BTC,1598250195395,2020-08-24T06:23:15.395Z,sell,1.05e-06,5743.0,0.00603015
SNM/BTC,1598250287150,2020-08-24T06:24:47.150Z,buy,1.06e-06,1604.0,0.00170024
SNM/BTC,1598250324835,2020-08-24T06:25:24.835Z,buy,1.06e-06,96.0,0.00010176
SNM/BTC,1598250324835,2020-08-24T06:25:24.835Z,buy,1.06e-06,96.0,0.00010176
SNM/BTC,1598250518658,2020-08-24T06:28:38.658Z,buy,1.06e-06,4241.0,0.00449546
SNM/BTC,1598250653956,2020-08-24T06:30:53.956Z,buy,1.06e-06,8774.0,0.00930044
SNM/BTC,1598250816835,2020-08-24T06:33:36.835Z,sell,1.06e-06,490.0,0.0005194
SNM/BTC,1598250884907,2020-08-24T06:34:44.907Z,sell,1.06e-06,5731.0,0.00607486
SNM/BTC,1598251005431,2020-08-24T06:36:45.431Z,buy,1.06e-06,141.0,0.00014946
SNM/BTC,1598251076882,2020-08-24T06:37:56.882Z,sell,1.05e-06,8646.0,0.0090783
SNM/BTC,1598251438437,2020-08-24T06:43:58.437Z,sell,1.05e-06,90225.0,0.09473625
SNM/BTC,1598251773539,2020-08-24T06:49:33.539Z,sell,1.05e-06,3173.0,0.00333165
SNM/BTC,1598251778591,2020-08-24T06:49:38.591Z,sell,1.05e-06,43634.0,0.0458156999999999
SNM/BTC,1598252085135,2020-08-24T06:54:45.135Z,buy,1.06e-06,6062.0,0.00642572
SNM/BTC,1598252479087,2020-08-24T07:01:19.087Z,sell,1.05e-06,66273.0,0.06958665
SNM/BTC,1598252480344,2020-08-24T07:01:20.344Z,sell,1.05e-06,1208.0,0.0012683999999999
SNM/BTC,1598252480644,2020-08-24T07:01:20.644Z,sell,1.05e-06,129965.0,0.1364632499999999
SNM/BTC,1598252480644,2020-08-24T07:01:20.644Z,sell,1.04e-06,126118.0,0.13116272
SNM/BTC,1598252480830,2020-08-24T07:01:20.830Z,sell,1.04e-06,281684.0,0.29295136
SNM/BTC,1598252481370,2020-08-24T07:01:21.370Z,sell,1.04e-06,3617.0,0.00376168
SNM/BTC,1598252481843,2020-08-24T07:01:21.843Z,buy,1.05e-06,143.0,0.00015015
SNM/BTC,1598252496233,2020-08-24T07:01:36.233Z,buy,1.05e-06,19095.0,0.0200497499999999
SNM/BTC,1598252508955,2020-08-24T07:01:48.955Z,buy,1.05e-06,23838.0,0.0250298999999999
SNM/BTC,1598252508988,2020-08-24T07:01:48.988Z,buy,1.05e-06,23849.0,0.0250414499999999
SNM/BTC,1598252509013,2020-08-24T07:01:49.013Z,buy,1.05e-06,4361.0,0.0045790499999999
SNM/BTC,1598252590900,2020-08-24T07:03:10.900Z,sell,1.05e-06,1440.0,0.0015119999999999
SNM/BTC,1598252624263,2020-08-24T07:03:44.263Z,sell,1.05e-06,7700.0,0.0080849999999999
SNM/BTC,1598252635616,2020-08-24T07:03:55.616Z,sell,1.05e-06,54313.0,0.0570286499999999
SNM/BTC,1598252737628,2020-08-24T07:05:37.628Z,buy,1.05e-06,9524.0,0.0100001999999999
SNM/BTC,1598252853174,2020-08-24T07:07:33.174Z,sell,1.04e-06,200.0,0.000208
SNM/BTC,1598252916351,2020-08-24T07:08:36.351Z,sell,1.04e-06,5724.0,0.00595296
SNM/BTC,1598253034092,2020-08-24T07:10:34.092Z,sell,1.04e-06,8152.0,0.00847808
SNM/BTC,1598253336192,2020-08-24T07:15:36.192Z,buy,1.05e-06,1390.0,0.0014594999999999
SNM/BTC,1598253381489,2020-08-24T07:16:21.489Z,buy,1.05e-06,220.0,0.0002309999999999
SNM/BTC,1598253523351,2020-08-24T07:18:43.351Z,buy,1.05e-06,541207.0,0.56826735
SNM/BTC,1598253581687,2020-08-24T07:19:41.687Z,buy,1.06e-06,831141.0,0.88100946
SNM/BTC,1598253581687,2020-08-24T07:19:41.687Z,buy,1.07e-06,134355.0,0.14375985
SNM/BTC,1598253583975,2020-08-24T07:19:43.975Z,sell,1.06e-06,128.0,0.00013568
SNM/BTC,1598253612685,2020-08-24T07:20:12.685Z,buy,1.07e-06,9346.0,0.0100002199999999
SNM/BTC,1598253614480,2020-08-24T07:20:14.480Z,buy,1.07e-06,187.0,0.00020009
SNM/BTC,1598253616351,2020-08-24T07:20:16.351Z,sell,1.06e-06,31084.0,0.03294904
SNM/BTC,1598253637931,2020-08-24T07:20:37.931Z,buy,1.07e-06,1767.0,0.0018906899999999
SNM/BTC,1598253649233,2020-08-24T07:20:49.233Z,buy,1.07e-06,95.0,0.0001016499999999
SNM/BTC,1598253662845,2020-08-24T07:21:02.845Z,buy,1.07e-06,468.0,0.0005007599999999
SNM/BTC,1598253666916,2020-08-24T07:21:06.916Z,buy,1.07e-06,935.0,0.00100045
SNM/BTC,1598253713444,2020-08-24T07:21:53.444Z,sell,1.06e-06,11615.0,0.0123119
SNM/BTC,1598253725382,2020-08-24T07:22:05.382Z,buy,1.06e-06,96.0,0.00010176
SNM/BTC,1598253739401,2020-08-24T07:22:19.401Z,buy,1.06e-06,23584.0,0.02499904
SNM/BTC,1598253740878,2020-08-24T07:22:20.878Z,buy,1.06e-06,48658.0,0.05157748
SNM/BTC,1598253744525,2020-08-24T07:22:24.525Z,buy,1.06e-06,16585.0,0.0175801
SNM/BTC,1598253784393,2020-08-24T07:23:04.393Z,buy,1.07e-06,281.0,0.0003006699999999
SNM/BTC,1598253849871,2020-08-24T07:24:09.871Z,buy,1.07e-06,187.0,0.00020009
SNM/BTC,1598253867932,2020-08-24T07:24:27.932Z,buy,1.07e-06,468.0,0.0005007599999999
SNM/BTC,1598253876558,2020-08-24T07:24:36.558Z,buy,1.07e-06,16874.0,0.0180551799999999
SNM/BTC,1598253899996,2020-08-24T07:24:59.996Z,sell,1.06e-06,22663.0,0.02402278
SNM/BTC,1598253899996,2020-08-24T07:24:59.996Z,sell,1.06e-06,22663.0,0.02402278
SNM/BTC,1598254089377,2020-08-24T07:28:09.377Z,buy,1.06e-06,284.0,0.00030104
SNM/BTC,1598254119432,2020-08-24T07:28:39.432Z,buy,1.06e-06,96.0,0.00010176
SNM/BTC,1598254137243,2020-08-24T07:28:57.243Z,buy,1.06e-06,378.0,0.00040068
SNM/BTC,1598254249355,2020-08-24T07:30:49.355Z,buy,1.06e-06,376.0,0.00039856
SNM/BTC,1598254415266,2020-08-24T07:33:35.266Z,buy,1.06e-06,284.0,0.00030104
SNM/BTC,1598254519020,2020-08-24T07:35:19.020Z,buy,1.06e-06,31604.0,0.03350024
SNM/BTC,1598254554290,2020-08-24T07:35:54.290Z,buy,1.06e-06,10532.0,0.01116392
SNM/BTC,1598254616928,2020-08-24T07:36:56.928Z,sell,1.06e-06,1034.0,0.00109604
SNM/BTC,1598254925715,2020-08-24T07:42:05.715Z,sell,1.06e-06,999.0,0.00105894
SNM/BTC,1598254973433,2020-08-24T07:42:53.433Z,sell,1.06e-06,160812.0,0.17046072
SNM/BTC,1598254988824,2020-08-24T07:43:08.824Z,buy,1.06e-06,284.0,0.00030104
SNM/BTC,1598255211188,2020-08-24T07:46:51.188Z,sell,1.05e-06,146989.0,0.15433845
SNM/BTC,1598255781642,2020-08-24T07:56:21.642Z,buy,1.06e-06,5000.0,0.0053
SNM/BTC,1598255881081,2020-08-24T07:58:01.081Z,buy,1.06e-06,300.0,0.000318
SNM/BTC,1598255923250,2020-08-24T07:58:43.250Z,buy,1.06e-06,284.0,0.00030104
SNM/BTC,1598256091869,2020-08-24T08:01:31.869Z,sell,1.05e-06,3788.0,0.0039774
SNM/BTC,1598256135437,2020-08-24T08:02:15.437Z,sell,1.05e-06,4854.0,0.0050966999999999
SNM/BTC,1598256596495,2020-08-24T08:09:56.495Z,sell,1.05e-06,16857.0,0.01769985
SNM/BTC,1598257058666,2020-08-24T08:17:38.666Z,sell,1.05e-06,74591.0,0.0783205499999999
SNM/BTC,1598257064013,2020-08-24T08:17:44.013Z,sell,1.05e-06,103238.0,0.1083999
SNM/BTC,1598257064289,2020-08-24T08:17:44.289Z,buy,1.05e-06,142.0,0.0001491
SNM/BTC,1598257064289,2020-08-24T08:17:44.289Z,buy,1.05e-06,142.0,0.0001491
SNM/BTC,1598257633363,2020-08-24T08:27:13.363Z,sell,1.05e-06,9884.0,0.0103781999999999
SNM/BTC,1598257693594,2020-08-24T08:28:13.594Z,buy,1.05e-06,374.0,0.0003926999999999
SNM/BTC,1598257747897,2020-08-24T08:29:07.897Z,buy,1.05e-06,152.0,0.0001595999999999
SNM/BTC,1598257818613,2020-08-24T08:30:18.613Z,sell,1.04e-06,1630.0,0.0016952
SNM/BTC,1598257894867,2020-08-24T08:31:34.867Z,buy,1.05e-06,11758.0,0.0123458999999999
SNM/BTC,1598257940349,2020-08-24T08:32:20.349Z,buy,1.05e-06,49462.0,0.0519351
SNM/BTC,1598258113484,2020-08-24T08:35:13.484Z,buy,1.06e-06,1704.0,0.00180624
SNM/BTC,1598258537509,2020-08-24T08:42:17.509Z,buy,1.06e-06,284.0,0.00030104
SNM/BTC,1598258613373,2020-08-24T08:43:33.373Z,buy,1.06e-06,212.0,0.00022472
SNM/BTC,1598258683702,2020-08-24T08:44:43.702Z,sell,1.05e-06,3000.0,0.0031499999999999
SNM/BTC,1598258719306,2020-08-24T08:45:19.306Z,sell,1.05e-06,500.0,0.000525
SNM/BTC,1598258832842,2020-08-24T08:47:12.842Z,buy,1.06e-06,14304.0,0.01516224
SNM/BTC,1598259365572,2020-08-24T08:56:05.572Z,buy,1.06e-06,284.0,0.00030104
SNM/BTC,1598259465401,2020-08-24T08:57:45.401Z,sell,1.05e-06,1180.0,0.0012389999999999
SNM/BTC,1598259518347,2020-08-24T08:58:38.347Z,sell,1.05e-06,39923.0,0.0419191499999999
SNM/BTC,1598259617666,2020-08-24T09:00:17.666Z,sell,1.05e-06,1000.0,0.00105
SNM/BTC,1598259721447,2020-08-24T09:02:01.447Z,sell,1.05e-06,2271.0,0.0023845499999999
SNM/BTC,1598260068211,2020-08-24T09:07:48.211Z,buy,1.06e-06,11612.0,0.01230872
SNM/BTC,1598260082228,2020-08-24T09:08:02.228Z,buy,1.06e-06,1062.0,0.00112572
SNM/BTC,1598260096994,2020-08-24T09:08:16.994Z,buy,1.06e-06,399.0,0.00042294
SNM/BTC,1598260109591,2020-08-24T09:08:29.591Z,buy,1.06e-06,43029.0,0.04561074
SNM/BTC,1598260118831,2020-08-24T09:08:38.831Z,sell,1.05e-06,56052.0,0.0588545999999999
SNM/BTC,1598260154173,2020-08-24T09:09:14.173Z,buy,1.06e-06,10987.0,0.01164622
SNM/BTC,1598260221377,2020-08-24T09:10:21.377Z,buy,1.06e-06,6505.0,0.0068953
SNM/BTC,1598260569475,2020-08-24T09:16:09.475Z,buy,1.06e-06,96.0,0.00010176
SNM/BTC,1598260659849,2020-08-24T09:17:39.849Z,buy,1.06e-06,1270.0,0.0013462
SNM/BTC,1598260659849,2020-08-24T09:17:39.849Z,buy,1.06e-06,1270.0,0.0013462
SNM/BTC,1598260780194,2020-08-24T09:19:40.194Z,buy,1.06e-06,2000.0,0.00212
SNM/BTC,1598261458957,2020-08-24T09:30:58.957Z,buy,1.06e-06,661.0,0.00070066
SNM/BTC,1598261602979,2020-08-24T09:33:22.979Z,buy,1.06e-06,2831.0,0.00300086
SNM/BTC,1598261819662,2020-08-24T09:36:59.662Z,sell,1.05e-06,3962.0,0.0041601
SNM/BTC,1598261821562,2020-08-24T09:37:01.562Z,sell,1.05e-06,3962.0,0.0041601
SNM/BTC,1598261956475,2020-08-24T09:39:16.475Z,buy,1.06e-06,321.0,0.00034026
SNM/BTC,1598261983696,2020-08-24T09:39:43.696Z,buy,1.06e-06,3836.0,0.00406616
SNM/BTC,1598262007922,2020-08-24T09:40:07.922Z,sell,1.05e-06,1260.0,0.001323
SNM/BTC,1598263386100,2020-08-24T10:03:06.100Z,buy,1.06e-06,94.0,9.964e-05
SNM/BTC,1598263386100,2020-08-24T10:03:06.100Z,buy,1.06e-06,94.0,9.964e-05
SNM/BTC,1598264301538,2020-08-24T10:18:21.538Z,buy,1.06e-06,96.0,0.00010176
SNM/BTC,1598264430277,2020-08-24T10:20:30.277Z,buy,1.06e-06,94340.0,0.1000004
SNM/BTC,1598264765435,2020-08-24T10:26:05.435Z,sell,1.05e-06,2550.0,0.0026774999999999
SNM/BTC,1598264839133,2020-08-24T10:27:19.133Z,sell,1.05e-06,8943.0,0.00939015
SNM/BTC,1598264985523,2020-08-24T10:29:45.523Z,buy,1.06e-06,94.0,9.964e-05
SNM/BTC,1598265315045,2020-08-24T10:35:15.045Z,sell,1.05e-06,226.0,0.0002372999999999
SNM/BTC,1598265522264,2020-08-24T10:38:42.264Z,sell,1.05e-06,1618.0,0.0016989
SNM/BTC,1598265588185,2020-08-24T10:39:48.185Z,buy,1.06e-06,29834.0,0.03162404
SNM/BTC,1598265762359,2020-08-24T10:42:42.359Z,buy,1.07e-06,7992.0,0.0085514399999999
SNM/BTC,1598265779622,2020-08-24T10:42:59.622Z,buy,1.07e-06,10800.0,0.0115559999999999
SNM/BTC,1598265876429,2020-08-24T10:44:36.429Z,sell,1.06e-06,284.0,0.00030104
SNM/BTC,1598265877979,2020-08-24T10:44:37.979Z,sell,1.06e-06,283.0,0.00029998
SNM/BTC,1598265880042,2020-08-24T10:44:40.042Z,sell,1.06e-06,283.0,0.00029998
SNM/BTC,1598265882144,2020-08-24T10:44:42.144Z,sell,1.06e-06,283.0,0.00029998
SNM/BTC,1598265883741,2020-08-24T10:44:43.741Z,sell,1.06e-06,283.0,0.00029998
SNM/BTC,1598265885185,2020-08-24T10:44:45.185Z,sell,1.06e-06,283.0,0.00029998
SNM/BTC,1598266022497,2020-08-24T10:47:02.497Z,sell,1.06e-06,39696.0,0.04207776
SNM/BTC,1598266116207,2020-08-24T10:48:36.207Z,buy,1.06e-06,3007.0,0.00318742
SNM/BTC,1598266116789,2020-08-24T10:48:36.789Z,buy,1.06e-06,135.0,0.0001431
SNM/BTC,1598266186749,2020-08-24T10:49:46.749Z,buy,1.06e-06,378.0,0.00040068
SNM/BTC,1598266265648,2020-08-24T10:51:05.648Z,buy,1.06e-06,284.0,0.00030104
SNM/BTC,1598266297145,2020-08-24T10:51:37.145Z,buy,1.06e-06,96.0,0.00010176
SNM/BTC,1598266297145,2020-08-24T10:51:37.145Z,buy,1.06e-06,96.0,0.00010176
SNM/BTC,1598267049865,2020-08-24T11:04:09.865Z,buy,1.06e-06,284.0,0.00030104
SNM/BTC,1598267062437,2020-08-24T11:04:22.437Z,buy,1.06e-06,284.0,0.00030104
SNM/BTC,1598267371524,2020-08-24T11:09:31.524Z,buy,1.06e-06,481.0,0.00050986
SNM/BTC,1598267400719,2020-08-24T11:10:00.719Z,sell,1.05e-06,130000.0,0.1364999999999999
SNM/BTC,1598267971790,2020-08-24T11:19:31.790Z,sell,1.05e-06,289.0,0.00030345
SNM/BTC,1598268041371,2020-08-24T11:20:41.371Z,buy,1.06e-06,94.0,9.964e-05
SNM/BTC,1598268264732,2020-08-24T11:24:24.732Z,buy,1.06e-06,284.0,0.00030104
SNM/BTC,1598268660994,2020-08-24T11:31:00.994Z,buy,1.06e-06,96.0,0.00010176
SNM/BTC,1598268662109,2020-08-24T11:31:02.109Z,buy,1.06e-06,95.0,0.0001007
SNM/BTC,1598268688396,2020-08-24T11:31:28.396Z,buy,1.06e-06,4745.0,0.0050297
SNM/BTC,1598268903396,2020-08-24T11:35:03.396Z,buy,1.06e-06,284.0,0.00030104
SNM/BTC,1598269707557,2020-08-24T11:48:27.557Z,buy,1.06e-06,162.0,0.00017172
SNM/BTC,1598269777655,2020-08-24T11:49:37.655Z,buy,1.06e-06,189.0,0.00020034
SNM/BTC,1598269777655,2020-08-24T11:49:37.655Z,buy,1.06e-06,189.0,0.00020034
SNM/BTC,1598269907410,2020-08-24T11:51:47.410Z,buy,1.06e-06,95.0,0.0001007
SNM/BTC,1598270441355,2020-08-24T12:00:41.355Z,buy,1.06e-06,100.0,0.000106
SNM/BTC,1598271305476,2020-08-24T12:15:05.476Z,buy,1.06e-06,6000.0,0.00636
SNM/BTC,1598271312197,2020-08-24T12:15:12.197Z,buy,1.06e-06,94245.0,0.0998997
SNM/BTC,1598271536621,2020-08-24T12:18:56.621Z,buy,1.06e-06,2028.0,0.00214968
SNM/BTC,1598271805180,2020-08-24T12:23:25.180Z,buy,1.06e-06,163.0,0.00017278
SNM/BTC,1598271912559,2020-08-24T12:25:12.559Z,sell,1.05e-06,383.0,0.0004021499999999
SNM/BTC,1598272419676,2020-08-24T12:33:39.676Z,buy,1.06e-06,4062.0,0.00430572
SNM/BTC,1598272432788,2020-08-24T12:33:52.788Z,sell,1.05e-06,20000.0,0.0209999999999999
SNM/BTC,1598272717472,2020-08-24T12:38:37.472Z,buy,1.06e-06,64223.0,0.06807638
SNM/BTC,1598272861254,2020-08-24T12:41:01.254Z,buy,1.06e-06,284.0,0.00030104
SNM/BTC,1598272861254,2020-08-24T12:41:01.254Z,buy,1.06e-06,284.0,0.00030104
SNM/BTC,1598273653949,2020-08-24T12:54:13.949Z,buy,1.06e-06,284.0,0.00030104
SNM/BTC,1598273952254,2020-08-24T12:59:12.254Z,buy,1.06e-06,96.0,0.00010176
SNM/BTC,1598274097967,2020-08-24T13:01:37.967Z,buy,1.06e-06,4717.0,0.00500002
SNM/BTC,1598274385509,2020-08-24T13:06:25.509Z,buy,1.06e-06,284.0,0.00030104
SNM/BTC,1598274442593,2020-08-24T13:07:22.593Z,buy,1.06e-06,284.0,0.00030104
SNM/BTC,1598274447940,2020-08-24T13:07:27.940Z,buy,1.06e-06,189.0,0.00020034
SNM/BTC,1598274891703,2020-08-24T13:14:51.703Z,buy,1.06e-06,19182.0,0.02033292
SNM/BTC,1598275231002,2020-08-24T13:20:31.002Z,sell,1.05e-06,225052.0,0.2363045999999999
SNM/BTC,1598275333283,2020-08-24T13:22:13.283Z,buy,1.06e-06,7841.0,0.00831146
SNM/BTC,1598275361434,2020-08-24T13:22:41.434Z,sell,1.05e-06,123876.0,0.1300697999999999
SNM/BTC,1598275361434,2020-08-24T13:22:41.434Z,sell,1.04e-06,282860.0,0.2941744
SNM/BTC,1598275361434,2020-08-24T13:22:41.434Z,sell,1.03e-06,458705.0,0.47246615
SNM/BTC,1598275361434,2020-08-24T13:22:41.434Z,sell,1.02e-06,641821.0,0.6546574199999999
SNM/BTC,1598275361434,2020-08-24T13:22:41.434Z,sell,1.01e-06,5767.0,0.00582467
SNM/BTC,1598275361434,2020-08-24T13:22:41.434Z,sell,1.01e-06,26589.0,0.02685489
SNM/BTC,1598275361434,2020-08-24T13:22:41.434Z,sell,1.01e-06,85066.0,0.08591666
SNM/BTC,1598275361462,2020-08-24T13:22:41.462Z,buy,1.02e-06,2105.0,0.0021471
SNM/BTC,1598275361494,2020-08-24T13:22:41.494Z,buy,1.02e-06,4845.0,0.0049419
SNM/BTC,1598275361499,2020-08-24T13:22:41.499Z,buy,1.02e-06,4893.0,0.00499086
SNM/BTC,1598275361502,2020-08-24T13:22:41.502Z,buy,1.02e-06,17829.0,0.01818558
SNM/BTC,1598275361559,2020-08-24T13:22:41.559Z,buy,1.03e-06,51671.0,0.05322113
SNM/BTC,1598275361725,2020-08-24T13:22:41.725Z,buy,1.04e-06,239.0,0.00024856
SNM/BTC,1598275362731,2020-08-24T13:22:42.731Z,sell,1.03e-06,136.0,0.00014008
SNM/BTC,1598275363088,2020-08-24T13:22:43.088Z,sell,1.03e-06,118.0,0.00012154
SNM/BTC,1598275363291,2020-08-24T13:22:43.291Z,sell,1.03e-06,969.0,0.00099807
SNM/BTC,1598275363535,2020-08-24T13:22:43.535Z,sell,1.03e-06,111.0,0.00011433
SNM/BTC,1598275363588,2020-08-24T13:22:43.588Z,sell,1.03e-06,1000.0,0.00103
SNM/BTC,1598275363668,2020-08-24T13:22:43.668Z,sell,1.03e-06,118.0,0.00012154
SNM/BTC,1598275363734,2020-08-24T13:22:43.734Z,sell,1.03e-06,111.0,0.00011433
SNM/BTC,1598275363941,2020-08-24T13:22:43.941Z,sell,1.03e-06,134.0,0.00013802
SNM/BTC,1598275364085,2020-08-24T13:22:44.085Z,sell,1.03e-06,1000.0,0.00103
SNM/BTC,1598275364266,2020-08-24T13:22:44.266Z,sell,1.03e-06,12000.0,0.01236
SNM/BTC,1598275364764,2020-08-24T13:22:44.764Z,sell,1.03e-06,12000.0,0.01236
SNM/BTC,1598275368426,2020-08-24T13:22:48.426Z,sell,1.03e-06,470.0,0.0004841
SNM/BTC,1598275370768,2020-08-24T13:22:50.768Z,sell,1.03e-06,470.0,0.0004841
SNM/BTC,1598275372207,2020-08-24T13:22:52.207Z,sell,1.03e-06,3883.0,0.00399949
SNM/BTC,1598275373298,2020-08-24T13:22:53.298Z,sell,1.03e-06,3921.0,0.00403863
SNM/BTC,1598275377128,2020-08-24T13:22:57.128Z,sell,1.03e-06,1631.0,0.00167993
SNM/BTC,1598275397603,2020-08-24T13:23:17.603Z,sell,1.03e-06,10700.0,0.011021
SNM/BTC,1598275413567,2020-08-24T13:23:33.567Z,buy,1.04e-06,141048.0,0.14668992
SNM/BTC,1598275414545,2020-08-24T13:23:34.545Z,sell,1.04e-06,2439.0,0.00253656
SNM/BTC,1598275423155,2020-08-24T13:23:43.155Z,sell,1.04e-06,78240.0,0.0813696
SNM/BTC,1598275510587,2020-08-24T13:25:10.587Z,sell,1.03e-06,9723.0,0.01001469
SNM/BTC,1598275535886,2020-08-24T13:25:35.886Z,buy,1.04e-06,42907.0,0.04462328
SNM/BTC,1598275569841,2020-08-24T13:26:09.841Z,sell,1.04e-06,11608.0,0.01207232
SNM/BTC,1598275576956,2020-08-24T13:26:16.956Z,sell,1.04e-06,1469.0,0.00152776
SNM/BTC,1598275602130,2020-08-24T13:26:42.130Z,sell,1.04e-06,579.0,0.00060216
SNM/BTC,1598275602249,2020-08-24T13:26:42.249Z,sell,1.04e-06,10000.0,0.0104
SNM/BTC,1598275609326,2020-08-24T13:26:49.326Z,sell,1.04e-06,579.0,0.00060216
SNM/BTC,1598275611330,2020-08-24T13:26:51.330Z,sell,1.04e-06,579.0,0.00060216
SNM/BTC,1598275613655,2020-08-24T13:26:53.655Z,sell,1.04e-06,579.0,0.00060216
SNM/BTC,1598275615162,2020-08-24T13:26:55.162Z,sell,1.04e-06,578.0,0.00060112
SNM/BTC,1598275617444,2020-08-24T13:26:57.444Z,sell,1.04e-06,578.0,0.00060112
SNM/BTC,1598275619294,2020-08-24T13:26:59.294Z,sell,1.04e-06,578.0,0.00060112
SNM/BTC,1598275636203,2020-08-24T13:27:16.203Z,sell,1.04e-06,1483.0,0.00154232
SNM/BTC,1598275657601,2020-08-24T13:27:37.601Z,sell,1.04e-06,9738.0,0.01012752
SNM/BTC,1598275760845,2020-08-24T13:29:20.845Z,buy,1.05e-06,7168.0,0.0075263999999999
SNM/BTC,1598275771914,2020-08-24T13:29:31.914Z,sell,1.04e-06,3500.0,0.00364
SNM/BTC,1598275879863,2020-08-24T13:31:19.863Z,sell,1.04e-06,22369.0,0.02326376
SNM/BTC,1598276079675,2020-08-24T13:34:39.675Z,sell,1.04e-06,54283.0,0.05645432
SNM/BTC,1598276106405,2020-08-24T13:35:06.405Z,buy,1.04e-06,2047.0,0.00212888
SNM/BTC,1598276130134,2020-08-24T13:35:30.134Z,buy,1.04e-06,106.0,0.00011024
SNM/BTC,1598276175245,2020-08-24T13:36:15.245Z,buy,1.04e-06,4487.0,0.00466648
SNM/BTC,1598276304061,2020-08-24T13:38:24.061Z,sell,1.03e-06,86155.0,0.08873965
SNM/BTC,1598276304061,2020-08-24T13:38:24.061Z,sell,1.03e-06,86155.0,0.08873965
SNM/BTC,1598276620714,2020-08-24T13:43:40.714Z,buy,1.04e-06,38558.0,0.04010032
SNM/BTC,1598276670223,2020-08-24T13:44:30.223Z,buy,1.04e-06,2044.0,0.00212576
SNM/BTC,1598276671114,2020-08-24T13:44:31.114Z,buy,1.04e-06,26458.0,0.02751632
SNM/BTC,1598276684462,2020-08-24T13:44:44.462Z,buy,1.04e-06,111162.0,0.11560848
SNM/BTC,1598276735539,2020-08-24T13:45:35.539Z,sell,1.04e-06,579.0,0.00060216
SNM/BTC,1598276737228,2020-08-24T13:45:37.228Z,sell,1.04e-06,578.0,0.00060112
SNM/BTC,1598276766174,2020-08-24T13:46:06.174Z,sell,1.04e-06,9765.0,0.0101556
SNM/BTC,1598276902436,2020-08-24T13:48:22.436Z,sell,1.04e-06,17456.0,0.01815424
SNM/BTC,1598276970712,2020-08-24T13:49:30.712Z,sell,1.04e-06,50118.0,0.05212272
SNM/BTC,1598277005487,2020-08-24T13:50:05.487Z,buy,1.04e-06,961.0,0.00099944
SNM/BTC,1598277005738,2020-08-24T13:50:05.738Z,buy,1.04e-06,57000.0,0.05928
SNM/BTC,1598277396346,2020-08-24T13:56:36.346Z,buy,1.04e-06,4495.0,0.0046748
SNM/BTC,1598277593280,2020-08-24T13:59:53.280Z,buy,1.04e-06,456.0,0.00047424
SNM/BTC,1598278202691,2020-08-24T14:10:02.691Z,buy,1.04e-06,5562.0,0.00578448
SNM/BTC,1598278841695,2020-08-24T14:20:41.695Z,buy,1.04e-06,140331.0,0.14594424
SNM/BTC,1598278902978,2020-08-24T14:21:42.978Z,buy,1.04e-06,271.0,0.00028184
SNM/BTC,1598278922763,2020-08-24T14:22:02.763Z,buy,1.04e-06,128.0,0.00013312
SNM/BTC,1598279285926,2020-08-24T14:28:05.926Z,buy,1.04e-06,9615.0,0.0099995999999999
SNM/BTC,1598279557447,2020-08-24T14:32:37.447Z,buy,1.04e-06,939.0,0.00097656
SNM/BTC,1598279583162,2020-08-24T14:33:03.162Z,buy,1.04e-06,1384.0,0.00143936
SNM/BTC,1598279588586,2020-08-24T14:33:08.586Z,sell,1.03e-06,54796.0,0.05643988
SNM/BTC,1598279706696,2020-08-24T14:35:06.696Z,sell,1.03e-06,49412.0,0.05089436
SNM/BTC,1598279780984,2020-08-24T14:36:20.984Z,buy,1.04e-06,30130.0,0.0313352
SNM/BTC,1598279780984,2020-08-24T14:36:20.984Z,buy,1.04e-06,30130.0,0.0313352
SNM/BTC,1598280095189,2020-08-24T14:41:35.189Z,buy,1.04e-06,2874.0,0.00298896
SNM/BTC,1598280102956,2020-08-24T14:41:42.956Z,buy,1.04e-06,26753.0,0.02782312
SNM/BTC,1598280186841,2020-08-24T14:43:06.841Z,buy,1.04e-06,9600.0,0.009984
SNM/BTC,1598280187076,2020-08-24T14:43:07.076Z,buy,1.04e-06,14000.0,0.01456
SNM/BTC,1598280383621,2020-08-24T14:46:23.621Z,buy,1.04e-06,289.0,0.00030056
SNM/BTC,1598280579825,2020-08-24T14:49:39.825Z,sell,1.03e-06,1285.0,0.00132355
SNM/BTC,1598280856728,2020-08-24T14:54:16.728Z,buy,1.04e-06,474.0,0.00049296
SNM/BTC,1598280863497,2020-08-24T14:54:23.497Z,buy,1.04e-06,1731.0,0.00180024
SNM/BTC,1598280864295,2020-08-24T14:54:24.295Z,buy,1.04e-06,1430.0,0.0014872
SNM/BTC,1598280910228,2020-08-24T14:55:10.228Z,sell,1.03e-06,196972.0,0.20288116
SNM/BTC,1598281001508,2020-08-24T14:56:41.508Z,buy,1.04e-06,4345.0,0.0045188
SNM/BTC,1598281041616,2020-08-24T14:57:21.616Z,buy,1.04e-06,2764.0,0.00287456
SNM/BTC,1598281178637,2020-08-24T14:59:38.637Z,buy,1.04e-06,115731.0,0.12036024
SNM/BTC,1598281253117,2020-08-24T15:00:53.117Z,buy,1.04e-06,7893.0,0.00820872
SNM/BTC,1598281597633,2020-08-24T15:06:37.633Z,buy,1.04e-06,9130.0,0.0094952
SNM/BTC,1598282069526,2020-08-24T15:14:29.526Z,sell,1.03e-06,1517.0,0.00156251
SNM/BTC,1598282069526,2020-08-24T15:14:29.526Z,sell,1.02e-06,316713.0,0.32304726
SNM/BTC,1598282070432,2020-08-24T15:14:30.432Z,buy,1.03e-06,6000.0,0.00618
SNM/BTC,1598282070657,2020-08-24T15:14:30.657Z,buy,1.03e-06,820.0,0.0008446
SNM/BTC,1598282072513,2020-08-24T15:14:32.513Z,buy,1.03e-06,725.0,0.00074675
SNM/BTC,1598282072547,2020-08-24T15:14:32.547Z,sell,1.02e-06,1443.0,0.00147186
SNM/BTC,1598282072904,2020-08-24T15:14:32.904Z,buy,1.03e-06,12332.0,0.01270196
SNM/BTC,1598282076172,2020-08-24T15:14:36.172Z,buy,1.03e-06,23153.0,0.02384759
SNM/BTC,1598282117571,2020-08-24T15:15:17.571Z,sell,1.02e-06,115615.0,0.1179273
SNM/BTC,1598282127023,2020-08-24T15:15:27.023Z,buy,1.03e-06,870.0,0.0008961
SNM/BTC,1598282127980,2020-08-24T15:15:27.980Z,buy,1.03e-06,12369.0,0.01274007
SNM/BTC,1598282282888,2020-08-24T15:18:02.888Z,sell,1.03e-06,129.0,0.00013287
SNM/BTC,1598282314095,2020-08-24T15:18:34.095Z,buy,1.04e-06,59486.0,0.06186544
SNM/BTC,1598282432596,2020-08-24T15:20:32.596Z,sell,1.03e-06,618.0,0.00063654
SNM/BTC,1598282560932,2020-08-24T15:22:40.932Z,sell,1.03e-06,13654.0,0.01406362
SNM/BTC,1598282560932,2020-08-24T15:22:40.932Z,sell,1.03e-06,13654.0,0.01406362
SNM/BTC,1598283381007,2020-08-24T15:36:21.007Z,buy,1.04e-06,1427.0,0.00148408
SNM/BTC,1598283887152,2020-08-24T15:44:47.152Z,buy,1.04e-06,279.0,0.00029016
SNM/BTC,1598283982716,2020-08-24T15:46:22.716Z,sell,1.03e-06,114303.0,0.11773209
SNM/BTC,1598284069295,2020-08-24T15:47:49.295Z,sell,1.03e-06,2751.0,0.00283353
SNM/BTC,1598284075619,2020-08-24T15:47:55.619Z,sell,1.03e-06,426.0,0.00043878
SNM/BTC,1598284342545,2020-08-24T15:52:22.545Z,sell,1.03e-06,38652.0,0.03981156
SNM/BTC,1598284416713,2020-08-24T15:53:36.713Z,sell,1.03e-06,1578.0,0.00162534
SNM/BTC,1598284481257,2020-08-24T15:54:41.257Z,sell,1.03e-06,18422.0,0.01897466
SNM/BTC,1598284481257,2020-08-24T15:54:41.257Z,sell,1.02e-06,15715.0,0.0160293
SNM/BTC,1598284483667,2020-08-24T15:54:43.667Z,sell,1.03e-06,111.0,0.00011433
SNM/BTC,1598284483723,2020-08-24T15:54:43.723Z,sell,1.03e-06,1000.0,0.00103
SNM/BTC,1598284483784,2020-08-24T15:54:43.784Z,sell,1.03e-06,118.0,0.00012154
SNM/BTC,1598284484138,2020-08-24T15:54:44.138Z,sell,1.03e-06,1506.0,0.00155118
SNM/BTC,1598284942186,2020-08-24T16:02:22.186Z,buy,1.03e-06,12980.0,0.0133694
SNM/BTC,1598285462179,2020-08-24T16:11:02.179Z,buy,1.04e-06,1521.0,0.00158184
SNM/BTC,1598285620149,2020-08-24T16:13:40.149Z,buy,1.04e-06,8654.0,0.00900016
SNM/BTC,1598285620149,2020-08-24T16:13:40.149Z,buy,1.04e-06,8654.0,0.00900016
SNM/BTC,1598286189928,2020-08-24T16:23:09.928Z,buy,1.04e-06,140508.0,0.14612832
SNM/BTC,1598286339913,2020-08-24T16:25:39.913Z,buy,1.04e-06,184537.0,0.19191848
SNM/BTC,1598286339913,2020-08-24T16:25:39.913Z,buy,1.05e-06,68001.0,0.07140105
SNM/BTC,1598286346725,2020-08-24T16:25:46.725Z,buy,1.04e-06,1802.0,0.00187408
SNM/BTC,1598286350237,2020-08-24T16:25:50.237Z,buy,1.04e-06,16998.0,0.01767792
SNM/BTC,1598286353964,2020-08-24T16:25:53.964Z,buy,1.05e-06,19230.0,0.0201914999999999
SNM/BTC,1598286426890,2020-08-24T16:27:06.890Z,buy,1.05e-06,97.0,0.00010185
SNM/BTC,1598286445650,2020-08-24T16:27:25.650Z,sell,1.04e-06,9640.0,0.0100255999999999
SNM/BTC,1598286452282,2020-08-24T16:27:32.282Z,sell,1.04e-06,140368.0,0.14598272
SNM/BTC,1598286458510,2020-08-24T16:27:38.510Z,buy,1.05e-06,1810.0,0.0019004999999999
SNM/BTC,1598286552256,2020-08-24T16:29:12.256Z,sell,1.04e-06,657.0,0.00068328
SNM/BTC,1598286572059,2020-08-24T16:29:32.059Z,sell,1.04e-06,1128.0,0.00117312
SNM/BTC,1598286578665,2020-08-24T16:29:38.665Z,buy,1.05e-06,143.0,0.00015015
SNM/BTC,1598286625979,2020-08-24T16:30:25.979Z,buy,1.05e-06,1905.0,0.00200025
SNM/BTC,1598286655571,2020-08-24T16:30:55.571Z,buy,1.05e-06,10122.0,0.0106281
SNM/BTC,1598286904536,2020-08-24T16:35:04.536Z,sell,1.04e-06,12967.0,0.01348568
SNM/BTC,1598286971036,2020-08-24T16:36:11.036Z,buy,1.05e-06,1905.0,0.00200025
SNM/BTC,1598287090502,2020-08-24T16:38:10.502Z,buy,1.05e-06,239.0,0.00025095
SNM/BTC,1598287236479,2020-08-24T16:40:36.479Z,buy,1.05e-06,4761.0,0.00499905
SNM/BTC,1598287465944,2020-08-24T16:44:25.944Z,buy,1.05e-06,191.0,0.0002005499999999
SNM/BTC,1598287604151,2020-08-24T16:46:44.151Z,buy,1.05e-06,286.0,0.0003003
SNM/BTC,1598287758274,2020-08-24T16:49:18.274Z,buy,1.05e-06,476.0,0.0004998
SNM/BTC,1598287766216,2020-08-24T16:49:26.216Z,buy,1.05e-06,962.0,0.0010100999999999
SNM/BTC,1598287773764,2020-08-24T16:49:33.764Z,buy,1.05e-06,439.0,0.0004609499999999
SNM/BTC,1598287833239,2020-08-24T16:50:33.239Z,buy,1.05e-06,123837.0,0.13002885
SNM/BTC,1598287837460,2020-08-24T16:50:37.460Z,buy,1.05e-06,477.0,0.00050085
SNM/BTC,1598287837726,2020-08-24T16:50:37.726Z,buy,1.05e-06,953.0,0.0010006499999999
SNM/BTC,1598287840097,2020-08-24T16:50:40.097Z,buy,1.05e-06,1334.0,0.0014007
SNM/BTC,1598287840145,2020-08-24T16:50:40.145Z,buy,1.05e-06,2636.0,0.0027678
SNM/BTC,1598287840317,2020-08-24T16:50:40.317Z,buy,1.05e-06,10747.0,0.0112843499999999
SNM/BTC,1598287840340,2020-08-24T16:50:40.340Z,buy,1.05e-06,8109.0,0.00851445
SNM/BTC,1598287840519,2020-08-24T16:50:40.519Z,buy,1.05e-06,357.0,0.00037485
SNM/BTC,1598287840597,2020-08-24T16:50:40.597Z,buy,1.05e-06,1889.0,0.00198345
SNM/BTC,1598287840612,2020-08-24T16:50:40.612Z,buy,1.05e-06,2203.0,0.00231315
SNM/BTC,1598287840622,2020-08-24T16:50:40.622Z,buy,1.05e-06,10746.0,0.0112833
SNM/BTC,1598287840659,2020-08-24T16:50:40.659Z,buy,1.05e-06,24748.0,0.0259854
SNM/BTC,1598287840686,2020-08-24T16:50:40.686Z,buy,1.05e-06,6104.0,0.0064091999999999
SNM/BTC,1598287840778,2020-08-24T16:50:40.778Z,buy,1.05e-06,198.0,0.0002078999999999
SNM/BTC,1598287840906,2020-08-24T16:50:40.906Z,buy,1.05e-06,6635.0,0.0069667499999999
SNM/BTC,1598287841403,2020-08-24T16:50:41.403Z,buy,1.06e-06,5422.0,0.00574732
SNM/BTC,1598287841793,2020-08-24T16:50:41.793Z,buy,1.06e-06,1429.0,0.00151474
SNM/BTC,1598287841916,2020-08-24T16:50:41.916Z,buy,1.06e-06,2941.0,0.00311746
SNM/BTC,1598287842036,2020-08-24T16:50:42.036Z,buy,1.06e-06,5562.0,0.00589572
SNM/BTC,1598287842503,2020-08-24T16:50:42.503Z,buy,1.06e-06,3712.0,0.00393472
SNM/BTC,1598287843017,2020-08-24T16:50:43.017Z,buy,1.06e-06,189.0,0.00020034
SNM/BTC,1598287843023,2020-08-24T16:50:43.023Z,buy,1.06e-06,1784.0,0.00189104
SNM/BTC,1598287843044,2020-08-24T16:50:43.044Z,buy,1.06e-06,410.0,0.0004346
SNM/BTC,1598287843068,2020-08-24T16:50:43.068Z,buy,1.06e-06,369.0,0.00039114
SNM/BTC,1598287843571,2020-08-24T16:50:43.571Z,buy,1.06e-06,96.0,0.00010176
SNM/BTC,1598287844467,2020-08-24T16:50:44.467Z,buy,1.06e-06,7099.0,0.00752494
SNM/BTC,1598287844616,2020-08-24T16:50:44.616Z,buy,1.06e-06,10650.0,0.011289
SNM/BTC,1598287844765,2020-08-24T16:50:44.765Z,buy,1.06e-06,1705.0,0.0018073
SNM/BTC,1598287844987,2020-08-24T16:50:44.987Z,buy,1.06e-06,2023.0,0.00214438
SNM/BTC,1598287845304,2020-08-24T16:50:45.304Z,buy,1.06e-06,398.0,0.00042188
SNM/BTC,1598287863055,2020-08-24T16:51:03.055Z,buy,1.06e-06,284.0,0.00030104
SNM/BTC,1598287875818,2020-08-24T16:51:15.818Z,buy,1.06e-06,18868.0,0.02000008
SNM/BTC,1598287885139,2020-08-24T16:51:25.139Z,sell,1.05e-06,573.0,0.0006016499999999
SNM/BTC,1598287886615,2020-08-24T16:51:26.615Z,sell,1.05e-06,572.0,0.0006006
SNM/BTC,1598287888147,2020-08-24T16:51:28.147Z,sell,1.05e-06,572.0,0.0006006
SNM/BTC,1598287889611,2020-08-24T16:51:29.611Z,sell,1.05e-06,428.0,0.0004494
SNM/BTC,1598287889611,2020-08-24T16:51:29.611Z,sell,1.04e-06,144.0,0.00014976
SNM/BTC,1598287950226,2020-08-24T16:52:30.226Z,sell,1.04e-06,1354.0,0.00140816
SNM/BTC,1598288492248,2020-08-24T17:01:32.248Z,sell,1.04e-06,458.0,0.00047632
SNM/BTC,1598288780552,2020-08-24T17:06:20.552Z,sell,1.04e-06,104.0,0.00010816
SNM/BTC,1598288780552,2020-08-24T17:06:20.552Z,sell,1.04e-06,104.0,0.00010816
SNM/BTC,1598289304932,2020-08-24T17:15:04.932Z,buy,1.05e-06,190.0,0.0001994999999999
SNM/BTC,1598289577412,2020-08-24T17:19:37.412Z,buy,1.05e-06,286.0,0.0003003
SNM/BTC,1598289789077,2020-08-24T17:23:09.077Z,buy,1.05e-06,286.0,0.0003003
SNM/BTC,1598289867173,2020-08-24T17:24:27.173Z,buy,1.05e-06,286.0,0.0003003
SNM/BTC,1598290068014,2020-08-24T17:27:48.014Z,buy,1.05e-06,13612.0,0.0142925999999999
SNM/BTC,1598290119636,2020-08-24T17:28:39.636Z,sell,1.05e-06,285.0,0.00029925
SNM/BTC,1598290177367,2020-08-24T17:29:37.367Z,sell,1.05e-06,9912.0,0.0104076
SNM/BTC,1598290237281,2020-08-24T17:30:37.281Z,buy,1.05e-06,286.0,0.0003003
SNM/BTC,1598290261579,2020-08-24T17:31:01.579Z,sell,1.04e-06,64394.0,0.06696976
SNM/BTC,1598290918624,2020-08-24T17:41:58.624Z,buy,1.05e-06,13968.0,0.0146663999999999
SNM/BTC,1598290958424,2020-08-24T17:42:38.424Z,sell,1.04e-06,4721.0,0.00490984
SNM/BTC,1598291065367,2020-08-24T17:44:25.367Z,buy,1.05e-06,476.0,0.0004998
SNM/BTC,1598291105473,2020-08-24T17:45:05.473Z,buy,1.05e-06,953.0,0.0010006499999999
SNM/BTC,1598291170787,2020-08-24T17:46:10.787Z,buy,1.05e-06,286.0,0.0003003
SNM/BTC,1598291230166,2020-08-24T17:47:10.166Z,buy,1.05e-06,97.0,0.00010185
SNM/BTC,1598291230347,2020-08-24T17:47:10.347Z,buy,1.05e-06,477.0,0.00050085
SNM/BTC,1598291230840,2020-08-24T17:47:10.840Z,buy,1.05e-06,953.0,0.0010006499999999
SNM/BTC,1598291239842,2020-08-24T17:47:19.842Z,buy,1.05e-06,4309.0,0.0045244499999999
SNM/BTC,1598291255003,2020-08-24T17:47:35.003Z,buy,1.05e-06,286.0,0.0003003
SNM/BTC,1598292351246,2020-08-24T18:05:51.246Z,sell,1.04e-06,952.0,0.00099008
SNM/BTC,1598292351246,2020-08-24T18:05:51.246Z,sell,1.04e-06,952.0,0.00099008
SNM/BTC,1598292385902,2020-08-24T18:06:25.902Z,sell,1.04e-06,2401.0,0.00249704
SNM/BTC,1598292786387,2020-08-24T18:13:06.387Z,buy,1.05e-06,952.0,0.0009996
SNM/BTC,1598292856676,2020-08-24T18:14:16.676Z,buy,1.05e-06,5047.0,0.0052993499999999
SNM/BTC,1598293142606,2020-08-24T18:19:02.606Z,buy,1.05e-06,15000.0,0.01575
SNM/BTC,1598293651772,2020-08-24T18:27:31.772Z,buy,1.05e-06,235829.0,0.2476204499999999
SNM/BTC,1598293654195,2020-08-24T18:27:34.195Z,sell,1.05e-06,211.0,0.00022155
SNM/BTC,1598293693043,2020-08-24T18:28:13.043Z,sell,1.05e-06,286.0,0.0003003
SNM/BTC,1598293696756,2020-08-24T18:28:16.756Z,sell,1.05e-06,286.0,0.0003003
SNM/BTC,1598293698969,2020-08-24T18:28:18.969Z,sell,1.05e-06,285.0,0.00029925
SNM/BTC,1598293700854,2020-08-24T18:28:20.854Z,sell,1.05e-06,285.0,0.00029925
SNM/BTC,1598293702992,2020-08-24T18:28:22.992Z,sell,1.05e-06,285.0,0.00029925
SNM/BTC,1598293705429,2020-08-24T18:28:25.429Z,sell,1.05e-06,285.0,0.00029925
SNM/BTC,1598293837611,2020-08-24T18:30:37.611Z,buy,1.06e-06,284.0,0.00030104
SNM/BTC,1598293853410,2020-08-24T18:30:53.410Z,sell,1.05e-06,481.0,0.0005050499999999
SNM/BTC,1598293868113,2020-08-24T18:31:08.113Z,buy,1.06e-06,96.0,0.00010176
SNM/BTC,1598293870395,2020-08-24T18:31:10.395Z,buy,1.06e-06,189.0,0.00020034
SNM/BTC,1598293905347,2020-08-24T18:31:45.347Z,buy,1.06e-06,378.0,0.00040068
SNM/BTC,1598293928291,2020-08-24T18:32:08.291Z,buy,1.06e-06,284.0,0.00030104
SNM/BTC,1598293946371,2020-08-24T18:32:26.371Z,buy,1.06e-06,189.0,0.00020034
SNM/BTC,1598293946849,2020-08-24T18:32:26.849Z,buy,1.06e-06,236.0,0.00025016
SNM/BTC,1598294132701,2020-08-24T18:35:32.701Z,buy,1.06e-06,284.0,0.00030104
SNM/BTC,1598294282420,2020-08-24T18:38:02.420Z,sell,1.05e-06,1240.0,0.0013019999999999
SNM/BTC,1598294601104,2020-08-24T18:43:21.104Z,sell,1.05e-06,1129.0,0.0011854499999999
SNM/BTC,1598294622141,2020-08-24T18:43:42.141Z,sell,1.05e-06,1129.0,0.0011854499999999
SNM/BTC,1598294845274,2020-08-24T18:47:25.274Z,sell,1.05e-06,45738.0,0.0480248999999999
SNM/BTC,1598294873325,2020-08-24T18:47:53.325Z,sell,1.04e-06,6894.0,0.00716976
SNM/BTC,1598295470699,2020-08-24T18:57:50.699Z,buy,1.05e-06,101.0,0.0001060499999999
SNM/BTC,1598295538634,2020-08-24T18:58:58.634Z,buy,1.05e-06,37786.0,0.0396753
SNM/BTC,1598295667224,2020-08-24T19:01:07.224Z,buy,1.05e-06,286.0,0.0003003
SNM/BTC,1598295694403,2020-08-24T19:01:34.403Z,buy,1.05e-06,286.0,0.0003003
SNM/BTC,1598295698401,2020-08-24T19:01:38.401Z,buy,1.05e-06,286.0,0.0003003
SNM/BTC,1598295698401,2020-08-24T19:01:38.401Z,buy,1.05e-06,286.0,0.0003003
SNM/BTC,1598296064974,2020-08-24T19:07:44.974Z,sell,1.04e-06,1755.0,0.0018252
SNM/BTC,1598296494097,2020-08-24T19:14:54.097Z,sell,1.04e-06,3592.0,0.00373568
SNM/BTC,1598296941747,2020-08-24T19:22:21.747Z,sell,1.04e-06,1831.0,0.00190424
SNM/BTC,1598297055685,2020-08-24T19:24:15.685Z,sell,1.04e-06,490.0,0.0005096
SNM/BTC,1598298406001,2020-08-24T19:46:46.001Z,sell,1.04e-06,1349.0,0.00140296
SNM/BTC,1598298429178,2020-08-24T19:47:09.178Z,sell,1.04e-06,1690.0,0.0017576
SNM/BTC,1598298911421,2020-08-24T19:55:11.421Z,buy,1.05e-06,6889.0,0.0072334499999999
SNM/BTC,1598299183896,2020-08-24T19:59:43.896Z,buy,1.05e-06,9375.0,0.0098437499999999
SNM/BTC,1598299183896,2020-08-24T19:59:43.896Z,buy,1.05e-06,9375.0,0.0098437499999999
SNM/BTC,1598299366334,2020-08-24T20:02:46.334Z,buy,1.05e-06,286.0,0.0003003
SNM/BTC,1598299522566,2020-08-24T20:05:22.566Z,buy,1.05e-06,286.0,0.0003003
SNM/BTC,1598299753167,2020-08-24T20:09:13.167Z,buy,1.05e-06,286.0,0.0003003
SNM/BTC,1598299762436,2020-08-24T20:09:22.436Z,sell,1.04e-06,960.0,0.0009984
SNM/BTC,1598300962708,2020-08-24T20:29:22.708Z,sell,1.04e-06,4074.0,0.00423696
SNM/BTC,1598301731698,2020-08-24T20:42:11.698Z,sell,1.04e-06,20000.0,0.0208
SNM/BTC,1598301962614,2020-08-24T20:46:02.614Z,buy,1.05e-06,23918.0,0.0251138999999999
SNM/BTC,1598302249694,2020-08-24T20:50:49.694Z,buy,1.05e-06,477.0,0.00050085
SNM/BTC,1598302779763,2020-08-24T20:59:39.763Z,buy,1.05e-06,286.0,0.0003003
SNM/BTC,1598302779763,2020-08-24T20:59:39.763Z,buy,1.05e-06,286.0,0.0003003
SNM/BTC,1598302911267,2020-08-24T21:01:51.267Z,buy,1.05e-06,300.0,0.0003149999999999
SNM/BTC,1598302915445,2020-08-24T21:01:55.445Z,buy,1.05e-06,953.0,0.0010006499999999
SNM/BTC,1598303298213,2020-08-24T21:08:18.213Z,buy,1.05e-06,286.0,0.0003003
SNM/BTC,1598303845032,2020-08-24T21:17:25.032Z,buy,1.05e-06,2857.0,0.0029998499999999
SNM/BTC,1598304152687,2020-08-24T21:22:32.687Z,buy,1.05e-06,97.0,0.00010185
SNM/BTC,1598304351783,2020-08-24T21:25:51.783Z,buy,1.05e-06,286.0,0.0003003
SNM/BTC,1598304387446,2020-08-24T21:26:27.446Z,sell,1.04e-06,23421.0,0.02435784
SNM/BTC,1598305018641,2020-08-24T21:36:58.641Z,buy,1.05e-06,121.0,0.00012705
SNM/BTC,1598305113379,2020-08-24T21:38:33.379Z,buy,1.05e-06,5848.0,0.0061403999999999
SNM/BTC,1598306173198,2020-08-24T21:56:13.198Z,buy,1.05e-06,2381.0,0.0025000499999999
SNM/BTC,1598306173198,2020-08-24T21:56:13.198Z,buy,1.05e-06,2381.0,0.0025000499999999
SNM/BTC,1598306742560,2020-08-24T22:05:42.560Z,buy,1.05e-06,1000.0,0.00105
SNM/BTC,1598307037900,2020-08-24T22:10:37.900Z,buy,1.05e-06,105.0,0.0001102499999999
SNM/BTC,1598307051821,2020-08-24T22:10:51.821Z,buy,1.05e-06,477.0,0.00050085
SNM/BTC,1598307390728,2020-08-24T22:16:30.728Z,buy,1.05e-06,2701.0,0.0028360499999999
SNM/BTC,1598307680319,2020-08-24T22:21:20.319Z,sell,1.04e-06,357035.0,0.3713164
SNM/BTC,1598307680940,2020-08-24T22:21:20.940Z,sell,1.04e-06,9569.0,0.00995176
SNM/BTC,1598308408017,2020-08-24T22:33:28.017Z,buy,1.05e-06,64399.0,0.06761895
SNM/BTC,1598308616316,2020-08-24T22:36:56.316Z,buy,1.05e-06,9523.0,0.0099991499999999
SNM/BTC,1598308674834,2020-08-24T22:37:54.834Z,buy,1.05e-06,286.0,0.0003003
SNM/BTC,1598309180295,2020-08-24T22:46:20.295Z,buy,1.05e-06,477.0,0.00050085
SNM/BTC,1598309268389,2020-08-24T22:47:48.389Z,sell,1.04e-06,2650.0,0.002756
SNM/BTC,1598309298410,2020-08-24T22:48:18.410Z,sell,1.04e-06,5000.0,0.0052
SNM/BTC,1598309298410,2020-08-24T22:48:18.410Z,sell,1.04e-06,5000.0,0.0052
SNM/BTC,1598309789596,2020-08-24T22:56:29.596Z,sell,1.04e-06,7861.0,0.0081754399999999
SNM/BTC,1598309904518,2020-08-24T22:58:24.518Z,sell,1.04e-06,19983.0,0.02078232
SNM/BTC,1598310079657,2020-08-24T23:01:19.657Z,sell,1.04e-06,770.0,0.0008008
SNM/BTC,1598310925442,2020-08-24T23:15:25.442Z,sell,1.04e-06,51209.0,0.05325736
SNM/BTC,1598310925994,2020-08-24T23:15:25.994Z,sell,1.04e-06,9569.0,0.00995176
SNM/BTC,1598312243996,2020-08-24T23:37:23.996Z,sell,1.04e-06,106077.0,0.11032008
SNM/BTC,1598312795209,2020-08-24T23:46:35.209Z,sell,1.04e-06,90728.0,0.09435712
SNM/BTC,1598312795621,2020-08-24T23:46:35.621Z,sell,1.04e-06,9569.0,0.00995176
SNM/BTC,1598312795621,2020-08-24T23:46:35.621Z,sell,1.04e-06,9569.0,0.00995176
SNM/BTC,1598313299728,2020-08-24T23:54:59.728Z,sell,1.04e-06,1431.0,0.00148824
SNM/BTC,1598313463955,2020-08-24T23:57:43.955Z,buy,1.05e-06,4100.0,0.004305
SNM/BTC,1598314537752,2020-08-25T00:15:37.752Z,sell,1.04e-06,4096.0,0.00425984
SNM/BTC,1598315872939,2020-08-25T00:37:52.939Z,sell,1.04e-06,86810.0,0.0902824
SNM/BTC,1598315873308,2020-08-25T00:37:53.308Z,sell,1.04e-06,9569.0,0.00995176
SNM/BTC,1598316163787,2020-08-25T00:42:43.787Z,sell,1.04e-06,71229.0,0.07407816
SNM/BTC,1598316257392,2020-08-25T00:44:17.392Z,sell,1.04e-06,55755.0,0.0579852
SNM/BTC,1598316257392,2020-08-25T00:44:17.392Z,sell,1.04e-06,55755.0,0.0579852
SNM/BTC,1598316690547,2020-08-25T00:51:30.547Z,buy,1.04e-06,129.0,0.00013416
SNM/BTC,1598317355479,2020-08-25T01:02:35.479Z,buy,1.04e-06,17648.0,0.01835392
SNM/BTC,1598317393181,2020-08-25T01:03:13.181Z,buy,1.04e-06,14677.0,0.01526408
SNM/BTC,1598317990179,2020-08-25T01:13:10.179Z,sell,1.03e-06,17308.0,0.01782724
SNM/BTC,1598318005403,2020-08-25T01:13:25.403Z,sell,1.03e-06,19302.0,0.01988106
SNM/BTC,1598318126533,2020-08-25T01:15:26.533Z,sell,1.03e-06,49940.0,0.0514382
SNM/BTC,1598318321846,2020-08-25T01:18:41.846Z,sell,1.03e-06,972.0,0.00100116
SNM/BTC,1598318523372,2020-08-25T01:22:03.372Z,buy,1.04e-06,480.0,0.0004992
SNM/BTC,1598318597280,2020-08-25T01:23:17.280Z,sell,1.03e-06,957.0,0.00098571
SNM/BTC,1598319345668,2020-08-25T01:35:45.668Z,sell,1.03e-06,3845.0,0.00396035
SNM/BTC,1598319548096,2020-08-25T01:39:08.096Z,buy,1.04e-06,5359.0,0.00557336
SNM/BTC,1598319548096,2020-08-25T01:39:08.096Z,buy,1.04e-06,5359.0,0.00557336
SNM/BTC,1598319891703,2020-08-25T01:44:51.703Z,buy,1.04e-06,206520.0,0.2147808
SNM/BTC,1598320664181,2020-08-25T01:57:44.181Z,buy,1.05e-06,2535.0,0.0026617499999999
SNM/BTC,1598320664181,2020-08-25T01:57:44.181Z,buy,1.05e-06,1244.0,0.0013062
SNM/BTC,1598320679078,2020-08-25T01:57:59.078Z,buy,1.05e-06,953.0,0.0010006499999999
SNM/BTC,1598321795893,2020-08-25T02:16:35.893Z,buy,1.05e-06,97.0,0.00010185
SNM/BTC,1598321845958,2020-08-25T02:17:25.958Z,sell,1.04e-06,2236.0,0.00232544
SNM/BTC,1598321910557,2020-08-25T02:18:30.557Z,sell,1.04e-06,1536.0,0.0015974399999999
SNM/BTC,1598322320299,2020-08-25T02:25:20.299Z,sell,1.04e-06,23336.0,0.02426944
SNM/BTC,1598322328842,2020-08-25T02:25:28.842Z,sell,1.04e-06,71002.0,0.07384208
SNM/BTC,1598322329649,2020-08-25T02:25:29.649Z,sell,1.04e-06,71001.0,0.07384104
SNM/BTC,1598322329995,2020-08-25T02:25:29.995Z,sell,1.04e-06,69599.0,0.07238296
SNM/BTC,1598322393456,2020-08-25T02:26:33.456Z,sell,1.04e-06,10496.0,0.01091584
SNM/BTC,1598322910532,2020-08-25T02:35:10.532Z,sell,1.04e-06,5672.0,0.00589888
SNM/BTC,1598322910532,2020-08-25T02:35:10.532Z,sell,1.04e-06,5672.0,0.00589888
SNM/BTC,1598323908038,2020-08-25T02:51:48.038Z,sell,1.04e-06,16408.0,0.01706432
SNM/BTC,1598323909748,2020-08-25T02:51:49.748Z,sell,1.04e-06,17426.0,0.01812304
SNM/BTC,1598323909748,2020-08-25T02:51:49.748Z,sell,1.04e-06,17426.0,0.01812304
SNM/BTC,1598326681147,2020-08-25T03:38:01.147Z,buy,1.05e-06,2000.0,0.0021
SNM/BTC,1598326728097,2020-08-25T03:38:48.097Z,buy,1.05e-06,52085.0,0.0546892499999999
SNM/BTC,1598326812079,2020-08-25T03:40:12.079Z,buy,1.05e-06,191.0,0.0002005499999999
SNM/BTC,1598327025298,2020-08-25T03:43:45.298Z,sell,1.04e-06,9000.0,0.00936
SNM/BTC,1598327074355,2020-08-25T03:44:34.355Z,buy,1.05e-06,73000.0,0.07665
SNM/BTC,1598327098633,2020-08-25T03:44:58.633Z,buy,1.05e-06,18908.0,0.0198533999999999
SNM/BTC,1598327176190,2020-08-25T03:46:16.190Z,sell,1.05e-06,286.0,0.0003003
SNM/BTC,1598327180306,2020-08-25T03:46:20.306Z,sell,1.05e-06,286.0,0.0003003
SNM/BTC,1598327184291,2020-08-25T03:46:24.291Z,sell,1.05e-06,286.0,0.0003003
SNM/BTC,1598327186470,2020-08-25T03:46:26.470Z,sell,1.05e-06,286.0,0.0003003
SNM/BTC,1598327187681,2020-08-25T03:46:27.681Z,sell,1.05e-06,285.0,0.00029925
SNM/BTC,1598327188537,2020-08-25T03:46:28.537Z,sell,1.05e-06,286.0,0.0003003
SNM/BTC,1598327189093,2020-08-25T03:46:29.093Z,sell,1.05e-06,285.0,0.00029925
SNM/BTC,1598327190552,2020-08-25T03:46:30.552Z,sell,1.05e-06,285.0,0.00029925
SNM/BTC,1598327192768,2020-08-25T03:46:32.768Z,sell,1.05e-06,285.0,0.00029925
SNM/BTC,1598327194310,2020-08-25T03:46:34.310Z,sell,1.05e-06,285.0,0.00029925
SNM/BTC,1598327195784,2020-08-25T03:46:35.784Z,buy,1.06e-06,1784.0,0.00189104
SNM/BTC,1598327230333,2020-08-25T03:47:10.333Z,buy,1.06e-06,284.0,0.00030104
SNM/BTC,1598327481604,2020-08-25T03:51:21.604Z,sell,1.05e-06,455.0,0.0004777499999999
SNM/BTC,1598327481604,2020-08-25T03:51:21.604Z,sell,1.05e-06,455.0,0.0004777499999999
SNM/BTC,1598327536132,2020-08-25T03:52:16.132Z,sell,1.05e-06,4802.0,0.0050421
SNM/BTC,1598327556971,2020-08-25T03:52:36.971Z,buy,1.06e-06,189.0,0.00020034
SNM/BTC,1598327601090,2020-08-25T03:53:21.090Z,sell,1.05e-06,128.0,0.0001344
SNM/BTC,1598327736437,2020-08-25T03:55:36.437Z,sell,1.05e-06,3351.0,0.0035185499999999
SNM/BTC,1598327874484,2020-08-25T03:57:54.484Z,sell,1.05e-06,10837.0,0.01137885
SNM/BTC,1598328456038,2020-08-25T04:07:36.038Z,buy,1.06e-06,284.0,0.00030104
SNM/BTC,1598328486380,2020-08-25T04:08:06.380Z,buy,1.06e-06,472.0,0.00050032
SNM/BTC,1598328486908,2020-08-25T04:08:06.908Z,buy,1.06e-06,944.0,0.00100064
SNM/BTC,1598328552493,2020-08-25T04:09:12.493Z,buy,1.06e-06,96.0,0.00010176
SNM/BTC,1598328751151,2020-08-25T04:12:31.151Z,buy,1.06e-06,1146.0,0.00121476
SNM/BTC,1598328821195,2020-08-25T04:13:41.195Z,buy,1.06e-06,96.0,0.00010176
SNM/BTC,1598329047546,2020-08-25T04:17:27.546Z,buy,1.06e-06,96.0,0.00010176
SNM/BTC,1598329118006,2020-08-25T04:18:38.006Z,buy,1.06e-06,96.0,0.00010176
SNM/BTC,1598329489967,2020-08-25T04:24:49.967Z,buy,1.06e-06,96.0,0.00010176
SNM/BTC,1598329524004,2020-08-25T04:25:24.004Z,buy,1.06e-06,567.0,0.00060102
SNM/BTC,1598329789103,2020-08-25T04:29:49.103Z,sell,1.05e-06,2271.0,0.0023845499999999
SNM/BTC,1598329877684,2020-08-25T04:31:17.684Z,sell,1.05e-06,4807.0,0.00504735
SNM/BTC,1598330782912,2020-08-25T04:46:22.912Z,sell,1.05e-06,19862.0,0.0208550999999999
SNM/BTC,1598331065531,2020-08-25T04:51:05.531Z,sell,1.05e-06,731.0,0.0007675499999999
SNM/BTC,1598331065531,2020-08-25T04:51:05.531Z,sell,1.05e-06,731.0,0.0007675499999999
SNM/BTC,1598331746077,2020-08-25T05:02:26.077Z,buy,1.06e-06,92336.0,0.09787616
SNM/BTC,1598331849397,2020-08-25T05:04:09.397Z,buy,1.06e-06,284.0,0.00030104
SNM/BTC,1598331878669,2020-08-25T05:04:38.669Z,sell,1.05e-06,13815.0,0.0145057499999999
SNM/BTC,1598331922062,2020-08-25T05:05:22.062Z,buy,1.06e-06,4710.0,0.0049926
SNM/BTC,1598331924003,2020-08-25T05:05:24.003Z,sell,1.05e-06,999.0,0.0010489499999999
SNM/BTC,1598332132025,2020-08-25T05:08:52.025Z,sell,1.05e-06,13248.0,0.0139103999999999
SNM/BTC,1598333497110,2020-08-25T05:31:37.110Z,buy,1.06e-06,284.0,0.00030104
SNM/BTC,1598333527281,2020-08-25T05:32:07.281Z,buy,1.06e-06,284.0,0.00030104
SNM/BTC,1598333561095,2020-08-25T05:32:41.095Z,sell,1.05e-06,450.0,0.0004724999999999
SNM/BTC,1598333891453,2020-08-25T05:38:11.453Z,buy,1.06e-06,1479.0,0.00156774
SNM/BTC,1598333998203,2020-08-25T05:39:58.203Z,buy,1.06e-06,623.0,0.00066038
SNM/BTC,1598334195492,2020-08-25T05:43:15.492Z,buy,1.06e-06,284.0,0.00030104
SNM/BTC,1598334275728,2020-08-25T05:44:35.728Z,buy,1.06e-06,284.0,0.00030104
SNM/BTC,1598334367908,2020-08-25T05:46:07.908Z,buy,1.06e-06,405786.0,0.43013316
SNM/BTC,1598334368198,2020-08-25T05:46:08.198Z,sell,1.06e-06,126.0,0.00013356
SNM/BTC,1598334384848,2020-08-25T05:46:24.848Z,buy,1.07e-06,141.0,0.00015087
SNM/BTC,1598334384848,2020-08-25T05:46:24.848Z,buy,1.07e-06,926.0,0.00099082
SNM/BTC,1598334385036,2020-08-25T05:46:25.036Z,buy,1.07e-06,4673.0,0.0050001099999999
SNM/BTC,1598334385709,2020-08-25T05:46:25.709Z,buy,1.07e-06,935.0,0.00100045
SNM/BTC,1598334385941,2020-08-25T05:46:25.941Z,buy,1.07e-06,4673.0,0.0050001099999999
SNM/BTC,1598334386021,2020-08-25T05:46:26.021Z,sell,1.06e-06,2041.0,0.00216346
SNM/BTC,1598334396147,2020-08-25T05:46:36.147Z,buy,1.07e-06,187.0,0.00020009
SNM/BTC,1598334396319,2020-08-25T05:46:36.319Z,buy,1.07e-06,468.0,0.0005007599999999
SNM/BTC,1598334396370,2020-08-25T05:46:36.370Z,buy,1.07e-06,1767.0,0.0018906899999999
SNM/BTC,1598334420714,2020-08-25T05:47:00.714Z,sell,1.06e-06,284.0,0.00030104
SNM/BTC,1598334422739,2020-08-25T05:47:02.739Z,sell,1.06e-06,283.0,0.00029998
SNM/BTC,1598334425074,2020-08-25T05:47:05.074Z,sell,1.06e-06,283.0,0.00029998
SNM/BTC,1598334427149,2020-08-25T05:47:07.149Z,sell,1.06e-06,283.0,0.00029998
SNM/BTC,1598334429190,2020-08-25T05:47:09.190Z,sell,1.06e-06,283.0,0.00029998
SNM/BTC,1598334430799,2020-08-25T05:47:10.799Z,sell,1.06e-06,283.0,0.00029998
SNM/BTC,1598334520498,2020-08-25T05:48:40.498Z,buy,1.07e-06,1776.0,0.0019003199999999
SNM/BTC,1598334546336,2020-08-25T05:49:06.336Z,sell,1.06e-06,14288.0,0.01514528
SNM/BTC,1598334546336,2020-08-25T05:49:06.336Z,sell,1.06e-06,14288.0,0.01514528
SNM/BTC,1598334695974,2020-08-25T05:51:35.974Z,buy,1.07e-06,281.0,0.0003006699999999
SNM/BTC,1598334724793,2020-08-25T05:52:04.793Z,buy,1.07e-06,95.0,0.0001016499999999
SNM/BTC,1598334725266,2020-08-25T05:52:05.266Z,buy,1.07e-06,935.0,0.00100045
SNM/BTC,1598334757660,2020-08-25T05:52:37.660Z,buy,1.07e-06,374.0,0.00040018
SNM/BTC,1598334785639,2020-08-25T05:53:05.639Z,buy,1.07e-06,95.0,0.0001016499999999
SNM/BTC,1598334818461,2020-08-25T05:53:38.461Z,buy,1.07e-06,745.0,0.0007971499999999
SNM/BTC,1598334917115,2020-08-25T05:55:17.115Z,buy,1.07e-06,39252.0,0.04199964
SNM/BTC,1598334943945,2020-08-25T05:55:43.945Z,buy,1.07e-06,39994.0,0.04279358
SNM/BTC,1598334963547,2020-08-25T05:56:03.547Z,buy,1.07e-06,187.0,0.00020009
SNM/BTC,1598334971680,2020-08-25T05:56:11.680Z,buy,1.07e-06,4673.0,0.0050001099999999
SNM/BTC,1598334975027,2020-08-25T05:56:15.027Z,buy,1.07e-06,52433.0,0.0561033099999999
SNM/BTC,1598335150027,2020-08-25T05:59:10.027Z,buy,1.07e-06,9680.0,0.0103576
SNM/BTC,1598335210899,2020-08-25T06:00:10.899Z,buy,1.07e-06,654.0,0.00069978
SNM/BTC,1598335222282,2020-08-25T06:00:22.282Z,buy,1.07e-06,12735.0,0.0136264499999999
SNM/BTC,1598335222720,2020-08-25T06:00:22.720Z,buy,1.07e-06,9204.0,0.00984828
SNM/BTC,1598335236315,2020-08-25T06:00:36.315Z,sell,1.06e-06,5734.0,0.00607804
SNM/BTC,1598335271656,2020-08-25T06:01:11.656Z,buy,1.07e-06,2122.0,0.0022705399999999
SNM/BTC,1598335333040,2020-08-25T06:02:13.040Z,buy,1.07e-06,3549.0,0.0037974299999999
SNM/BTC,1598335489949,2020-08-25T06:04:49.949Z,buy,1.07e-06,48583.0,0.05198381
SNM/BTC,1598335648029,2020-08-25T06:07:28.029Z,buy,1.07e-06,4820.0,0.0051573999999999
SNM/BTC,1598335700835,2020-08-25T06:08:20.835Z,buy,1.07e-06,3476.0,0.00371932
SNM/BTC,1598335734132,2020-08-25T06:08:54.132Z,sell,1.06e-06,283.0,0.00029998
SNM/BTC,1598335919475,2020-08-25T06:11:59.475Z,sell,1.06e-06,75000.0,0.0795
SNM/BTC,1598335999623,2020-08-25T06:13:19.623Z,buy,1.07e-06,281.0,0.0003006699999999
SNM/BTC,1598336281614,2020-08-25T06:18:01.614Z,buy,1.07e-06,5333.0,0.0057063099999999
SNM/BTC,1598336287422,2020-08-25T06:18:07.422Z,buy,1.07e-06,6729.0,0.00720003
SNM/BTC,1598336416900,2020-08-25T06:20:16.900Z,buy,1.07e-06,2235.0,0.00239145
SNM/BTC,1598336438943,2020-08-25T06:20:38.943Z,buy,1.07e-06,26707.0,0.02857649
SNM/BTC,1598336442115,2020-08-25T06:20:42.115Z,sell,1.06e-06,4815.0,0.0051039
SNM/BTC,1598336598072,2020-08-25T06:23:18.072Z,buy,1.07e-06,8517.0,0.00911319
SNM/BTC,1598336620510,2020-08-25T06:23:40.510Z,buy,1.07e-06,28038.0,0.03000066
SNM/BTC,1598336769905,2020-08-25T06:26:09.905Z,buy,1.07e-06,935.0,0.00100045
SNM/BTC,1598336940347,2020-08-25T06:29:00.347Z,buy,1.07e-06,10479.0,0.0112125299999999
SNM/BTC,1598337012496,2020-08-25T06:30:12.496Z,buy,1.07e-06,468.0,0.0005007599999999
SNM/BTC,1598337101231,2020-08-25T06:31:41.231Z,buy,1.07e-06,25665.0,0.0274615499999999
SNM/BTC,1598337106390,2020-08-25T06:31:46.390Z,buy,1.07e-06,467289.0,0.4999992299999999
SNM/BTC,1598337114715,2020-08-25T06:31:54.715Z,buy,1.07e-06,140186.0,0.1499990199999999
SNM/BTC,1598337117227,2020-08-25T06:31:57.227Z,buy,1.07e-06,1870.0,0.0020009
SNM/BTC,1598337117551,2020-08-25T06:31:57.551Z,buy,1.07e-06,935.0,0.00100045
SNM/BTC,1598337117647,2020-08-25T06:31:57.647Z,buy,1.07e-06,1767.0,0.0018906899999999
SNM/BTC,1598337118109,2020-08-25T06:31:58.109Z,buy,1.07e-06,187.0,0.00020009
SNM/BTC,1598337118135,2020-08-25T06:31:58.135Z,buy,1.07e-06,468.0,0.0005007599999999
SNM/BTC,1598337119994,2020-08-25T06:31:59.994Z,sell,1.06e-06,283.0,0.00029998
SNM/BTC,1598337124648,2020-08-25T06:32:04.648Z,buy,1.07e-06,1845.0,0.00197415
SNM/BTC,1598337128204,2020-08-25T06:32:08.204Z,sell,1.07e-06,16650.0,0.0178154999999999
SNM/BTC,1598337152658,2020-08-25T06:32:32.658Z,buy,1.08e-06,1118.0,0.00120744
SNM/BTC,1598337152658,2020-08-25T06:32:32.658Z,buy,1.08e-06,5144.0,0.00555552
SNM/BTC,1598337157260,2020-08-25T06:32:37.260Z,sell,1.07e-06,284.0,0.0003038799999999
SNM/BTC,1598337158627,2020-08-25T06:32:38.627Z,sell,1.07e-06,284.0,0.0003038799999999
SNM/BTC,1598337159999,2020-08-25T06:32:39.999Z,sell,1.07e-06,283.0,0.00030281
SNM/BTC,1598337174991,2020-08-25T06:32:54.991Z,buy,1.08e-06,8042.0,0.00868536
SNM/BTC,1598337216530,2020-08-25T06:33:36.530Z,sell,1.07e-06,736.0,0.0007875199999999
SNM/BTC,1598337241738,2020-08-25T06:34:01.738Z,sell,1.07e-06,26061.0,0.0278852699999999
SNM/BTC,1598337241776,2020-08-25T06:34:01.776Z,sell,1.07e-06,1164.0,0.00124548
SNM/BTC,1598337241785,2020-08-25T06:34:01.785Z,sell,1.07e-06,1745.0,0.00186715
SNM/BTC,1598337241896,2020-08-25T06:34:01.896Z,sell,1.07e-06,30467.0,0.03259969
SNM/BTC,1598337242140,2020-08-25T06:34:02.140Z,sell,1.07e-06,43145.0,0.0461651499999999
SNM/BTC,1598337242199,2020-08-25T06:34:02.199Z,sell,1.07e-06,12164.0,0.01301548
SNM/BTC,1598337242242,2020-08-25T06:34:02.242Z,sell,1.07e-06,34391.0,0.03679837
SNM/BTC,1598337242526,2020-08-25T06:34:02.526Z,sell,1.07e-06,1164.0,0.00124548
SNM/BTC,1598337242529,2020-08-25T06:34:02.529Z,sell,1.07e-06,1165.0,0.00124655
SNM/BTC,1598337249115,2020-08-25T06:34:09.115Z,sell,1.07e-06,20150.0,0.0215605
SNM/BTC,1598337249927,2020-08-25T06:34:09.927Z,buy,1.08e-06,278.0,0.00030024
SNM/BTC,1598337313627,2020-08-25T06:35:13.627Z,buy,1.08e-06,94.0,0.00010152
SNM/BTC,1598337321944,2020-08-25T06:35:21.944Z,buy,1.08e-06,9259.0,0.00999972
SNM/BTC,1598337406838,2020-08-25T06:36:46.838Z,buy,1.08e-06,74074.0,0.07999992
SNM/BTC,1598337409135,2020-08-25T06:36:49.135Z,buy,1.08e-06,108.0,0.00011664
SNM/BTC,1598337420804,2020-08-25T06:37:00.804Z,buy,1.08e-06,109.0,0.00011772
SNM/BTC,1598337423908,2020-08-25T06:37:03.908Z,buy,1.08e-06,6827.0,0.00737316
SNM/BTC,1598337477791,2020-08-25T06:37:57.791Z,sell,1.07e-06,15112.0,0.0161698399999999
SNM/BTC,1598337477791,2020-08-25T06:37:57.791Z,sell,1.07e-06,6707.0,0.00717649
SNM/BTC,1598337477791,2020-08-25T06:37:57.791Z,sell,1.07e-06,6287.0,0.00672709
SNM/BTC,1598337553687,2020-08-25T06:39:13.687Z,sell,1.07e-06,140.0,0.0001497999999999
SNM/BTC,1598337773261,2020-08-25T06:42:53.261Z,sell,1.07e-06,1000.0,0.00107
SNM/BTC,1598337790579,2020-08-25T06:43:10.579Z,buy,1.08e-06,278.0,0.00030024
SNM/BTC,1598337932271,2020-08-25T06:45:32.271Z,sell,1.07e-06,9600.0,0.010272
SNM/BTC,1598337998932,2020-08-25T06:46:38.932Z,buy,1.08e-06,3666.0,0.00395928
SNM/BTC,1598337999507,2020-08-25T06:46:39.507Z,buy,1.08e-06,3700.0,0.003996
SNM/BTC,1598338045998,2020-08-25T06:47:25.998Z,buy,1.08e-06,94.0,0.00010152
SNM/BTC,1598338128933,2020-08-25T06:48:48.933Z,sell,1.07e-06,1000.0,0.00107
SNM/BTC,1598338133200,2020-08-25T06:48:53.200Z,buy,1.08e-06,2835.0,0.0030618
SNM/BTC,1598338133200,2020-08-25T06:48:53.200Z,buy,1.08e-06,2835.0,0.0030618
SNM/BTC,1598338212352,2020-08-25T06:50:12.352Z,buy,1.08e-06,278.0,0.00030024
SNM/BTC,1598338264152,2020-08-25T06:51:04.152Z,buy,1.08e-06,278.0,0.00030024
SNM/BTC,1598338314450,2020-08-25T06:51:54.450Z,sell,1.07e-06,1000.0,0.00107
SNM/BTC,1598338319957,2020-08-25T06:51:59.957Z,sell,1.07e-06,280.0,0.0002995999999999
SNM/BTC,1598338646250,2020-08-25T06:57:26.250Z,sell,1.07e-06,103.0,0.0001102099999999
SNM/BTC,1598338689383,2020-08-25T06:58:09.383Z,sell,1.07e-06,39883.0,0.0426748099999999
SNM/BTC,1598338866652,2020-08-25T07:01:06.652Z,buy,1.08e-06,278.0,0.00030024
SNM/BTC,1598338932990,2020-08-25T07:02:12.990Z,buy,1.08e-06,64465.0,0.0696222
SNM/BTC,1598339045968,2020-08-25T07:04:05.968Z,sell,1.07e-06,10000.0,0.0107
SNM/BTC,1598339089992,2020-08-25T07:04:49.992Z,sell,1.07e-06,11334.0,0.0121273799999999
SNM/BTC,1598339222236,2020-08-25T07:07:02.236Z,sell,1.07e-06,50931.0,0.05449617
SNM/BTC,1598339329784,2020-08-25T07:08:49.784Z,sell,1.07e-06,4995.0,0.0053446499999999
SNM/BTC,1598339414003,2020-08-25T07:10:14.003Z,sell,1.07e-06,99.0,0.00010593
SNM/BTC,1598339463612,2020-08-25T07:11:03.612Z,sell,1.07e-06,162360.0,0.1737252
SNM/BTC,1598339575235,2020-08-25T07:12:55.235Z,sell,1.07e-06,6855.0,0.0073348499999999
SNM/BTC,1598339599558,2020-08-25T07:13:19.558Z,sell,1.06e-06,30130.0,0.0319378
SNM/BTC,1598339638849,2020-08-25T07:13:58.849Z,sell,1.06e-06,776.0,0.00082256
SNM/BTC,1598339638867,2020-08-25T07:13:58.867Z,sell,1.06e-06,1574.0,0.00166844
SNM/BTC,1598339639014,2020-08-25T07:13:59.014Z,sell,1.06e-06,2893.0,0.00306658
SNM/BTC,1598339639031,2020-08-25T07:13:59.031Z,sell,1.06e-06,776.0,0.00082256
SNM/BTC,1598339639374,2020-08-25T07:13:59.374Z,sell,1.06e-06,776.0,0.00082256
SNM/BTC,1598339639564,2020-08-25T07:13:59.564Z,sell,1.06e-06,1931.0,0.00204686
SNM/BTC,1598339639988,2020-08-25T07:13:59.988Z,sell,1.06e-06,969.0,0.00102714
SNM/BTC,1598339640040,2020-08-25T07:14:00.040Z,sell,1.06e-06,776.0,0.00082256
SNM/BTC,1598339640499,2020-08-25T07:14:00.499Z,sell,1.06e-06,1963.0,0.00208078
SNM/BTC,1598339668470,2020-08-25T07:14:28.470Z,sell,1.06e-06,5809.0,0.00615754
SNM/BTC,1598339673800,2020-08-25T07:14:33.800Z,sell,1.06e-06,765.0,0.0008109
SNM/BTC,1598339674280,2020-08-25T07:14:34.280Z,sell,1.06e-06,574.0,0.00060844
SNM/BTC,1598339674943,2020-08-25T07:14:34.943Z,sell,1.06e-06,765.0,0.0008109
SNM/BTC,1598339675286,2020-08-25T07:14:35.286Z,sell,1.06e-06,106.0,0.00011236
SNM/BTC,1598339678818,2020-08-25T07:14:38.818Z,sell,1.06e-06,9524.0,0.01009544
SNM/BTC,1598339680842,2020-08-25T07:14:40.842Z,sell,1.06e-06,105.0,0.0001113
SNM/BTC,1598339734865,2020-08-25T07:15:34.865Z,sell,1.06e-06,9194.0,0.00974564
SNM/BTC,1598339762919,2020-08-25T07:16:02.919Z,sell,1.06e-06,13000.0,0.01378
SNM/BTC,1598339882284,2020-08-25T07:18:02.284Z,sell,1.06e-06,4807.0,0.00509542
SNM/BTC,1598339934714,2020-08-25T07:18:54.714Z,sell,1.06e-06,24399.0,0.02586294
SNM/BTC,1598339971770,2020-08-25T07:19:31.770Z,sell,1.06e-06,5913.0,0.00626778
SNM/BTC,1598340412399,2020-08-25T07:26:52.399Z,sell,1.06e-06,9670.0,0.0102502
SNM/BTC,1598340691128,2020-08-25T07:31:31.128Z,buy,1.07e-06,8064.0,0.00862848
SNM/BTC,1598340727506,2020-08-25T07:32:07.506Z,buy,1.07e-06,9346.0,0.0100002199999999
SNM/BTC,1598340838731,2020-08-25T07:33:58.731Z,buy,1.07e-06,7256.0,0.00776392
