symbol,timestamp,datetime,side,price,amount,btc_volume
SNM/BTC,1554994805486,2019-04-11T15:00:05.486Z,sell,5.48e-06,273.0,0.00149604
SNM/BTC,1554994835694,2019-04-11T15:00:35.694Z,sell,5.5e-06,289.0,0.0015895
SNM/BTC,1554994878200,2019-04-11T15:01:18.200Z,sell,5.5e-06,2507.0,0.0137885
SNM/BTC,1554994881150,2019-04-11T15:01:21.150Z,sell,5.49e-06,3312.0,0.01818288
SNM/BTC,1554995062257,2019-04-11T15:04:22.257Z,buy,5.51e-06,2898.0,0.01596798
SNM/BTC,1554995167249,2019-04-11T15:06:07.249Z,buy,5.51e-06,2265.0,0.0124801499999999
SNM/BTC,1554995167249,2019-04-11T15:06:07.249Z,buy,5.52e-06,412.0,0.00227424
SNM/BTC,1554995405252,2019-04-11T15:10:05.252Z,sell,5.5e-06,3929.0,0.0216095
SNM/BTC,1554995405252,2019-04-11T15:10:05.252Z,sell,5.49e-06,9503.0,0.05217147
SNM/BTC,1554995740050,2019-04-11T15:15:40.050Z,sell,5.51e-06,402.0,0.00221502
SNM/BTC,1554995760502,2019-04-11T15:16:00.502Z,buy,5.52e-06,1858.0,0.0102561599999999
SNM/BTC,1554995839254,2019-04-11T15:17:19.254Z,sell,5.52e-06,194.0,0.00107088
SNM/BTC,1554995887362,2019-04-11T15:18:07.362Z,buy,5.53e-06,183.0,0.00101199
SNM/BTC,1554995887644,2019-04-11T15:18:07.644Z,buy,5.53e-06,52.0,0.00028756
SNM/BTC,1554995902248,2019-04-11T15:18:22.248Z,buy,5.54e-06,8264.0,0.04578256
SNM/BTC,1554995931598,2019-04-11T15:18:51.598Z,buy,5.55e-06,359.0,0.00199245
SNM/BTC,1554995999210,2019-04-11T15:19:59.210Z,sell,5.55e-06,126.0,0.0006993
SNM/BTC,1554996007215,2019-04-11T15:20:07.215Z,sell,5.54e-06,967.0,0.00535718
SNM/BTC,1554996078752,2019-04-11T15:21:18.752Z,buy,5.56e-06,719.0,0.00399764
SNM/BTC,1554996335324,2019-04-11T15:25:35.324Z,buy,5.56e-06,781.0,0.00434236
SNM/BTC,1554996380171,2019-04-11T15:26:20.171Z,sell,5.55e-06,3099.0,0.01719945
SNM/BTC,1554996381878,2019-04-11T15:26:21.878Z,sell,5.55e-06,2101.0,0.01166055
SNM/BTC,1554996407532,2019-04-11T15:26:47.532Z,sell,5.52e-06,455.0,0.0025115999999999
SNM/BTC,1554996588870,2019-04-11T15:29:48.870Z,buy,5.55e-06,3333.0,0.01849815
SNM/BTC,1554996594505,2019-04-11T15:29:54.505Z,buy,5.55e-06,235.0,0.00130425
SNM/BTC,1554996595972,2019-04-11T15:29:55.972Z,sell,5.53e-06,235.0,0.00129955
SNM/BTC,1554996612684,2019-04-11T15:30:12.684Z,buy,5.55e-06,8926.0,0.0495393
SNM/BTC,1554996612684,2019-04-11T15:30:12.684Z,buy,5.56e-06,14620.0,0.0812872
SNM/BTC,1554996616652,2019-04-11T15:30:16.652Z,buy,5.57e-06,269.0,0.00149833
SNM/BTC,1554996617435,2019-04-11T15:30:17.435Z,buy,5.57e-06,6547.0,0.03646679
SNM/BTC,1554996617485,2019-04-11T15:30:17.485Z,sell,5.57e-06,269.0,0.00149833
SNM/BTC,1554996617545,2019-04-11T15:30:17.545Z,sell,5.53e-06,269.0,0.00148757
SNM/BTC,1554996624738,2019-04-11T15:30:24.738Z,sell,5.56e-06,1422.0,0.00790632
SNM/BTC,1554996645398,2019-04-11T15:30:45.398Z,buy,5.58e-06,1672.0,0.00932976
SNM/BTC,1554996645398,2019-04-11T15:30:45.398Z,buy,5.59e-06,36596.0,0.20457164
SNM/BTC,1554996645698,2019-04-11T15:30:45.698Z,sell,5.57e-06,481.0,0.00267917
SNM/BTC,1554996651755,2019-04-11T15:30:51.755Z,sell,5.57e-06,1814.0,0.01010398
SNM/BTC,1554996653890,2019-04-11T15:30:53.890Z,sell,5.57e-06,897.0,0.00499629
SNM/BTC,1554996653890,2019-04-11T15:30:53.890Z,sell,5.55e-06,917.0,0.00508935
SNM/BTC,1554996662383,2019-04-11T15:31:02.383Z,buy,5.57e-06,1398.0,0.00778686
SNM/BTC,1554996662383,2019-04-11T15:31:02.383Z,buy,5.58e-06,1824.0,0.01017792
SNM/BTC,1554996686710,2019-04-11T15:31:26.710Z,sell,5.58e-06,269.0,0.00150102
SNM/BTC,1554996692537,2019-04-11T15:31:32.537Z,buy,5.59e-06,1794.0,0.01002846
SNM/BTC,1554996709971,2019-04-11T15:31:49.971Z,buy,5.6e-06,5864.0,0.0328384
SNM/BTC,1554996709971,2019-04-11T15:31:49.971Z,buy,5.61e-06,10541.0,0.0591350099999999
SNM/BTC,1554996714999,2019-04-11T15:31:54.999Z,buy,5.59e-06,12330.0,0.0689246999999999
SNM/BTC,1554996714999,2019-04-11T15:31:54.999Z,buy,5.6e-06,46750.0,0.2618
SNM/BTC,1554996732225,2019-04-11T15:32:12.225Z,sell,5.58e-06,1186.0,0.00661788
SNM/BTC,1554996780389,2019-04-11T15:33:00.389Z,sell,5.58e-06,481.0,0.00268398
SNM/BTC,1554996868291,2019-04-11T15:34:28.291Z,buy,5.6e-06,1667.0,0.0093352
SNM/BTC,1554996868291,2019-04-11T15:34:28.291Z,buy,5.61e-06,12513.0,0.0701979299999999
SNM/BTC,1554996870689,2019-04-11T15:34:30.689Z,sell,5.59e-06,519.0,0.00290121
SNM/BTC,1554996870780,2019-04-11T15:34:30.780Z,sell,5.59e-06,1705.0,0.00953095
SNM/BTC,1554996870973,2019-04-11T15:34:30.973Z,sell,5.59e-06,197.0,0.00110123
SNM/BTC,1554996898030,2019-04-11T15:34:58.030Z,buy,5.59e-06,2224.0,0.01243216
SNM/BTC,1554996898030,2019-04-11T15:34:58.030Z,buy,5.6e-06,10000.0,0.0559999999999999
SNM/BTC,1554996940072,2019-04-11T15:35:40.072Z,sell,5.6e-06,9859.0,0.0552104
SNM/BTC,1554996940092,2019-04-11T15:35:40.092Z,sell,5.6e-06,6303.0,0.0352967999999999
SNM/BTC,1554996940100,2019-04-11T15:35:40.100Z,sell,5.6e-06,1778.0,0.0099568
SNM/BTC,1554996940120,2019-04-11T15:35:40.120Z,sell,5.6e-06,1090.0,0.006104
SNM/BTC,1554996945328,2019-04-11T15:35:45.328Z,sell,5.6e-06,12878.0,0.0721168
SNM/BTC,1554996945328,2019-04-11T15:35:45.328Z,sell,5.58e-06,3358.0,0.01873764
SNM/BTC,1554996990838,2019-04-11T15:36:30.838Z,sell,5.58e-06,9480.0,0.0528984
SNM/BTC,1554997012773,2019-04-11T15:36:52.773Z,buy,5.6e-06,5632.0,0.0315391999999999
SNM/BTC,1554997012773,2019-04-11T15:36:52.773Z,buy,5.61e-06,22987.0,0.1289570699999999
SNM/BTC,1554997017893,2019-04-11T15:36:57.893Z,sell,5.58e-06,10068.0,0.05617944
SNM/BTC,1554997017893,2019-04-11T15:36:57.893Z,sell,5.57e-06,494.0,0.00275158
SNM/BTC,1554997043061,2019-04-11T15:37:23.061Z,buy,5.61e-06,10068.0,0.0564814799999999
SNM/BTC,1554997047750,2019-04-11T15:37:27.750Z,buy,5.61e-06,39044.0,0.2190368399999999
SNM/BTC,1554997054832,2019-04-11T15:37:34.832Z,buy,5.6e-06,9231.0,0.0516936
SNM/BTC,1554997078293,2019-04-11T15:37:58.293Z,sell,5.61e-06,388.0,0.00217668
SNM/BTC,1554997088575,2019-04-11T15:38:08.575Z,sell,5.61e-06,715.0,0.00401115
SNM/BTC,1554997113594,2019-04-11T15:38:33.594Z,buy,5.62e-06,1779.0,0.00999798
SNM/BTC,1554997147725,2019-04-11T15:39:07.725Z,buy,5.62e-06,3194.0,0.01795028
SNM/BTC,1554997147725,2019-04-11T15:39:07.725Z,buy,5.63e-06,5395.0,0.03037385
SNM/BTC,1554997174484,2019-04-11T15:39:34.484Z,sell,5.61e-06,369.0,0.0020700899999999
SNM/BTC,1554997193994,2019-04-11T15:39:53.994Z,buy,5.62e-06,260.0,0.0014612
SNM/BTC,1554997260413,2019-04-11T15:41:00.413Z,sell,5.61e-06,4655.0,0.0261145499999999
SNM/BTC,1554997260413,2019-04-11T15:41:00.413Z,sell,5.6e-06,232.0,0.0012992
SNM/BTC,1554997260413,2019-04-11T15:41:00.413Z,sell,5.59e-06,5103.0,0.02852577
SNM/BTC,1554997265265,2019-04-11T15:41:05.265Z,sell,5.59e-06,3152.0,0.01761968
SNM/BTC,1554997265681,2019-04-11T15:41:05.681Z,sell,5.58e-06,14630.0,0.0816354
SNM/BTC,1554997266093,2019-04-11T15:41:06.093Z,sell,5.59e-06,10053.0,0.05619627
SNM/BTC,1554997266664,2019-04-11T15:41:06.664Z,sell,5.58e-06,1846.0,0.01030068
SNM/BTC,1554997383256,2019-04-11T15:43:03.256Z,sell,5.58e-06,2830.0,0.0157914
SNM/BTC,1554997389115,2019-04-11T15:43:09.115Z,sell,5.58e-06,2241.0,0.01250478
SNM/BTC,1554997608931,2019-04-11T15:46:48.931Z,buy,5.6e-06,595.0,0.003332
SNM/BTC,1554997619461,2019-04-11T15:46:59.461Z,sell,5.58e-06,352.0,0.00196416
SNM/BTC,1554997664790,2019-04-11T15:47:44.790Z,sell,5.58e-06,26635.0,0.1486232999999999
SNM/BTC,1554997664790,2019-04-11T15:47:44.790Z,sell,5.57e-06,11637.0,0.06481809
SNM/BTC,1554997666457,2019-04-11T15:47:46.457Z,sell,5.56e-06,481.0,0.00267436
SNM/BTC,1554997666560,2019-04-11T15:47:46.560Z,sell,5.56e-06,1100.0,0.006116
SNM/BTC,1554997666971,2019-04-11T15:47:46.971Z,sell,5.56e-06,962.0,0.00534872
SNM/BTC,1554997667558,2019-04-11T15:47:47.558Z,sell,5.56e-06,398.0,0.00221288
SNM/BTC,1554997668087,2019-04-11T15:47:48.087Z,sell,5.56e-06,1414.0,0.00786184
SNM/BTC,1554997670496,2019-04-11T15:47:50.496Z,sell,5.56e-06,31363.0,0.17437828
SNM/BTC,1554997670543,2019-04-11T15:47:50.543Z,buy,5.56e-06,363.0,0.00201828
SNM/BTC,1554997672633,2019-04-11T15:47:52.633Z,sell,5.55e-06,1641.0,0.00910755
SNM/BTC,1554997968047,2019-04-11T15:52:48.047Z,sell,5.55e-06,3330.0,0.0184815
SNM/BTC,1554997994144,2019-04-11T15:53:14.144Z,sell,5.55e-06,234.0,0.0012987
SNM/BTC,1554997994144,2019-04-11T15:53:14.144Z,sell,5.54e-06,8702.0,0.04820908
SNM/BTC,1554998237289,2019-04-11T15:57:17.289Z,sell,5.54e-06,5796.0,0.03210984
SNM/BTC,1554998265579,2019-04-11T15:57:45.579Z,sell,5.55e-06,1704.0,0.0094572
SNM/BTC,1554998292599,2019-04-11T15:58:12.599Z,buy,5.53e-06,258.0,0.00142674
SNM/BTC,1554998371769,2019-04-11T15:59:31.769Z,sell,5.52e-06,11521.0,0.06359592
SNM/BTC,1554998371769,2019-04-11T15:59:31.769Z,sell,5.52e-06,11521.0,0.06359592
SNM/BTC,1554998402004,2019-04-11T16:00:02.004Z,buy,5.52e-06,4523.0,0.02496696
SNM/BTC,1554998406646,2019-04-11T16:00:06.646Z,buy,5.56e-06,223.0,0.00123988
SNM/BTC,1554998415800,2019-04-11T16:00:15.800Z,sell,5.56e-06,856.0,0.00475936
SNM/BTC,1554998415800,2019-04-11T16:00:15.800Z,sell,5.55e-06,5383.0,0.02987565
SNM/BTC,1554998415800,2019-04-11T16:00:15.800Z,sell,5.54e-06,20.0,0.0001108
SNM/BTC,1554998503046,2019-04-11T16:01:43.046Z,buy,5.57e-06,233.0,0.00129781
SNM/BTC,1554998503313,2019-04-11T16:01:43.313Z,sell,5.57e-06,1.0,5.57e-06
SNM/BTC,1554998504476,2019-04-11T16:01:44.476Z,sell,5.55e-06,234.0,0.0012987
SNM/BTC,1554998508520,2019-04-11T16:01:48.520Z,buy,5.57e-06,3052.0,0.01699964
SNM/BTC,1554998538939,2019-04-11T16:02:18.939Z,buy,5.57e-06,1796.0,0.01000372
SNM/BTC,1554998568281,2019-04-11T16:02:48.281Z,buy,5.57e-06,359.0,0.00199963
SNM/BTC,1554999264457,2019-04-11T16:14:24.457Z,sell,5.55e-06,3929.0,0.02180595
SNM/BTC,1554999325818,2019-04-11T16:15:25.818Z,sell,5.55e-06,24433.0,0.13560315
SNM/BTC,1554999326746,2019-04-11T16:15:26.746Z,sell,5.53e-06,13759.0,0.07608727
SNM/BTC,1554999327697,2019-04-11T16:15:27.697Z,sell,5.52e-06,1758.0,0.00970416
SNM/BTC,1554999452123,2019-04-11T16:17:32.123Z,sell,5.51e-06,1000.0,0.00551
SNM/BTC,1554999583863,2019-04-11T16:19:43.863Z,sell,5.51e-06,236.0,0.00130036
SNM/BTC,1554999583863,2019-04-11T16:19:43.863Z,sell,5.5e-06,1560.0,0.0085799999999999
SNM/BTC,1554999620832,2019-04-11T16:20:20.832Z,buy,5.54e-06,541.0,0.00299714
SNM/BTC,1554999827943,2019-04-11T16:23:47.943Z,buy,5.52e-06,235.0,0.0012971999999999
SNM/BTC,1555000118938,2019-04-11T16:28:38.938Z,buy,5.51e-06,535.0,0.0029478499999999
SNM/BTC,1555000198109,2019-04-11T16:29:58.109Z,buy,5.52e-06,235.0,0.0012971999999999
SNM/BTC,1555000210487,2019-04-11T16:30:10.487Z,sell,5.5e-06,1844.0,0.010142
SNM/BTC,1555000210487,2019-04-11T16:30:10.487Z,sell,5.49e-06,1928.0,0.01058472
SNM/BTC,1555000325286,2019-04-11T16:32:05.286Z,buy,5.52e-06,183.0,0.00101016
SNM/BTC,1555000399030,2019-04-11T16:33:19.030Z,sell,5.5e-06,8331.0,0.0458205
SNM/BTC,1555000399052,2019-04-11T16:33:19.052Z,sell,5.5e-06,9540.0,0.0524699999999999
SNM/BTC,1555000399082,2019-04-11T16:33:19.082Z,sell,5.5e-06,1338.0,0.007359
SNM/BTC,1555000399088,2019-04-11T16:33:19.088Z,sell,5.5e-06,2892.0,0.015906
SNM/BTC,1555000399088,2019-04-11T16:33:19.088Z,sell,5.49e-06,1338.0,0.00734562
SNM/BTC,1555000399175,2019-04-11T16:33:19.175Z,sell,5.49e-06,4230.0,0.0232227
SNM/BTC,1555000404824,2019-04-11T16:33:24.824Z,buy,5.52e-06,1449.0,0.0079984799999999
SNM/BTC,1555000405558,2019-04-11T16:33:25.558Z,buy,5.55e-06,1441.0,0.00799755
SNM/BTC,1555000437292,2019-04-11T16:33:57.292Z,sell,5.51e-06,1000.0,0.00551
SNM/BTC,1555000554493,2019-04-11T16:35:54.493Z,buy,5.53e-06,11573.0,0.06399869
SNM/BTC,1555001408818,2019-04-11T16:50:08.818Z,buy,5.55e-06,385.0,0.00213675
SNM/BTC,1555001652800,2019-04-11T16:54:12.800Z,buy,5.55e-06,373.0,0.00207015
SNM/BTC,1555001652800,2019-04-11T16:54:12.800Z,buy,5.56e-06,1428.0,0.00793968
SNM/BTC,1555001653168,2019-04-11T16:54:13.168Z,sell,5.55e-06,444.0,0.0024642
SNM/BTC,1555001653299,2019-04-11T16:54:13.299Z,sell,5.55e-06,363.0,0.00201465
SNM/BTC,1555001710430,2019-04-11T16:55:10.430Z,sell,5.55e-06,295.0,0.00163725
SNM/BTC,1555001730538,2019-04-11T16:55:30.538Z,buy,5.57e-06,1582.0,0.00881174
SNM/BTC,1555001730538,2019-04-11T16:55:30.538Z,buy,5.58e-06,213.0,0.00118854
SNM/BTC,1555001789621,2019-04-11T16:56:29.621Z,buy,5.57e-06,1795.0,0.00999815
SNM/BTC,1555001789621,2019-04-11T16:56:29.621Z,buy,5.57e-06,1795.0,0.00999815
SNM/BTC,1555002049144,2019-04-11T17:00:49.144Z,buy,5.57e-06,17953.0,0.09999821
SNM/BTC,1555002052728,2019-04-11T17:00:52.728Z,buy,5.57e-06,2361.0,0.01315077
SNM/BTC,1555002071395,2019-04-11T17:01:11.395Z,buy,5.59e-06,6606.0,0.03692754
SNM/BTC,1555002125703,2019-04-11T17:02:05.703Z,sell,5.57e-06,5219.0,0.02906983
SNM/BTC,1555002125703,2019-04-11T17:02:05.703Z,sell,5.56e-06,4454.0,0.02476424
SNM/BTC,1555002125703,2019-04-11T17:02:05.703Z,sell,5.55e-06,8027.0,0.04454985
SNM/BTC,1555002125703,2019-04-11T17:02:05.703Z,sell,5.54e-06,235.0,0.0013019
SNM/BTC,1555002156614,2019-04-11T17:02:36.614Z,buy,5.57e-06,421.0,0.00234497
SNM/BTC,1555002156614,2019-04-11T17:02:36.614Z,buy,5.58e-06,3579.0,0.01997082
SNM/BTC,1555002159264,2019-04-11T17:02:39.264Z,sell,5.55e-06,307.0,0.00170385
SNM/BTC,1555002219248,2019-04-11T17:03:39.248Z,sell,5.55e-06,1776.0,0.0098568
SNM/BTC,1555002227742,2019-04-11T17:03:47.742Z,buy,5.58e-06,1024.0,0.00571392
SNM/BTC,1555002455991,2019-04-11T17:07:35.991Z,buy,5.58e-06,1792.0,0.00999936
SNM/BTC,1555002770883,2019-04-11T17:12:50.883Z,buy,5.56e-06,242.0,0.00134552
SNM/BTC,1555002780886,2019-04-11T17:13:00.886Z,buy,5.56e-06,242.0,0.00134552
SNM/BTC,1555003384358,2019-04-11T17:23:04.358Z,buy,5.58e-06,1792.0,0.00999936
SNM/BTC,1555003415718,2019-04-11T17:23:35.718Z,sell,5.56e-06,1470.0,0.0081732
SNM/BTC,1555003483210,2019-04-11T17:24:43.210Z,buy,5.58e-06,127.0,0.00070866
SNM/BTC,1555003628169,2019-04-11T17:27:08.169Z,buy,5.58e-06,795.0,0.0044361
SNM/BTC,1555003628169,2019-04-11T17:27:08.169Z,buy,5.59e-06,19.0,0.00010621
SNM/BTC,1555003809100,2019-04-11T17:30:09.100Z,sell,5.57e-06,1444.0,0.00804308
SNM/BTC,1555003834256,2019-04-11T17:30:34.256Z,buy,5.6e-06,715.0,0.004004
SNM/BTC,1555003854974,2019-04-11T17:30:54.974Z,sell,5.59e-06,361.0,0.00201799
SNM/BTC,1555004103822,2019-04-11T17:35:03.822Z,sell,5.59e-06,614.0,0.00343226
SNM/BTC,1555004127919,2019-04-11T17:35:27.919Z,sell,5.59e-06,193.0,0.00107887
SNM/BTC,1555004218908,2019-04-11T17:36:58.908Z,buy,5.6e-06,321.0,0.0017976
SNM/BTC,1555004254100,2019-04-11T17:37:34.100Z,buy,5.6e-06,993.0,0.0055607999999999
SNM/BTC,1555004254568,2019-04-11T17:37:34.568Z,sell,5.6e-06,1176.0,0.0065856
SNM/BTC,1555004293510,2019-04-11T17:38:13.510Z,sell,5.6e-06,1036.0,0.0058016
SNM/BTC,1555004296519,2019-04-11T17:38:16.519Z,sell,5.6e-06,241.0,0.0013495999999999
SNM/BTC,1555004305850,2019-04-11T17:38:25.850Z,buy,5.6e-06,241.0,0.0013495999999999
SNM/BTC,1555004363839,2019-04-11T17:39:23.839Z,sell,5.59e-06,3014.0,0.01684826
SNM/BTC,1555004385515,2019-04-11T17:39:45.515Z,sell,5.59e-06,3208.0,0.01793272
SNM/BTC,1555004813282,2019-04-11T17:46:53.282Z,sell,5.59e-06,3329.0,0.0186091099999999
SNM/BTC,1555004813282,2019-04-11T17:46:53.282Z,sell,5.58e-06,5226.0,0.02916108
SNM/BTC,1555004813282,2019-04-11T17:46:53.282Z,sell,5.57e-06,16509.0,0.09195513
SNM/BTC,1555004813294,2019-04-11T17:46:53.294Z,buy,5.57e-06,5210.0,0.0290197
SNM/BTC,1555004813304,2019-04-11T17:46:53.304Z,buy,5.57e-06,5210.0,0.0290197
SNM/BTC,1555004813304,2019-04-11T17:46:53.304Z,buy,5.57e-06,1537.0,0.00856109
SNM/BTC,1555004816612,2019-04-11T17:46:56.612Z,sell,5.56e-06,3329.0,0.01850924
SNM/BTC,1555004833068,2019-04-11T17:47:13.068Z,sell,5.56e-06,11561.0,0.06427916
SNM/BTC,1555004920134,2019-04-11T17:48:40.134Z,buy,5.58e-06,8287.0,0.04624146
SNM/BTC,1555004920134,2019-04-11T17:48:40.134Z,buy,5.59e-06,12517.0,0.06997003
SNM/BTC,1555004920134,2019-04-11T17:48:40.134Z,buy,5.6e-06,13512.0,0.0756671999999999
SNM/BTC,1555004920134,2019-04-11T17:48:40.134Z,buy,5.61e-06,22205.0,0.1245700499999999
SNM/BTC,1555005007713,2019-04-11T17:50:07.713Z,sell,5.61e-06,3121.0,0.01750881
SNM/BTC,1555005059093,2019-04-11T17:50:59.093Z,sell,5.61e-06,269.0,0.0015090899999999
SNM/BTC,1555005059356,2019-04-11T17:50:59.356Z,sell,5.61e-06,15089.0,0.0846492899999999
SNM/BTC,1555005206693,2019-04-11T17:53:26.693Z,sell,5.58e-06,2678.0,0.01494324
SNM/BTC,1555005206693,2019-04-11T17:53:26.693Z,sell,5.58e-06,2678.0,0.01494324
SNM/BTC,1555005596563,2019-04-11T17:59:56.563Z,sell,5.58e-06,7390.0,0.0412362
SNM/BTC,1555005764534,2019-04-11T18:02:44.534Z,buy,5.61e-06,357.0,0.00200277
SNM/BTC,1555005773618,2019-04-11T18:02:53.618Z,sell,5.59e-06,358.0,0.0020012199999999
SNM/BTC,1555005785116,2019-04-11T18:03:05.116Z,buy,5.59e-06,268.0,0.00149812
SNM/BTC,1555005808279,2019-04-11T18:03:28.279Z,buy,5.59e-06,268.0,0.00149812
SNM/BTC,1555005852618,2019-04-11T18:04:12.618Z,buy,5.59e-06,2276.0,0.01272284
SNM/BTC,1555006218071,2019-04-11T18:10:18.071Z,sell,5.59e-06,179.0,0.0010006099999999
SNM/BTC,1555006380000,2019-04-11T18:13:00.000Z,buy,5.61e-06,1782.0,0.0099970199999999
SNM/BTC,1555006547959,2019-04-11T18:15:47.959Z,buy,5.61e-06,352.0,0.0019747199999999
SNM/BTC,1555006884014,2019-04-11T18:21:24.014Z,buy,5.61e-06,356.0,0.00199716
SNM/BTC,1555007340291,2019-04-11T18:29:00.291Z,sell,5.59e-06,342.0,0.0019117799999999
SNM/BTC,1555007517479,2019-04-11T18:31:57.479Z,sell,5.59e-06,5170.0,0.0289003
SNM/BTC,1555007517479,2019-04-11T18:31:57.479Z,sell,5.58e-06,10780.0,0.0601524
SNM/BTC,1555007517533,2019-04-11T18:31:57.533Z,buy,5.61e-06,30.0,0.0001683
SNM/BTC,1555007684680,2019-04-11T18:34:44.680Z,sell,5.58e-06,557.0,0.00310806
SNM/BTC,1555007685189,2019-04-11T18:34:45.189Z,buy,5.61e-06,473.0,0.00265353
SNM/BTC,1555008485791,2019-04-11T18:48:05.791Z,sell,5.59e-06,1795.0,0.01003405
SNM/BTC,1555008565876,2019-04-11T18:49:25.876Z,buy,5.6e-06,195.0,0.0010919999999999
SNM/BTC,1555008660393,2019-04-11T18:51:00.393Z,buy,5.6e-06,4666.0,0.0261296
SNM/BTC,1555008661353,2019-04-11T18:51:01.353Z,sell,5.6e-06,788.0,0.0044128
SNM/BTC,1555008763698,2019-04-11T18:52:43.698Z,sell,5.58e-06,3074.0,0.01715292
SNM/BTC,1555008763698,2019-04-11T18:52:43.698Z,sell,5.58e-06,3074.0,0.01715292
SNM/BTC,1555008913871,2019-04-11T18:55:13.871Z,buy,5.59e-06,1743.0,0.00974337
SNM/BTC,1555009279429,2019-04-11T19:01:19.429Z,buy,5.6e-06,650.0,0.00364
SNM/BTC,1555009887140,2019-04-11T19:11:27.140Z,buy,5.61e-06,901.0,0.0050546099999999
SNM/BTC,1555010052650,2019-04-11T19:14:12.650Z,sell,5.58e-06,1902.0,0.01061316
SNM/BTC,1555010382153,2019-04-11T19:19:42.153Z,buy,5.61e-06,5593.0,0.03137673
SNM/BTC,1555010588416,2019-04-11T19:23:08.416Z,sell,5.6e-06,6057.0,0.0339192
SNM/BTC,1555010805046,2019-04-11T19:26:45.046Z,buy,5.61e-06,785.0,0.00440385
SNM/BTC,1555010805046,2019-04-11T19:26:45.046Z,buy,5.62e-06,3715.0,0.0208783
SNM/BTC,1555011655317,2019-04-11T19:40:55.317Z,sell,5.6e-06,598.0,0.0033488
SNM/BTC,1555011871711,2019-04-11T19:44:31.711Z,buy,5.62e-06,179.0,0.00100598
SNM/BTC,1555011871711,2019-04-11T19:44:31.711Z,buy,5.63e-06,207.0,0.00116541
SNM/BTC,1555012180880,2019-04-11T19:49:40.880Z,buy,5.63e-06,449.0,0.00252787
SNM/BTC,1555012240272,2019-04-11T19:50:40.272Z,buy,5.62e-06,228.0,0.00128136
SNM/BTC,1555012240272,2019-04-11T19:50:40.272Z,buy,5.62e-06,228.0,0.00128136
SNM/BTC,1555012544772,2019-04-11T19:55:44.772Z,buy,5.62e-06,807.0,0.00453534
SNM/BTC,1555012544891,2019-04-11T19:55:44.891Z,buy,5.62e-06,1779.0,0.00999798
SNM/BTC,1555012545210,2019-04-11T19:55:45.210Z,buy,5.62e-06,2246.0,0.01262252
SNM/BTC,1555012546358,2019-04-11T19:55:46.358Z,buy,5.62e-06,1779.0,0.00999798
SNM/BTC,1555012642766,2019-04-11T19:57:22.766Z,sell,5.6e-06,486.0,0.0027216
SNM/BTC,1555012928848,2019-04-11T20:02:08.848Z,buy,5.63e-06,2472.0,0.01391736
SNM/BTC,1555013369928,2019-04-11T20:09:29.928Z,sell,5.6e-06,3000.0,0.0168
SNM/BTC,1555013752156,2019-04-11T20:15:52.156Z,sell,5.61e-06,179.0,0.0010041899999999
SNM/BTC,1555013752413,2019-04-11T20:15:52.413Z,sell,5.61e-06,8388.0,0.04705668
SNM/BTC,1555013841326,2019-04-11T20:17:21.326Z,buy,5.61e-06,1105.0,0.0061990499999999
SNM/BTC,1555014039446,2019-04-11T20:20:39.446Z,buy,5.61e-06,1746.0,0.00979506
SNM/BTC,1555014055760,2019-04-11T20:20:55.760Z,sell,5.6e-06,1096.0,0.0061376
SNM/BTC,1555015008332,2019-04-11T20:36:48.332Z,sell,5.6e-06,1079.0,0.0060424
SNM/BTC,1555015186829,2019-04-11T20:39:46.829Z,sell,5.6e-06,15346.0,0.0859376
SNM/BTC,1555015187372,2019-04-11T20:39:47.372Z,sell,5.59e-06,233.0,0.00130247
SNM/BTC,1555015187871,2019-04-11T20:39:47.871Z,sell,5.58e-06,535.0,0.0029852999999999
SNM/BTC,1555015191376,2019-04-11T20:39:51.376Z,sell,5.58e-06,2772.0,0.01546776
SNM/BTC,1555015191628,2019-04-11T20:39:51.628Z,sell,5.57e-06,1334.0,0.00743038
SNM/BTC,1555015194378,2019-04-11T20:39:54.378Z,sell,5.56e-06,9316.0,0.05179696
SNM/BTC,1555015194447,2019-04-11T20:39:54.447Z,buy,5.56e-06,1103.0,0.00613268
SNM/BTC,1555015194447,2019-04-11T20:39:54.447Z,buy,5.56e-06,1107.0,0.00615492
SNM/BTC,1555015194652,2019-04-11T20:39:54.652Z,buy,5.56e-06,3273.0,0.01819788
SNM/BTC,1555015206657,2019-04-11T20:40:06.657Z,buy,5.57e-06,115.0,0.00064055
SNM/BTC,1555015208265,2019-04-11T20:40:08.265Z,sell,5.57e-06,232.0,0.00129224
SNM/BTC,1555015218490,2019-04-11T20:40:18.490Z,buy,5.57e-06,10344.0,0.05761608
SNM/BTC,1555015256141,2019-04-11T20:40:56.141Z,sell,5.56e-06,65330.0,0.3632348
SNM/BTC,1555015417566,2019-04-11T20:43:37.566Z,buy,5.57e-06,10680.0,0.0594876
SNM/BTC,1555015450304,2019-04-11T20:44:10.304Z,sell,5.56e-06,24780.0,0.1377768
SNM/BTC,1555015510664,2019-04-11T20:45:10.664Z,sell,5.56e-06,5931.0,0.03297636
SNM/BTC,1555015511740,2019-04-11T20:45:11.740Z,sell,5.55e-06,1105.0,0.00613275
SNM/BTC,1555015535644,2019-04-11T20:45:35.644Z,sell,5.56e-06,1704.0,0.00947424
SNM/BTC,1555015535644,2019-04-11T20:45:35.644Z,sell,5.55e-06,63400.0,0.35187
SNM/BTC,1555015546265,2019-04-11T20:45:46.265Z,buy,5.58e-06,708.0,0.00395064
SNM/BTC,1555015547034,2019-04-11T20:45:47.034Z,buy,5.58e-06,1099.0,0.0061324199999999
SNM/BTC,1555015549026,2019-04-11T20:45:49.026Z,sell,5.55e-06,1709.0,0.00948495
SNM/BTC,1555015692914,2019-04-11T20:48:12.914Z,sell,5.55e-06,295.0,0.00163725
SNM/BTC,1555015692914,2019-04-11T20:48:12.914Z,sell,5.55e-06,295.0,0.00163725
SNM/BTC,1555015987717,2019-04-11T20:53:07.717Z,buy,5.58e-06,2000.0,0.01116
SNM/BTC,1555016218306,2019-04-11T20:56:58.306Z,buy,5.59e-06,200.0,0.001118
SNM/BTC,1555016447553,2019-04-11T21:00:47.553Z,sell,5.55e-06,588.0,0.0032634
SNM/BTC,1555016448993,2019-04-11T21:00:48.993Z,sell,5.55e-06,1099.0,0.00609945
SNM/BTC,1555016518188,2019-04-11T21:01:58.188Z,buy,5.58e-06,677.0,0.00377766
SNM/BTC,1555016518876,2019-04-11T21:01:58.876Z,buy,5.58e-06,1093.0,0.00609894
SNM/BTC,1555016577852,2019-04-11T21:02:57.852Z,sell,5.55e-06,2000.0,0.0111
SNM/BTC,1555016798314,2019-04-11T21:06:38.314Z,buy,5.58e-06,200.0,0.001116
SNM/BTC,1555016808214,2019-04-11T21:06:48.214Z,buy,5.58e-06,200.0,0.001116
SNM/BTC,1555017007595,2019-04-11T21:10:07.595Z,sell,5.56e-06,1441.0,0.00801196
SNM/BTC,1555017256412,2019-04-11T21:14:16.412Z,sell,5.56e-06,286.0,0.00159016
SNM/BTC,1555017741566,2019-04-11T21:22:21.566Z,sell,5.57e-06,1806.0,0.01005942
SNM/BTC,1555017788646,2019-04-11T21:23:08.646Z,sell,5.57e-06,194.0,0.00108058
SNM/BTC,1555017842906,2019-04-11T21:24:02.906Z,sell,5.56e-06,591.0,0.00328596
SNM/BTC,1555018107692,2019-04-11T21:28:27.692Z,buy,5.57e-06,14509.0,0.08081513
SNM/BTC,1555018108244,2019-04-11T21:28:28.244Z,buy,5.57e-06,671.0,0.00373747
SNM/BTC,1555018129343,2019-04-11T21:28:49.343Z,sell,5.56e-06,4400.0,0.024464
SNM/BTC,1555018148827,2019-04-11T21:29:08.827Z,sell,5.56e-06,1013.0,0.00563228
SNM/BTC,1555018201449,2019-04-11T21:30:01.449Z,buy,5.57e-06,1153.0,0.00642221
SNM/BTC,1555018261535,2019-04-11T21:31:01.535Z,buy,5.57e-06,851.0,0.00474007
SNM/BTC,1555018417286,2019-04-11T21:33:37.286Z,sell,5.56e-06,518.0,0.00288008
SNM/BTC,1555018711160,2019-04-11T21:38:31.160Z,buy,5.58e-06,861.0,0.00480438
SNM/BTC,1555018711162,2019-04-11T21:38:31.162Z,buy,5.58e-06,1099.0,0.0061324199999999
SNM/BTC,1555018775884,2019-04-11T21:39:35.884Z,buy,5.58e-06,277.0,0.00154566
SNM/BTC,1555018775917,2019-04-11T21:39:35.917Z,buy,5.58e-06,2478.0,0.01382724
SNM/BTC,1555018804138,2019-04-11T21:40:04.138Z,buy,5.58e-06,859.0,0.00479322
SNM/BTC,1555018818805,2019-04-11T21:40:18.805Z,buy,5.58e-06,4265.0,0.0237987
SNM/BTC,1555018818812,2019-04-11T21:40:18.812Z,buy,5.58e-06,441.0,0.00246078
SNM/BTC,1555018818812,2019-04-11T21:40:18.812Z,buy,5.59e-06,3770.0,0.0210743
SNM/BTC,1555018818836,2019-04-11T21:40:18.836Z,buy,5.59e-06,2478.0,0.01385202
SNM/BTC,1555018818836,2019-04-11T21:40:18.836Z,buy,5.59e-06,2478.0,0.01385202
SNM/BTC,1555019377275,2019-04-11T21:49:37.275Z,sell,5.56e-06,16373.0,0.09103388
SNM/BTC,1555019392403,2019-04-11T21:49:52.403Z,sell,5.56e-06,300.0,0.001668
SNM/BTC,1555019524008,2019-04-11T21:52:04.008Z,sell,5.56e-06,5944.0,0.03304864
SNM/BTC,1555019524008,2019-04-11T21:52:04.008Z,sell,5.55e-06,10162.0,0.0563991
SNM/BTC,1555019524008,2019-04-11T21:52:04.008Z,sell,5.54e-06,10198.0,0.05649692
SNM/BTC,1555019524008,2019-04-11T21:52:04.008Z,sell,5.53e-06,20420.0,0.1129226
SNM/BTC,1555019524008,2019-04-11T21:52:04.008Z,sell,5.52e-06,3276.0,0.01808352
SNM/BTC,1555019665841,2019-04-11T21:54:25.841Z,buy,5.56e-06,219.0,0.00121764
SNM/BTC,1555019748792,2019-04-11T21:55:48.792Z,buy,5.55e-06,200.0,0.00111
SNM/BTC,1555019763472,2019-04-11T21:56:03.472Z,buy,5.55e-06,1816.0,0.0100788
SNM/BTC,1555019835974,2019-04-11T21:57:15.974Z,buy,5.55e-06,590.0,0.0032745
SNM/BTC,1555020067822,2019-04-11T22:01:07.822Z,buy,5.55e-06,1361.0,0.00755355
SNM/BTC,1555020122956,2019-04-11T22:02:02.956Z,buy,5.54e-06,1274.0,0.00705796
SNM/BTC,1555020165316,2019-04-11T22:02:45.316Z,sell,5.52e-06,5598.0,0.0309009599999999
SNM/BTC,1555020165316,2019-04-11T22:02:45.316Z,sell,5.51e-06,2378.0,0.01310278
SNM/BTC,1555020165316,2019-04-11T22:02:45.316Z,sell,5.5e-06,2368.0,0.0130239999999999
SNM/BTC,1555020165316,2019-04-11T22:02:45.316Z,sell,5.51e-06,400.0,0.002204
SNM/BTC,1555020165316,2019-04-11T22:02:45.316Z,sell,5.5e-06,1335.0,0.0073425
SNM/BTC,1555020165335,2019-04-11T22:02:45.335Z,buy,5.5e-06,7310.0,0.040205
SNM/BTC,1555020169368,2019-04-11T22:02:49.368Z,sell,5.51e-06,417.0,0.00229767
SNM/BTC,1555020169368,2019-04-11T22:02:49.368Z,sell,5.5e-06,3791.0,0.0208505
SNM/BTC,1555020249224,2019-04-11T22:04:09.224Z,sell,5.5e-06,10680.0,0.05874
SNM/BTC,1555020274808,2019-04-11T22:04:34.808Z,sell,5.5e-06,2677.0,0.0147235
SNM/BTC,1555020315997,2019-04-11T22:05:15.997Z,sell,5.5e-06,16482.0,0.090651
SNM/BTC,1555020318858,2019-04-11T22:05:18.858Z,sell,5.49e-06,292.0,0.00160308
SNM/BTC,1555020318858,2019-04-11T22:05:18.858Z,sell,5.48e-06,1862.0,0.01020376
SNM/BTC,1555020318907,2019-04-11T22:05:18.907Z,sell,5.49e-06,473.0,0.00259677
SNM/BTC,1555020318907,2019-04-11T22:05:18.907Z,sell,5.48e-06,950.0,0.005206
SNM/BTC,1555020320253,2019-04-11T22:05:20.253Z,sell,5.48e-06,2154.0,0.01180392
SNM/BTC,1555020321852,2019-04-11T22:05:21.852Z,buy,5.5e-06,909.0,0.0049995
SNM/BTC,1555020324140,2019-04-11T22:05:24.140Z,sell,5.48e-06,715.0,0.0039182
SNM/BTC,1555020331676,2019-04-11T22:05:31.676Z,sell,5.48e-06,2057.0,0.01127236
SNM/BTC,1555020344103,2019-04-11T22:05:44.103Z,sell,5.48e-06,6858.0,0.03758184
SNM/BTC,1555020424064,2019-04-11T22:07:04.064Z,buy,5.5e-06,272.0,0.001496
SNM/BTC,1555020424100,2019-04-11T22:07:04.100Z,buy,5.5e-06,272.0,0.001496
SNM/BTC,1555020426262,2019-04-11T22:07:06.262Z,buy,5.5e-06,67.0,0.0003685
SNM/BTC,1555020426262,2019-04-11T22:07:06.262Z,buy,5.51e-06,413.0,0.00227563
SNM/BTC,1555020426545,2019-04-11T22:07:06.545Z,buy,5.51e-06,290.0,0.0015979
SNM/BTC,1555020426671,2019-04-11T22:07:06.671Z,buy,5.51e-06,336.0,0.0018513599999999
SNM/BTC,1555020428480,2019-04-11T22:07:08.480Z,buy,5.51e-06,415.0,0.00228665
SNM/BTC,1555020429304,2019-04-11T22:07:09.304Z,buy,5.51e-06,613.0,0.00337763
SNM/BTC,1555020433517,2019-04-11T22:07:13.517Z,buy,5.51e-06,1904.0,0.01049104
SNM/BTC,1555020433976,2019-04-11T22:07:13.976Z,buy,5.51e-06,845.0,0.00465595
SNM/BTC,1555020436692,2019-04-11T22:07:16.692Z,buy,5.51e-06,279.0,0.00153729
SNM/BTC,1555020439033,2019-04-11T22:07:19.033Z,buy,5.51e-06,290.0,0.0015979
SNM/BTC,1555020452708,2019-04-11T22:07:32.708Z,buy,5.51e-06,319.0,0.00175769
SNM/BTC,1555020649837,2019-04-11T22:10:49.837Z,sell,5.48e-06,454.0,0.00248792
SNM/BTC,1555020904306,2019-04-11T22:15:04.306Z,buy,5.5e-06,1014.0,0.0055769999999999
SNM/BTC,1555020994128,2019-04-11T22:16:34.128Z,buy,5.5e-06,475.0,0.0026125
SNM/BTC,1555021287055,2019-04-11T22:21:27.055Z,buy,5.53e-06,10665.0,0.05897745
SNM/BTC,1555021859144,2019-04-11T22:30:59.144Z,buy,5.52e-06,550.0,0.0030359999999999
SNM/BTC,1555021869783,2019-04-11T22:31:09.783Z,sell,5.5e-06,182.0,0.001001
SNM/BTC,1555021869783,2019-04-11T22:31:09.783Z,sell,5.49e-06,840.0,0.0046115999999999
SNM/BTC,1555021871585,2019-04-11T22:31:11.585Z,sell,5.5e-06,268.0,0.001474
SNM/BTC,1555022038712,2019-04-11T22:33:58.712Z,buy,5.51e-06,583.0,0.00321233
SNM/BTC,1555022038712,2019-04-11T22:33:58.712Z,buy,5.51e-06,583.0,0.00321233
SNM/BTC,1555022427666,2019-04-11T22:40:27.666Z,buy,5.52e-06,2329.0,0.0128560799999999
SNM/BTC,1555022461048,2019-04-11T22:41:01.048Z,buy,5.53e-06,1222.0,0.00675766
SNM/BTC,1555022646215,2019-04-11T22:44:06.215Z,buy,5.53e-06,9112.0,0.05038936
SNM/BTC,1555022682416,2019-04-11T22:44:42.416Z,buy,5.53e-06,8926.0,0.04936078
SNM/BTC,1555022701364,2019-04-11T22:45:01.364Z,buy,5.54e-06,2909.0,0.01611586
SNM/BTC,1555022757881,2019-04-11T22:45:57.881Z,buy,5.55e-06,12351.0,0.06854805
SNM/BTC,1555022757909,2019-04-11T22:45:57.909Z,sell,5.55e-06,1570.0,0.0087135
SNM/BTC,1555022831829,2019-04-11T22:47:11.829Z,sell,5.55e-06,235.0,0.00130425
SNM/BTC,1555022834050,2019-04-11T22:47:14.050Z,buy,5.56e-06,5054.0,0.02810024
SNM/BTC,1555022834083,2019-04-11T22:47:14.083Z,sell,5.56e-06,2287.0,0.01271572
SNM/BTC,1555022834088,2019-04-11T22:47:14.088Z,sell,5.56e-06,8240.0,0.0458144
SNM/BTC,1555022834139,2019-04-11T22:47:14.139Z,sell,5.56e-06,2348.0,0.01305488
SNM/BTC,1555022834168,2019-04-11T22:47:14.168Z,sell,5.55e-06,2002.0,0.0111111
SNM/BTC,1555022834168,2019-04-11T22:47:14.168Z,sell,5.53e-06,895.0,0.00494935
SNM/BTC,1555022834168,2019-04-11T22:47:14.168Z,sell,5.52e-06,6514.0,0.03595728
SNM/BTC,1555022848822,2019-04-11T22:47:28.822Z,buy,5.55e-06,367.0,0.00203685
SNM/BTC,1555022918655,2019-04-11T22:48:38.655Z,sell,5.53e-06,235.0,0.00129955
SNM/BTC,1555023052289,2019-04-11T22:50:52.289Z,sell,5.53e-06,484.0,0.00267652
SNM/BTC,1555023662525,2019-04-11T23:01:02.525Z,buy,5.55e-06,995.0,0.00552225
SNM/BTC,1555023790178,2019-04-11T23:03:10.178Z,buy,5.55e-06,4504.0,0.0249972
SNM/BTC,1555024223207,2019-04-11T23:10:23.207Z,buy,5.55e-06,1816.0,0.0100788
SNM/BTC,1555024316820,2019-04-11T23:11:56.820Z,buy,5.55e-06,243.0,0.00134865
SNM/BTC,1555024326830,2019-04-11T23:12:06.830Z,buy,5.55e-06,243.0,0.00134865
SNM/BTC,1555024546707,2019-04-11T23:15:46.707Z,buy,5.53e-06,200.0,0.001106
SNM/BTC,1555025457509,2019-04-11T23:30:57.509Z,buy,5.55e-06,728.0,0.0040404
SNM/BTC,1555025457509,2019-04-11T23:30:57.509Z,buy,5.55e-06,728.0,0.0040404
SNM/BTC,1555025639119,2019-04-11T23:33:59.119Z,buy,5.55e-06,511.0,0.00283605
SNM/BTC,1555025688737,2019-04-11T23:34:48.737Z,sell,5.55e-06,611.0,0.00339105
SNM/BTC,1555025719877,2019-04-11T23:35:19.877Z,buy,5.56e-06,469.0,0.00260764
SNM/BTC,1555025769123,2019-04-11T23:36:09.123Z,buy,5.57e-06,272.0,0.00151504
SNM/BTC,1555025784190,2019-04-11T23:36:24.190Z,buy,5.57e-06,484.0,0.00269588
SNM/BTC,1555025789107,2019-04-11T23:36:29.107Z,sell,5.57e-06,290.0,0.0016153
SNM/BTC,1555025793215,2019-04-11T23:36:33.215Z,sell,5.57e-06,480.0,0.0026736
SNM/BTC,1555025797532,2019-04-11T23:36:37.532Z,sell,5.57e-06,336.0,0.00187152
SNM/BTC,1555025800510,2019-04-11T23:36:40.510Z,sell,5.57e-06,319.0,0.00177683
SNM/BTC,1555025801376,2019-04-11T23:36:41.376Z,sell,5.57e-06,279.0,0.00155403
SNM/BTC,1555025802364,2019-04-11T23:36:42.364Z,sell,5.57e-06,845.0,0.00470665
SNM/BTC,1555025802686,2019-04-11T23:36:42.686Z,sell,5.57e-06,613.0,0.00341441
SNM/BTC,1555025804182,2019-04-11T23:36:44.182Z,sell,5.57e-06,1904.0,0.01060528
SNM/BTC,1555025804703,2019-04-11T23:36:44.703Z,sell,5.57e-06,290.0,0.0016153
SNM/BTC,1555025822319,2019-04-11T23:37:02.319Z,sell,5.57e-06,4913.0,0.02736541
SNM/BTC,1555025842900,2019-04-11T23:37:22.900Z,buy,5.57e-06,21543.0,0.11999451
SNM/BTC,1555025842900,2019-04-11T23:37:22.900Z,buy,5.58e-06,7541.0,0.0420787799999999
SNM/BTC,1555025842900,2019-04-11T23:37:22.900Z,buy,5.59e-06,916.0,0.0051204399999999
SNM/BTC,1555025843817,2019-04-11T23:37:23.817Z,sell,5.57e-06,427.0,0.00237839
SNM/BTC,1555025860155,2019-04-11T23:37:40.155Z,buy,5.59e-06,429.0,0.0023981099999999
SNM/BTC,1555025890603,2019-04-11T23:38:10.603Z,sell,5.57e-06,8065.0,0.04492205
SNM/BTC,1555025953717,2019-04-11T23:39:13.717Z,buy,5.58e-06,4429.0,0.02471382
SNM/BTC,1555025963799,2019-04-11T23:39:23.799Z,sell,5.57e-06,11905.0,0.06631085
SNM/BTC,1555025964000,2019-04-11T23:39:24.000Z,sell,5.57e-06,12628.0,0.07033796
SNM/BTC,1555025989060,2019-04-11T23:39:49.060Z,sell,5.57e-06,4382.0,0.02440774
SNM/BTC,1555025989165,2019-04-11T23:39:49.165Z,sell,5.57e-06,5274.0,0.02937618
SNM/BTC,1555026054338,2019-04-11T23:40:54.338Z,sell,5.55e-06,844.0,0.0046842
SNM/BTC,1555026261914,2019-04-11T23:44:21.914Z,sell,5.53e-06,429.0,0.00237237
SNM/BTC,1555026426965,2019-04-11T23:47:06.965Z,sell,5.53e-06,194.0,0.00107282
SNM/BTC,1555026925228,2019-04-11T23:55:25.228Z,buy,5.56e-06,194.0,0.00107864
SNM/BTC,1555027036216,2019-04-11T23:57:16.216Z,buy,5.58e-06,355.0,0.0019809
SNM/BTC,1555027252789,2019-04-12T00:00:52.789Z,sell,5.56e-06,54.0,0.00030024
SNM/BTC,1555027263902,2019-04-12T00:01:03.902Z,sell,5.55e-06,520.0,0.002886
SNM/BTC,1555027342724,2019-04-12T00:02:22.724Z,sell,5.56e-06,269.0,0.00149564
SNM/BTC,1555027342724,2019-04-12T00:02:22.724Z,sell,5.55e-06,1976.0,0.0109668
SNM/BTC,1555027342724,2019-04-12T00:02:22.724Z,sell,5.54e-06,16036.0,0.08883944
SNM/BTC,1555027383434,2019-04-12T00:03:03.434Z,sell,5.54e-06,20000.0,0.1108
SNM/BTC,1555027990115,2019-04-12T00:13:10.115Z,sell,5.54e-06,2064.0,0.01143456
SNM/BTC,1555027990115,2019-04-12T00:13:10.115Z,sell,5.53e-06,2936.0,0.01623608
SNM/BTC,1555028447980,2019-04-12T00:20:47.980Z,buy,5.54e-06,190.0,0.0010526
SNM/BTC,1555028458693,2019-04-12T00:20:58.693Z,sell,5.53e-06,256.0,0.00141568
SNM/BTC,1555028598605,2019-04-12T00:23:18.605Z,sell,5.53e-06,5000.0,0.02765
SNM/BTC,1555028598605,2019-04-12T00:23:18.605Z,sell,5.53e-06,5000.0,0.02765
SNM/BTC,1555029061528,2019-04-12T00:31:01.528Z,sell,5.56e-06,630.0,0.0035028
SNM/BTC,1555029145197,2019-04-12T00:32:25.197Z,sell,5.54e-06,714.0,0.00395556
SNM/BTC,1555030253776,2019-04-12T00:50:53.776Z,sell,5.54e-06,784.0,0.00434336
SNM/BTC,1555030277629,2019-04-12T00:51:17.629Z,sell,5.54e-06,460.0,0.0025484
SNM/BTC,1555030277629,2019-04-12T00:51:17.629Z,sell,5.53e-06,1532.0,0.00847196
SNM/BTC,1555030558460,2019-04-12T00:55:58.460Z,buy,5.56e-06,2000.0,0.01112
SNM/BTC,1555030637540,2019-04-12T00:57:17.540Z,sell,5.53e-06,500.0,0.002765
SNM/BTC,1555030637540,2019-04-12T00:57:17.540Z,sell,5.52e-06,16584.0,0.0915436799999999
SNM/BTC,1555030841359,2019-04-12T01:00:41.359Z,sell,5.53e-06,473.0,0.00261569
SNM/BTC,1555030859151,2019-04-12T01:00:59.151Z,buy,5.55e-06,714.0,0.0039627
SNM/BTC,1555030910860,2019-04-12T01:01:50.860Z,buy,5.55e-06,286.0,0.0015873
SNM/BTC,1555030912919,2019-04-12T01:01:52.919Z,buy,5.56e-06,1102.0,0.00612712
SNM/BTC,1555031198485,2019-04-12T01:06:38.485Z,sell,5.53e-06,2493.0,0.01378629
SNM/BTC,1555031228501,2019-04-12T01:07:08.501Z,buy,5.55e-06,475.0,0.00263625
SNM/BTC,1555031244479,2019-04-12T01:07:24.479Z,sell,5.53e-06,5199.0,0.02875047
SNM/BTC,1555031413894,2019-04-12T01:10:13.894Z,sell,5.53e-06,6490.0,0.0358897
SNM/BTC,1555031414698,2019-04-12T01:10:14.698Z,sell,5.53e-06,1653.0,0.00914109
SNM/BTC,1555031455407,2019-04-12T01:10:55.407Z,sell,5.53e-06,1077.0,0.00595581
SNM/BTC,1555031457523,2019-04-12T01:10:57.523Z,sell,5.53e-06,620.0,0.0034286
SNM/BTC,1555031658124,2019-04-12T01:14:18.124Z,sell,5.53e-06,292.0,0.00161476
SNM/BTC,1555031658124,2019-04-12T01:14:18.124Z,sell,5.52e-06,183.0,0.00101016
SNM/BTC,1555031688732,2019-04-12T01:14:48.732Z,sell,5.52e-06,677.0,0.0037370399999999
SNM/BTC,1555031688732,2019-04-12T01:14:48.732Z,sell,5.51e-06,648.0,0.00357048
SNM/BTC,1555031688732,2019-04-12T01:14:48.732Z,sell,5.5e-06,190.0,0.001045
SNM/BTC,1555031695266,2019-04-12T01:14:55.266Z,sell,5.5e-06,891.0,0.0049004999999999
SNM/BTC,1555031695427,2019-04-12T01:14:55.427Z,buy,5.51e-06,510.0,0.0028101
SNM/BTC,1555031707962,2019-04-12T01:15:07.962Z,buy,5.51e-06,182.0,0.00100282
SNM/BTC,1555031821707,2019-04-12T01:17:01.707Z,sell,5.49e-06,1900.0,0.010431
SNM/BTC,1555031825335,2019-04-12T01:17:05.335Z,buy,5.49e-06,118.0,0.00064782
SNM/BTC,1555031888723,2019-04-12T01:18:08.723Z,buy,5.51e-06,1018.0,0.00560918
SNM/BTC,1555031891129,2019-04-12T01:18:11.129Z,sell,5.48e-06,1018.0,0.00557864
SNM/BTC,1555031892361,2019-04-12T01:18:12.361Z,buy,5.5e-06,267.0,0.0014685
SNM/BTC,1555031897328,2019-04-12T01:18:17.328Z,sell,5.48e-06,267.0,0.00146316
SNM/BTC,1555031983104,2019-04-12T01:19:43.104Z,sell,5.48e-06,717.0,0.00392916
SNM/BTC,1555032092029,2019-04-12T01:21:32.029Z,sell,5.48e-06,2064.0,0.01131072
SNM/BTC,1555032112511,2019-04-12T01:21:52.511Z,sell,5.48e-06,389.0,0.00213172
SNM/BTC,1555032140757,2019-04-12T01:22:20.757Z,sell,5.49e-06,1773.0,0.00973377
SNM/BTC,1555032141039,2019-04-12T01:22:21.039Z,sell,5.49e-06,6846.0,0.03758454
SNM/BTC,1555032141275,2019-04-12T01:22:21.275Z,buy,5.49e-06,1315.0,0.00721935
SNM/BTC,1555032141369,2019-04-12T01:22:21.369Z,buy,5.49e-06,235.0,0.0012901499999999
SNM/BTC,1555032141369,2019-04-12T01:22:21.369Z,buy,5.49e-06,235.0,0.0012901499999999
SNM/BTC,1555032377273,2019-04-12T01:26:17.273Z,sell,5.48e-06,326.0,0.00178648
SNM/BTC,1555032377273,2019-04-12T01:26:17.273Z,sell,5.47e-06,7724.0,0.04225028
SNM/BTC,1555032378980,2019-04-12T01:26:18.980Z,sell,5.47e-06,714.0,0.00390558
SNM/BTC,1555032559613,2019-04-12T01:29:19.613Z,sell,5.47e-06,993.0,0.00543171
SNM/BTC,1555032653606,2019-04-12T01:30:53.606Z,sell,5.47e-06,55.0,0.00030085
SNM/BTC,1555032665849,2019-04-12T01:31:05.849Z,sell,5.46e-06,601.0,0.00328146
SNM/BTC,1555032667646,2019-04-12T01:31:07.646Z,sell,5.46e-06,11.0,6.006e-05
SNM/BTC,1555032667646,2019-04-12T01:31:07.646Z,sell,5.45e-06,11223.0,0.06116535
SNM/BTC,1555032668602,2019-04-12T01:31:08.602Z,sell,5.45e-06,305.0,0.00166225
SNM/BTC,1555032668709,2019-04-12T01:31:08.709Z,sell,5.45e-06,305.0,0.00166225
SNM/BTC,1555032668824,2019-04-12T01:31:08.824Z,sell,5.45e-06,305.0,0.00166225
SNM/BTC,1555032673953,2019-04-12T01:31:13.953Z,sell,5.45e-06,106.0,0.0005777
SNM/BTC,1555032673953,2019-04-12T01:31:13.953Z,sell,5.44e-06,263.0,0.00143072
SNM/BTC,1555032673953,2019-04-12T01:31:13.953Z,sell,5.44e-06,4963.0,0.0269987199999999
SNM/BTC,1555032673953,2019-04-12T01:31:13.953Z,sell,5.43e-06,4792.0,0.0260205599999999
SNM/BTC,1555032673953,2019-04-12T01:31:13.953Z,sell,5.42e-06,5371.0,0.02911082
SNM/BTC,1555032673953,2019-04-12T01:31:13.953Z,sell,5.41e-06,51985.0,0.28123885
SNM/BTC,1555032673953,2019-04-12T01:31:13.953Z,sell,5.4e-06,563.0,0.0030402
SNM/BTC,1555032673953,2019-04-12T01:31:13.953Z,sell,5.39e-06,3697.0,0.01992683
SNM/BTC,1555032673977,2019-04-12T01:31:13.977Z,buy,5.37e-06,93839.0,0.50391543
SNM/BTC,1555032673980,2019-04-12T01:31:13.980Z,buy,5.37e-06,29050.0,0.1559985
SNM/BTC,1555032673984,2019-04-12T01:31:13.984Z,buy,5.37e-06,93876.0,0.50411412
SNM/BTC,1555032673991,2019-04-12T01:31:13.991Z,buy,5.37e-06,2058.0,0.01105146
SNM/BTC,1555032674006,2019-04-12T01:31:14.006Z,sell,5.36e-06,59751.0,0.32026536
SNM/BTC,1555032674011,2019-04-12T01:31:14.011Z,buy,5.37e-06,592.0,0.00317904
SNM/BTC,1555032674017,2019-04-12T01:31:14.017Z,buy,5.37e-06,2391.0,0.01283967
SNM/BTC,1555032674023,2019-04-12T01:31:14.023Z,sell,5.35e-06,2058.0,0.0110102999999999
SNM/BTC,1555032674238,2019-04-12T01:31:14.238Z,buy,5.37e-06,11146.0,0.05985402
SNM/BTC,1555032675773,2019-04-12T01:31:15.773Z,sell,5.39e-06,187.0,0.00100793
SNM/BTC,1555032675782,2019-04-12T01:31:15.782Z,sell,5.39e-06,536.0,0.00288904
SNM/BTC,1555032677121,2019-04-12T01:31:17.121Z,sell,5.38e-06,3917.0,0.02107346
SNM/BTC,1555032677121,2019-04-12T01:31:17.121Z,sell,5.37e-06,25133.0,0.13496421
SNM/BTC,1555032678935,2019-04-12T01:31:18.935Z,sell,5.37e-06,372.0,0.00199764
SNM/BTC,1555032694075,2019-04-12T01:31:34.075Z,sell,5.37e-06,371.0,0.00199227
SNM/BTC,1555032710997,2019-04-12T01:31:50.997Z,sell,5.37e-06,891.0,0.00478467
SNM/BTC,1555032723900,2019-04-12T01:32:03.900Z,sell,5.37e-06,1096.0,0.00588552
SNM/BTC,1555032724235,2019-04-12T01:32:04.235Z,buy,5.39e-06,186.0,0.00100254
SNM/BTC,1555032788915,2019-04-12T01:33:08.915Z,sell,5.37e-06,3000.0,0.01611
SNM/BTC,1555032793237,2019-04-12T01:33:13.237Z,buy,5.38e-06,278.0,0.00149564
SNM/BTC,1555032793875,2019-04-12T01:33:13.875Z,buy,5.38e-06,303.0,0.00163014
SNM/BTC,1555032793906,2019-04-12T01:33:13.906Z,buy,5.38e-06,297.0,0.00159786
SNM/BTC,1555032794286,2019-04-12T01:33:14.286Z,buy,5.38e-06,1264.0,0.00680032
SNM/BTC,1555032794405,2019-04-12T01:33:14.405Z,buy,5.38e-06,282.0,0.00151716
SNM/BTC,1555032794800,2019-04-12T01:33:14.800Z,buy,5.38e-06,289.0,0.00155482
SNM/BTC,1555032795225,2019-04-12T01:33:15.225Z,buy,5.38e-06,295.0,0.0015871
SNM/BTC,1555032795286,2019-04-12T01:33:15.286Z,buy,5.38e-06,297.0,0.00159786
SNM/BTC,1555032795550,2019-04-12T01:33:15.550Z,buy,5.38e-06,285.0,0.0015333
SNM/BTC,1555032795622,2019-04-12T01:33:15.622Z,buy,5.38e-06,357.0,0.00192066
SNM/BTC,1555032795764,2019-04-12T01:33:15.764Z,buy,5.38e-06,334.0,0.00179692
SNM/BTC,1555032796254,2019-04-12T01:33:16.254Z,buy,5.38e-06,287.0,0.00154406
SNM/BTC,1555032797002,2019-04-12T01:33:17.002Z,buy,5.38e-06,284.0,0.00152792
SNM/BTC,1555032798740,2019-04-12T01:33:18.740Z,buy,5.38e-06,313.0,0.00168394
SNM/BTC,1555032798931,2019-04-12T01:33:18.931Z,buy,5.38e-06,1894.0,0.01018972
SNM/BTC,1555032798992,2019-04-12T01:33:18.992Z,buy,5.38e-06,634.0,0.00341092
SNM/BTC,1555032799836,2019-04-12T01:33:19.836Z,buy,5.38e-06,291.0,0.00156558
SNM/BTC,1555032801421,2019-04-12T01:33:21.421Z,buy,5.38e-06,291.0,0.00156558
SNM/BTC,1555032802495,2019-04-12T01:33:22.495Z,buy,5.38e-06,284.0,0.00152792
SNM/BTC,1555032803159,2019-04-12T01:33:23.159Z,buy,5.38e-06,457.0,0.00245866
SNM/BTC,1555032804570,2019-04-12T01:33:24.570Z,buy,5.38e-06,10648.0,0.05728624
SNM/BTC,1555032805201,2019-04-12T01:33:25.201Z,buy,5.38e-06,306.0,0.00164628
SNM/BTC,1555032805305,2019-04-12T01:33:25.305Z,buy,5.38e-06,304.0,0.00163552
SNM/BTC,1555032806243,2019-04-12T01:33:26.243Z,buy,5.38e-06,297.0,0.00159786
SNM/BTC,1555032806334,2019-04-12T01:33:26.334Z,buy,5.38e-06,1695.0,0.0091191
SNM/BTC,1555032807594,2019-04-12T01:33:27.594Z,buy,5.38e-06,1566.0,0.00842508
SNM/BTC,1555032815819,2019-04-12T01:33:35.819Z,buy,5.38e-06,280.0,0.0015064
SNM/BTC,1555032820441,2019-04-12T01:33:40.441Z,buy,5.38e-06,336.0,0.00180768
SNM/BTC,1555032832314,2019-04-12T01:33:52.314Z,buy,5.38e-06,750.0,0.004035
SNM/BTC,1555032841947,2019-04-12T01:34:01.947Z,buy,5.38e-06,508.0,0.00273304
SNM/BTC,1555032843781,2019-04-12T01:34:03.781Z,buy,5.38e-06,288.0,0.00154944
SNM/BTC,1555032847217,2019-04-12T01:34:07.217Z,buy,5.38e-06,546.0,0.00293748
SNM/BTC,1555032849120,2019-04-12T01:34:09.120Z,buy,5.38e-06,791.0,0.00425558
SNM/BTC,1555032849197,2019-04-12T01:34:09.197Z,buy,5.38e-06,292.0,0.00157096
SNM/BTC,1555032852399,2019-04-12T01:34:12.399Z,buy,5.38e-06,295.0,0.0015871
SNM/BTC,1555032852466,2019-04-12T01:34:12.466Z,buy,5.38e-06,296.0,0.00159248
SNM/BTC,1555032869966,2019-04-12T01:34:29.966Z,buy,5.38e-06,190.0,0.0010222
SNM/BTC,1555032910663,2019-04-12T01:35:10.663Z,buy,5.38e-06,11711.0,0.06300518
SNM/BTC,1555032958801,2019-04-12T01:35:58.801Z,buy,5.38e-06,7691.0,0.04137758
SNM/BTC,1555032958900,2019-04-12T01:35:58.900Z,sell,5.38e-06,10896.0,0.05862048
SNM/BTC,1555032958928,2019-04-12T01:35:58.928Z,sell,5.37e-06,243.0,0.00130491
SNM/BTC,1555032999464,2019-04-12T01:36:39.464Z,buy,5.39e-06,16144.0,0.08701616
SNM/BTC,1555033247391,2019-04-12T01:40:47.391Z,sell,5.39e-06,1042.0,0.00561638
SNM/BTC,1555033372036,2019-04-12T01:42:52.036Z,sell,5.37e-06,22698.0,0.12188826
SNM/BTC,1555033372036,2019-04-12T01:42:52.036Z,sell,5.36e-06,543.0,0.00291048
SNM/BTC,1555033372036,2019-04-12T01:42:52.036Z,sell,5.35e-06,442.0,0.0023647
SNM/BTC,1555033372036,2019-04-12T01:42:52.036Z,sell,5.34e-06,10332.0,0.0551728799999999
SNM/BTC,1555033372036,2019-04-12T01:42:52.036Z,sell,5.32e-06,720.0,0.0038304
SNM/BTC,1555033372076,2019-04-12T01:42:52.076Z,buy,5.4e-06,34.0,0.0001836
SNM/BTC,1555033374445,2019-04-12T01:42:54.445Z,sell,5.36e-06,3725.0,0.019966
SNM/BTC,1555033374626,2019-04-12T01:42:54.626Z,buy,5.37e-06,878.0,0.00471486
SNM/BTC,1555033401154,2019-04-12T01:43:21.154Z,sell,5.36e-06,888.0,0.00475968
SNM/BTC,1555033513125,2019-04-12T01:45:13.125Z,sell,5.36e-06,13327.0,0.07143272
SNM/BTC,1555033513125,2019-04-12T01:45:13.125Z,sell,5.35e-06,4807.0,0.02571745
SNM/BTC,1555033513951,2019-04-12T01:45:13.951Z,sell,5.36e-06,1418.0,0.00760048
SNM/BTC,1555033513951,2019-04-12T01:45:13.951Z,sell,5.35e-06,12251.0,0.06554285
SNM/BTC,1555033520943,2019-04-12T01:45:20.943Z,sell,5.35e-06,1093.0,0.00584755
SNM/BTC,1555033691617,2019-04-12T01:48:11.617Z,buy,5.37e-06,344.0,0.00184728
SNM/BTC,1555033692777,2019-04-12T01:48:12.777Z,buy,5.37e-06,297.0,0.00159489
SNM/BTC,1555033693628,2019-04-12T01:48:13.628Z,sell,5.35e-06,1547.0,0.00827645
SNM/BTC,1555033693757,2019-04-12T01:48:13.757Z,buy,5.35e-06,405.0,0.00216675
SNM/BTC,1555033694642,2019-04-12T01:48:14.642Z,sell,5.34e-06,479.0,0.00255786
SNM/BTC,1555033695622,2019-04-12T01:48:15.622Z,buy,5.36e-06,305.0,0.0016348
SNM/BTC,1555033696873,2019-04-12T01:48:16.873Z,buy,5.35e-06,2058.0,0.0110102999999999
SNM/BTC,1555033696894,2019-04-12T01:48:16.894Z,buy,5.35e-06,2681.0,0.01434335
SNM/BTC,1555033696930,2019-04-12T01:48:16.930Z,buy,5.35e-06,1309.0,0.00700315
SNM/BTC,1555033696930,2019-04-12T01:48:16.930Z,buy,5.35e-06,72.0,0.0003852
SNM/BTC,1555033700847,2019-04-12T01:48:20.847Z,buy,5.35e-06,329.0,0.0017601499999999
SNM/BTC,1555033701701,2019-04-12T01:48:21.701Z,sell,5.33e-06,296.0,0.00157768
SNM/BTC,1555033701701,2019-04-12T01:48:21.701Z,sell,5.32e-06,989.0,0.00526148
SNM/BTC,1555033704166,2019-04-12T01:48:24.166Z,sell,5.32e-06,562.0,0.00298984
SNM/BTC,1555033707097,2019-04-12T01:48:27.097Z,buy,5.34e-06,1000.0,0.0053399999999999
SNM/BTC,1555033707772,2019-04-12T01:48:27.772Z,sell,5.32e-06,44.0,0.00023408
SNM/BTC,1555033707772,2019-04-12T01:48:27.772Z,sell,5.31e-06,2770.0,0.0147087
SNM/BTC,1555033707772,2019-04-12T01:48:27.772Z,sell,5.31e-06,11711.0,0.0621854099999999
SNM/BTC,1555033711002,2019-04-12T01:48:31.002Z,sell,5.32e-06,198.0,0.00105336
SNM/BTC,1555033715518,2019-04-12T01:48:35.518Z,sell,5.31e-06,267.0,0.00141777
SNM/BTC,1555033716019,2019-04-12T01:48:36.019Z,buy,5.31e-06,331.0,0.00175761
SNM/BTC,1555033721605,2019-04-12T01:48:41.605Z,buy,5.31e-06,1678.0,0.00891018
SNM/BTC,1555033728955,2019-04-12T01:48:48.955Z,buy,5.31e-06,307.0,0.00163017
SNM/BTC,1555033729247,2019-04-12T01:48:49.247Z,buy,5.31e-06,1553.0,0.00824643
SNM/BTC,1555033729247,2019-04-12T01:48:49.247Z,buy,5.32e-06,2204.0,0.01172528
SNM/BTC,1555033729247,2019-04-12T01:48:49.247Z,buy,5.33e-06,13257.0,0.07065981
SNM/BTC,1555033729247,2019-04-12T01:48:49.247Z,buy,5.34e-06,17002.0,0.09079068
SNM/BTC,1555033741562,2019-04-12T01:49:01.562Z,buy,5.34e-06,240.0,0.0012816
SNM/BTC,1555033858605,2019-04-12T01:50:58.605Z,buy,5.34e-06,537.0,0.0028675799999999
SNM/BTC,1555033861593,2019-04-12T01:51:01.593Z,buy,5.34e-06,934.0,0.0049875599999999
SNM/BTC,1555033861930,2019-04-12T01:51:01.930Z,buy,5.34e-06,188.0,0.00100392
SNM/BTC,1555033869697,2019-04-12T01:51:09.697Z,buy,5.34e-06,784.0,0.00418656
SNM/BTC,1555033869697,2019-04-12T01:51:09.697Z,buy,5.36e-06,1113.0,0.00596568
SNM/BTC,1555034073571,2019-04-12T01:54:33.571Z,buy,5.36e-06,750.0,0.00402
SNM/BTC,1555034109436,2019-04-12T01:55:09.436Z,sell,5.36e-06,363.0,0.00194568
SNM/BTC,1555034205863,2019-04-12T01:56:45.863Z,sell,5.36e-06,704.0,0.00377344
SNM/BTC,1555034407873,2019-04-12T02:00:07.873Z,sell,5.36e-06,231.0,0.00123816
SNM/BTC,1555034408246,2019-04-12T02:00:08.246Z,buy,5.36e-06,9000.0,0.04824
SNM/BTC,1555034423007,2019-04-12T02:00:23.007Z,sell,5.36e-06,1090.0,0.0058424
SNM/BTC,1555034458510,2019-04-12T02:00:58.510Z,buy,5.37e-06,559.0,0.00300183
SNM/BTC,1555034469187,2019-04-12T02:01:09.187Z,buy,5.38e-06,372.0,0.00200136
SNM/BTC,1555034469875,2019-04-12T02:01:09.875Z,sell,5.38e-06,259.0,0.00139342
SNM/BTC,1555034514313,2019-04-12T02:01:54.313Z,buy,5.39e-06,15615.0,0.08416485
SNM/BTC,1555034582320,2019-04-12T02:03:02.320Z,sell,5.35e-06,223.0,0.00119305
SNM/BTC,1555034582590,2019-04-12T02:03:02.590Z,buy,5.35e-06,682.0,0.0036486999999999
SNM/BTC,1555034584845,2019-04-12T02:03:04.845Z,sell,5.35e-06,1810.0,0.0096835
SNM/BTC,1555034594716,2019-04-12T02:03:14.716Z,sell,5.35e-06,1083.0,0.0057940499999999
SNM/BTC,1555034649296,2019-04-12T02:04:09.296Z,sell,5.35e-06,5075.0,0.02715125
SNM/BTC,1555034651578,2019-04-12T02:04:11.578Z,sell,5.35e-06,3367.0,0.01801345
SNM/BTC,1555035048996,2019-04-12T02:10:48.996Z,sell,5.37e-06,372.0,0.00199764
SNM/BTC,1555035059533,2019-04-12T02:10:59.533Z,buy,5.38e-06,231.0,0.00124278
SNM/BTC,1555035059661,2019-04-12T02:10:59.661Z,sell,5.38e-06,255.0,0.0013719
SNM/BTC,1555035059691,2019-04-12T02:10:59.691Z,sell,5.36e-06,207.0,0.00110952
SNM/BTC,1555035064113,2019-04-12T02:11:04.113Z,sell,5.37e-06,331.0,0.00177747
SNM/BTC,1555035071331,2019-04-12T02:11:11.331Z,buy,5.38e-06,322.0,0.00173236
SNM/BTC,1555035074329,2019-04-12T02:11:14.329Z,buy,5.38e-06,3348.0,0.01801224
SNM/BTC,1555035074681,2019-04-12T02:11:14.681Z,buy,5.38e-06,2948.0,0.01586024
SNM/BTC,1555035074681,2019-04-12T02:11:14.681Z,buy,5.39e-06,223.0,0.00120197
SNM/BTC,1555035074681,2019-04-12T02:11:14.681Z,buy,5.4e-06,1875.0,0.010125
SNM/BTC,1555035386791,2019-04-12T02:16:26.791Z,buy,5.39e-06,188.0,0.00101332
SNM/BTC,1555035417853,2019-04-12T02:16:57.853Z,sell,5.39e-06,305.0,0.00164395
SNM/BTC,1555035436755,2019-04-12T02:17:16.755Z,sell,5.39e-06,2059.0,0.01109801
SNM/BTC,1555035475013,2019-04-12T02:17:55.013Z,sell,5.39e-06,9065.0,0.04886035
SNM/BTC,1555035475949,2019-04-12T02:17:55.949Z,sell,5.39e-06,8088.0,0.04359432
SNM/BTC,1555035475949,2019-04-12T02:17:55.949Z,sell,5.39e-06,8088.0,0.04359432
SNM/BTC,1555035862509,2019-04-12T02:24:22.509Z,sell,5.39e-06,509.0,0.00274351
SNM/BTC,1555036153938,2019-04-12T02:29:13.938Z,sell,5.4e-06,204.0,0.0011015999999999
SNM/BTC,1555036154237,2019-04-12T02:29:14.237Z,sell,5.39e-06,204.0,0.00109956
SNM/BTC,1555036250654,2019-04-12T02:30:50.654Z,buy,5.4e-06,1167.0,0.0063018
SNM/BTC,1555036279561,2019-04-12T02:31:19.561Z,sell,5.39e-06,408.0,0.00219912
SNM/BTC,1555036279561,2019-04-12T02:31:19.561Z,sell,5.37e-06,4379.0,0.02351523
SNM/BTC,1555036334614,2019-04-12T02:32:14.614Z,sell,5.39e-06,408.0,0.00219912
SNM/BTC,1555036478204,2019-04-12T02:34:38.204Z,buy,5.39e-06,9276.0,0.04999764
SNM/BTC,1555036503614,2019-04-12T02:35:03.614Z,buy,5.39e-06,927.0,0.00499653
SNM/BTC,1555036514488,2019-04-12T02:35:14.488Z,buy,5.39e-06,1855.0,0.00999845
SNM/BTC,1555036626851,2019-04-12T02:37:06.851Z,buy,5.39e-06,1113.0,0.00599907
SNM/BTC,1555036858892,2019-04-12T02:40:58.892Z,buy,5.39e-06,1107.0,0.00596673
SNM/BTC,1555037227203,2019-04-12T02:47:07.203Z,sell,5.38e-06,1442.0,0.00775796
SNM/BTC,1555037244828,2019-04-12T02:47:24.828Z,buy,5.39e-06,277.0,0.00149303
SNM/BTC,1555037278827,2019-04-12T02:47:58.827Z,buy,5.41e-06,2485.0,0.01344385
SNM/BTC,1555037455253,2019-04-12T02:50:55.253Z,sell,5.4e-06,397.0,0.0021438
SNM/BTC,1555037489102,2019-04-12T02:51:29.102Z,sell,5.4e-06,406.0,0.0021924
SNM/BTC,1555038062391,2019-04-12T03:01:02.391Z,buy,5.41e-06,1361.0,0.00736301
SNM/BTC,1555038155719,2019-04-12T03:02:35.719Z,buy,5.41e-06,390.0,0.0021099
SNM/BTC,1555038794760,2019-04-12T03:13:14.760Z,buy,5.41e-06,30458.0,0.1647777799999999
SNM/BTC,1555038794760,2019-04-12T03:13:14.760Z,buy,5.42e-06,14242.0,0.0771916399999999
SNM/BTC,1555038795796,2019-04-12T03:13:15.796Z,buy,5.41e-06,26082.0,0.1411036199999999
SNM/BTC,1555038831863,2019-04-12T03:13:51.863Z,sell,5.41e-06,329.0,0.00177989
SNM/BTC,1555038861903,2019-04-12T03:14:21.903Z,sell,5.41e-06,5587.0,0.03022567
SNM/BTC,1555038959505,2019-04-12T03:15:59.505Z,buy,5.42e-06,267.0,0.00144714
SNM/BTC,1555038959505,2019-04-12T03:15:59.505Z,buy,5.42e-06,267.0,0.00144714
SNM/BTC,1555039164562,2019-04-12T03:19:24.562Z,sell,5.41e-06,992.0,0.00536672
SNM/BTC,1555039212140,2019-04-12T03:20:12.140Z,sell,5.4e-06,9127.0,0.0492858
SNM/BTC,1555039267939,2019-04-12T03:21:07.939Z,buy,5.4e-06,186.0,0.0010044
SNM/BTC,1555039537792,2019-04-12T03:25:37.792Z,buy,5.4e-06,1314.0,0.0070956
SNM/BTC,1555039850600,2019-04-12T03:30:50.600Z,buy,5.4e-06,259.0,0.0013986
SNM/BTC,1555039850872,2019-04-12T03:30:50.872Z,sell,5.4e-06,371.0,0.0020034
SNM/BTC,1555039876375,2019-04-12T03:31:16.375Z,sell,5.39e-06,8016.0,0.04320624
SNM/BTC,1555039877281,2019-04-12T03:31:17.281Z,sell,5.39e-06,1130.0,0.0060907
SNM/BTC,1555039877562,2019-04-12T03:31:17.562Z,buy,5.39e-06,260.0,0.0014014
SNM/BTC,1555039885286,2019-04-12T03:31:25.286Z,sell,5.38e-06,7625.0,0.0410225
SNM/BTC,1555039914564,2019-04-12T03:31:54.564Z,sell,5.38e-06,408.0,0.00219504
SNM/BTC,1555039978393,2019-04-12T03:32:58.393Z,sell,5.38e-06,520.0,0.0027976
SNM/BTC,1555039988406,2019-04-12T03:33:08.406Z,buy,5.38e-06,186.0,0.00100068
SNM/BTC,1555040041584,2019-04-12T03:34:01.584Z,buy,5.38e-06,14732.0,0.07925816
SNM/BTC,1555040041725,2019-04-12T03:34:01.725Z,sell,5.38e-06,3492.0,0.01878696
SNM/BTC,1555040050818,2019-04-12T03:34:10.818Z,buy,5.39e-06,1932.0,0.01041348
SNM/BTC,1555040072903,2019-04-12T03:34:32.903Z,buy,5.39e-06,927.0,0.00499653
SNM/BTC,1555040101458,2019-04-12T03:35:01.458Z,buy,5.39e-06,738.0,0.00397782
SNM/BTC,1555040107917,2019-04-12T03:35:07.917Z,buy,5.4e-06,3664.0,0.0197856
SNM/BTC,1555040135208,2019-04-12T03:35:35.208Z,sell,5.39e-06,1502.0,0.00809578
SNM/BTC,1555040359974,2019-04-12T03:39:19.974Z,sell,5.38e-06,627.0,0.00337326
SNM/BTC,1555040359974,2019-04-12T03:39:19.974Z,sell,5.36e-06,13166.0,0.07056976
SNM/BTC,1555040359993,2019-04-12T03:39:19.993Z,buy,5.36e-06,963.0,0.00516168
SNM/BTC,1555040360003,2019-04-12T03:39:20.003Z,buy,5.36e-06,963.0,0.00516168
SNM/BTC,1555040360011,2019-04-12T03:39:20.011Z,buy,5.36e-06,772.0,0.00413792
SNM/BTC,1555040360031,2019-04-12T03:39:20.031Z,buy,5.36e-06,2058.0,0.01103088
SNM/BTC,1555040360051,2019-04-12T03:39:20.051Z,buy,5.36e-06,662.0,0.00354832
SNM/BTC,1555040393529,2019-04-12T03:39:53.529Z,buy,5.36e-06,3731.0,0.01999816
SNM/BTC,1555040393629,2019-04-12T03:39:53.629Z,buy,5.36e-06,6694.0,0.03587984
SNM/BTC,1555040393752,2019-04-12T03:39:53.752Z,buy,5.36e-06,1684.0,0.00902624
SNM/BTC,1555040393839,2019-04-12T03:39:53.839Z,buy,5.36e-06,1179.0,0.00631944
SNM/BTC,1555040402960,2019-04-12T03:40:02.960Z,buy,5.38e-06,931.0,0.00500878
SNM/BTC,1555040418923,2019-04-12T03:40:18.923Z,sell,5.39e-06,667.0,0.00359513
SNM/BTC,1555040419752,2019-04-12T03:40:19.752Z,sell,5.39e-06,302.0,0.00162778
SNM/BTC,1555040447031,2019-04-12T03:40:47.031Z,sell,5.39e-06,1897.0,0.01022483
SNM/BTC,1555040481318,2019-04-12T03:41:21.318Z,sell,5.38e-06,548.0,0.00294824
SNM/BTC,1555040481318,2019-04-12T03:41:21.318Z,sell,5.37e-06,18936.0,0.10168632
SNM/BTC,1555040509345,2019-04-12T03:41:49.345Z,sell,5.36e-06,14541.0,0.07793976
SNM/BTC,1555040512187,2019-04-12T03:41:52.187Z,buy,5.36e-06,6694.0,0.03587984
SNM/BTC,1555040512269,2019-04-12T03:41:52.269Z,buy,5.36e-06,1684.0,0.00902624
SNM/BTC,1555040513699,2019-04-12T03:41:53.699Z,buy,5.36e-06,373.0,0.00199928
SNM/BTC,1555040542206,2019-04-12T03:42:22.206Z,sell,5.36e-06,7427.0,0.03980872
SNM/BTC,1555040547451,2019-04-12T03:42:27.451Z,sell,5.35e-06,9330.0,0.0499154999999999
SNM/BTC,1555040557265,2019-04-12T03:42:37.265Z,buy,5.36e-06,13014.0,0.06975504
SNM/BTC,1555040569468,2019-04-12T03:42:49.468Z,buy,5.36e-06,6838.0,0.03665168
SNM/BTC,1555040569620,2019-04-12T03:42:49.620Z,buy,5.36e-06,2267.0,0.01215112
SNM/BTC,1555040640569,2019-04-12T03:44:00.569Z,sell,5.37e-06,2001.0,0.01074537
SNM/BTC,1555040650375,2019-04-12T03:44:10.375Z,sell,5.37e-06,1155.0,0.00620235
SNM/BTC,1555040657291,2019-04-12T03:44:17.291Z,buy,5.38e-06,1600.0,0.008608
SNM/BTC,1555040670994,2019-04-12T03:44:30.994Z,sell,5.36e-06,9033.0,0.04841688
SNM/BTC,1555041052706,2019-04-12T03:50:52.706Z,sell,5.37e-06,1819.0,0.00976803
SNM/BTC,1555041070400,2019-04-12T03:51:10.400Z,buy,5.37e-06,584.0,0.00313608
SNM/BTC,1555041070481,2019-04-12T03:51:10.481Z,buy,5.37e-06,189.0,0.00101493
SNM/BTC,1555041106545,2019-04-12T03:51:46.545Z,sell,5.36e-06,412.0,0.00220832
SNM/BTC,1555041106817,2019-04-12T03:51:46.817Z,buy,5.36e-06,342.0,0.00183312
SNM/BTC,1555041107784,2019-04-12T03:51:47.784Z,buy,5.37e-06,4246.0,0.02280102
SNM/BTC,1555041123597,2019-04-12T03:52:03.597Z,buy,5.38e-06,2092.0,0.01125496
SNM/BTC,1555041124640,2019-04-12T03:52:04.640Z,buy,5.38e-06,3038.0,0.01634444
SNM/BTC,1555041297695,2019-04-12T03:54:57.695Z,sell,5.37e-06,2744.0,0.01473528
SNM/BTC,1555041297695,2019-04-12T03:54:57.695Z,sell,5.36e-06,29767.0,0.15955112
SNM/BTC,1555041378002,2019-04-12T03:56:18.002Z,buy,5.38e-06,279.0,0.00150102
SNM/BTC,1555041406793,2019-04-12T03:56:46.793Z,buy,5.38e-06,2245.0,0.0120781
SNM/BTC,1555041446884,2019-04-12T03:57:26.884Z,sell,5.38e-06,9736.0,0.05237968
SNM/BTC,1555041447153,2019-04-12T03:57:27.153Z,buy,5.38e-06,3359.0,0.01807142
SNM/BTC,1555041468181,2019-04-12T03:57:48.181Z,sell,5.38e-06,3731.0,0.02007278
SNM/BTC,1555041561079,2019-04-12T03:59:21.079Z,sell,5.38e-06,1489.0,0.00801082
SNM/BTC,1555041658932,2019-04-12T04:00:58.932Z,buy,5.39e-06,2149.0,0.01158311
SNM/BTC,1555041670030,2019-04-12T04:01:10.030Z,sell,5.38e-06,2607.0,0.01402566
SNM/BTC,1555041861392,2019-04-12T04:04:21.392Z,buy,5.39e-06,1439.0,0.00775621
SNM/BTC,1555042008454,2019-04-12T04:06:48.454Z,buy,5.39e-06,1965.0,0.01059135
SNM/BTC,1555042027954,2019-04-12T04:07:07.954Z,buy,5.39e-06,13894.0,0.07488866
SNM/BTC,1555042034380,2019-04-12T04:07:14.380Z,sell,5.4e-06,204.0,0.0011015999999999
SNM/BTC,1555042210289,2019-04-12T04:10:10.289Z,buy,5.41e-06,369.0,0.00199629
SNM/BTC,1555042217011,2019-04-12T04:10:17.011Z,sell,5.4e-06,186.0,0.0010044
SNM/BTC,1555042437562,2019-04-12T04:13:57.562Z,sell,5.4e-06,406.0,0.0021924
SNM/BTC,1555042475378,2019-04-12T04:14:35.378Z,sell,5.39e-06,190.0,0.0010241
SNM/BTC,1555042513445,2019-04-12T04:15:13.445Z,buy,5.4e-06,3196.0,0.0172584
SNM/BTC,1555042519955,2019-04-12T04:15:19.955Z,buy,5.41e-06,277.0,0.00149857
SNM/BTC,1555042519955,2019-04-12T04:15:19.955Z,buy,5.41e-06,277.0,0.00149857
SNM/BTC,1555042861036,2019-04-12T04:21:01.036Z,buy,5.41e-06,2772.0,0.01499652
SNM/BTC,1555043171432,2019-04-12T04:26:11.432Z,sell,5.4e-06,406.0,0.0021924
SNM/BTC,1555043197604,2019-04-12T04:26:37.604Z,sell,5.39e-06,284.0,0.00153076
SNM/BTC,1555043198126,2019-04-12T04:26:38.126Z,buy,5.4e-06,480.0,0.002592
SNM/BTC,1555043207059,2019-04-12T04:26:47.059Z,sell,5.39e-06,2000.0,0.01078
SNM/BTC,1555043444726,2019-04-12T04:30:44.726Z,buy,5.4e-06,3581.0,0.0193374
SNM/BTC,1555043455800,2019-04-12T04:30:55.800Z,sell,5.39e-06,356.0,0.00191884
SNM/BTC,1555043458725,2019-04-12T04:30:58.725Z,buy,5.4e-06,2693.0,0.0145422
SNM/BTC,1555043995343,2019-04-12T04:39:55.343Z,sell,5.39e-06,2643.0,0.01424577
SNM/BTC,1555044050746,2019-04-12T04:40:50.746Z,buy,5.4e-06,693.0,0.0037421999999999
SNM/BTC,1555044301927,2019-04-12T04:45:01.927Z,sell,5.39e-06,408.0,0.00219912
SNM/BTC,1555044308514,2019-04-12T04:45:08.514Z,buy,5.39e-06,3173.0,0.01710247
SNM/BTC,1555044420120,2019-04-12T04:47:00.120Z,sell,5.39e-06,1602.0,0.00863478
SNM/BTC,1555044595835,2019-04-12T04:49:55.835Z,sell,5.39e-06,1179.0,0.00635481
SNM/BTC,1555044595838,2019-04-12T04:49:55.838Z,sell,5.39e-06,4143.0,0.02233077
SNM/BTC,1555044658664,2019-04-12T04:50:58.664Z,buy,5.4e-06,1237.0,0.0066798
SNM/BTC,1555044808033,2019-04-12T04:53:28.033Z,sell,5.39e-06,279.0,0.00150381
SNM/BTC,1555044877856,2019-04-12T04:54:37.856Z,buy,5.4e-06,191.0,0.0010314
SNM/BTC,1555044953040,2019-04-12T04:55:53.040Z,sell,5.39e-06,408.0,0.00219912
SNM/BTC,1555044958017,2019-04-12T04:55:58.017Z,buy,5.39e-06,3281.0,0.01768459
SNM/BTC,1555044958017,2019-04-12T04:55:58.017Z,buy,5.4e-06,2215.0,0.011961
SNM/BTC,1555045040790,2019-04-12T04:57:20.790Z,sell,5.39e-06,13768.0,0.07420952
SNM/BTC,1555045072070,2019-04-12T04:57:52.070Z,sell,5.4e-06,407.0,0.0021978
SNM/BTC,1555045219549,2019-04-12T05:00:19.549Z,sell,5.4e-06,204.0,0.0011015999999999
SNM/BTC,1555045219549,2019-04-12T05:00:19.549Z,sell,5.39e-06,3895.0,0.02099405
SNM/BTC,1555045225211,2019-04-12T05:00:25.211Z,buy,5.39e-06,226.0,0.00121814
SNM/BTC,1555045257407,2019-04-12T05:00:57.407Z,buy,5.39e-06,506.0,0.00272734
SNM/BTC,1555045278113,2019-04-12T05:01:18.113Z,buy,5.39e-06,8700.0,0.046893
SNM/BTC,1555045278113,2019-04-12T05:01:18.113Z,buy,5.4e-06,1923.0,0.0103842
SNM/BTC,1555045304353,2019-04-12T05:01:44.353Z,sell,5.38e-06,4212.0,0.02266056
SNM/BTC,1555045304353,2019-04-12T05:01:44.353Z,sell,5.37e-06,2086.0,0.01120182
SNM/BTC,1555045304353,2019-04-12T05:01:44.353Z,sell,5.36e-06,5391.0,0.02889576
SNM/BTC,1555045313530,2019-04-12T05:01:53.530Z,buy,5.39e-06,10998.0,0.05927922
SNM/BTC,1555045321661,2019-04-12T05:02:01.661Z,sell,5.38e-06,453.0,0.00243714
SNM/BTC,1555045369183,2019-04-12T05:02:49.183Z,buy,5.38e-06,1858.0,0.00999604
SNM/BTC,1555045401865,2019-04-12T05:03:21.865Z,buy,5.38e-06,2745.0,0.0147681
SNM/BTC,1555045404318,2019-04-12T05:03:24.318Z,buy,5.4e-06,2490.0,0.013446
SNM/BTC,1555045646028,2019-04-12T05:07:26.028Z,sell,5.4e-06,203.0,0.0010962
SNM/BTC,1555045646123,2019-04-12T05:07:26.123Z,buy,5.4e-06,203.0,0.0010962
SNM/BTC,1555045771282,2019-04-12T05:09:31.282Z,sell,5.39e-06,10655.0,0.05743045
SNM/BTC,1555045795144,2019-04-12T05:09:55.144Z,sell,5.39e-06,1229.0,0.00662431
SNM/BTC,1555045823827,2019-04-12T05:10:23.827Z,sell,5.39e-06,566.0,0.00305074
SNM/BTC,1555045825428,2019-04-12T05:10:25.428Z,buy,5.39e-06,2576.0,0.01388464
SNM/BTC,1555045886215,2019-04-12T05:11:26.215Z,sell,5.38e-06,232.0,0.00124816
SNM/BTC,1555045886215,2019-04-12T05:11:26.215Z,sell,5.37e-06,10837.0,0.05819469
SNM/BTC,1555045886346,2019-04-12T05:11:26.346Z,buy,5.37e-06,1347.0,0.00723339
SNM/BTC,1555045886346,2019-04-12T05:11:26.346Z,buy,5.37e-06,1347.0,0.00723339
SNM/BTC,1555046206080,2019-04-12T05:16:46.080Z,sell,5.38e-06,479.0,0.00257702
SNM/BTC,1555046300102,2019-04-12T05:18:20.102Z,buy,5.39e-06,3736.0,0.02013704
SNM/BTC,1555046300491,2019-04-12T05:18:20.491Z,sell,5.39e-06,7218.0,0.03890502
SNM/BTC,1555046338884,2019-04-12T05:18:58.884Z,sell,5.38e-06,7335.0,0.0394623
SNM/BTC,1555046395777,2019-04-12T05:19:55.777Z,sell,5.38e-06,387.0,0.00208206
SNM/BTC,1555046420872,2019-04-12T05:20:20.872Z,sell,5.37e-06,1135.0,0.00609495
SNM/BTC,1555046749170,2019-04-12T05:25:49.170Z,buy,5.38e-06,241.0,0.00129658
SNM/BTC,1555047060748,2019-04-12T05:31:00.748Z,buy,5.39e-06,194.0,0.00104566
SNM/BTC,1555047071375,2019-04-12T05:31:11.375Z,buy,5.4e-06,2804.0,0.0151416
SNM/BTC,1555047335612,2019-04-12T05:35:35.612Z,sell,5.39e-06,204.0,0.00109956
SNM/BTC,1555047335612,2019-04-12T05:35:35.612Z,sell,5.38e-06,88.0,0.00047344
SNM/BTC,1555047338817,2019-04-12T05:35:38.817Z,buy,5.39e-06,476.0,0.00256564
SNM/BTC,1555047428618,2019-04-12T05:37:08.618Z,sell,5.39e-06,204.0,0.00109956
SNM/BTC,1555047598853,2019-04-12T05:39:58.853Z,buy,5.39e-06,11540.0,0.0622006
SNM/BTC,1555047598853,2019-04-12T05:39:58.853Z,buy,5.4e-06,13460.0,0.072684
SNM/BTC,1555047653329,2019-04-12T05:40:53.329Z,sell,5.39e-06,543.0,0.00292677
SNM/BTC,1555047663964,2019-04-12T05:41:03.964Z,sell,5.38e-06,1113.0,0.00598794
SNM/BTC,1555047789265,2019-04-12T05:43:09.265Z,sell,5.39e-06,269.0,0.00144991
SNM/BTC,1555047789533,2019-04-12T05:43:09.533Z,sell,5.39e-06,33.0,0.00017787
SNM/BTC,1555048131346,2019-04-12T05:48:51.346Z,sell,5.38e-06,204.0,0.00109752
SNM/BTC,1555048131346,2019-04-12T05:48:51.346Z,sell,5.37e-06,19348.0,0.10389876
SNM/BTC,1555048140111,2019-04-12T05:49:00.111Z,sell,5.38e-06,204.0,0.00109752
SNM/BTC,1555048140111,2019-04-12T05:49:00.111Z,sell,5.37e-06,15917.0,0.08547429
SNM/BTC,1555048174947,2019-04-12T05:49:34.947Z,sell,5.38e-06,375.0,0.0020175
SNM/BTC,1555048212026,2019-04-12T05:50:12.026Z,buy,5.38e-06,568.0,0.00305584
SNM/BTC,1555048680540,2019-04-12T05:58:00.540Z,buy,5.38e-06,204.0,0.00109752
SNM/BTC,1555048737733,2019-04-12T05:58:57.733Z,sell,5.37e-06,891.0,0.00478467
SNM/BTC,1555048737733,2019-04-12T05:58:57.733Z,sell,5.36e-06,1816.0,0.00973376
SNM/BTC,1555048737733,2019-04-12T05:58:57.733Z,sell,5.35e-06,1923.0,0.01028805
SNM/BTC,1555048737733,2019-04-12T05:58:57.733Z,sell,5.34e-06,13922.0,0.0743434799999999
SNM/BTC,1555048747664,2019-04-12T05:59:07.664Z,buy,5.37e-06,2565.0,0.01377405
SNM/BTC,1555048749833,2019-04-12T05:59:09.833Z,sell,5.35e-06,1090.0,0.0058315
SNM/BTC,1555048750281,2019-04-12T05:59:10.281Z,sell,5.35e-06,984.0,0.0052644
SNM/BTC,1555048753584,2019-04-12T05:59:13.584Z,buy,5.37e-06,978.0,0.00525186
SNM/BTC,1555048754899,2019-04-12T05:59:14.899Z,sell,5.35e-06,8399.0,0.04493465
SNM/BTC,1555048815261,2019-04-12T06:00:15.261Z,buy,5.37e-06,1176.0,0.00631512
SNM/BTC,1555048815261,2019-04-12T06:00:15.261Z,buy,5.38e-06,1521.0,0.00818298
SNM/BTC,1555048824090,2019-04-12T06:00:24.090Z,buy,5.37e-06,1085.0,0.00582645
SNM/BTC,1555048856659,2019-04-12T06:00:56.659Z,buy,5.37e-06,5207.0,0.02796159
SNM/BTC,1555049155921,2019-04-12T06:05:55.921Z,sell,5.36e-06,205.0,0.0010988
SNM/BTC,1555049155921,2019-04-12T06:05:55.921Z,sell,5.35e-06,271.0,0.00144985
SNM/BTC,1555049457463,2019-04-12T06:10:57.463Z,buy,5.37e-06,4071.0,0.02186127
SNM/BTC,1555049457463,2019-04-12T06:10:57.463Z,buy,5.37e-06,4071.0,0.02186127
SNM/BTC,1555050542839,2019-04-12T06:29:02.839Z,sell,5.38e-06,204.0,0.00109752
SNM/BTC,1555050582493,2019-04-12T06:29:42.493Z,sell,5.37e-06,279.0,0.00149823
SNM/BTC,1555050658153,2019-04-12T06:30:58.153Z,buy,5.38e-06,2588.0,0.01392344
SNM/BTC,1555050691775,2019-04-12T06:31:31.775Z,buy,5.38e-06,118.0,0.00063484
SNM/BTC,1555050692470,2019-04-12T06:31:32.470Z,sell,5.38e-06,1194.0,0.00642372
SNM/BTC,1555050917971,2019-04-12T06:35:17.971Z,sell,5.37e-06,205.0,0.00110085
SNM/BTC,1555051042213,2019-04-12T06:37:22.213Z,buy,5.38e-06,188.0,0.00101144
SNM/BTC,1555051252775,2019-04-12T06:40:52.775Z,sell,5.37e-06,205.0,0.00110085
SNM/BTC,1555051263611,2019-04-12T06:41:03.611Z,sell,5.36e-06,329.0,0.00176344
SNM/BTC,1555051340780,2019-04-12T06:42:20.780Z,buy,5.39e-06,189.0,0.00101871
SNM/BTC,1555051354452,2019-04-12T06:42:34.452Z,buy,5.39e-06,250.0,0.0013475
SNM/BTC,1555051364457,2019-04-12T06:42:44.457Z,buy,5.39e-06,250.0,0.0013475
SNM/BTC,1555051369433,2019-04-12T06:42:49.433Z,buy,5.39e-06,3710.0,0.0199969
SNM/BTC,1555051428142,2019-04-12T06:43:48.142Z,buy,5.39e-06,192.0,0.00103488
SNM/BTC,1555051846698,2019-04-12T06:50:46.698Z,sell,5.39e-06,204.0,0.00109956
SNM/BTC,1555051857291,2019-04-12T06:50:57.291Z,sell,5.37e-06,1680.0,0.0090216
SNM/BTC,1555051914900,2019-04-12T06:51:54.900Z,buy,5.38e-06,2162.0,0.01163156
SNM/BTC,1555051990371,2019-04-12T06:53:10.371Z,buy,5.38e-06,250.0,0.001345
SNM/BTC,1555052000383,2019-04-12T06:53:20.383Z,buy,5.38e-06,250.0,0.001345
SNM/BTC,1555052169437,2019-04-12T06:56:09.437Z,sell,5.37e-06,205.0,0.00110085
SNM/BTC,1555052235829,2019-04-12T06:57:15.829Z,buy,5.37e-06,203.0,0.00109011
SNM/BTC,1555052353825,2019-04-12T06:59:13.825Z,buy,5.37e-06,5136.0,0.02758032
SNM/BTC,1555052457660,2019-04-12T07:00:57.660Z,buy,5.39e-06,1989.0,0.01072071
SNM/BTC,1555052468181,2019-04-12T07:01:08.181Z,buy,5.4e-06,839.0,0.0045306
SNM/BTC,1555052559358,2019-04-12T07:02:39.358Z,sell,5.39e-06,203.0,0.00109417
SNM/BTC,1555052568272,2019-04-12T07:02:48.272Z,sell,5.39e-06,292.0,0.00157388
SNM/BTC,1555052580801,2019-04-12T07:03:00.801Z,sell,5.39e-06,204.0,0.00109956
SNM/BTC,1555052580801,2019-04-12T07:03:00.801Z,sell,5.37e-06,290.0,0.0015573
SNM/BTC,1555052597750,2019-04-12T07:03:17.750Z,buy,5.39e-06,1922.0,0.01035958
SNM/BTC,1555052597750,2019-04-12T07:03:17.750Z,buy,5.4e-06,3564.0,0.0192456
SNM/BTC,1555052712621,2019-04-12T07:05:12.621Z,sell,5.38e-06,204.0,0.00109752
SNM/BTC,1555052995324,2019-04-12T07:09:55.324Z,buy,5.38e-06,852.0,0.00458376
SNM/BTC,1555052995324,2019-04-12T07:09:55.324Z,buy,5.38e-06,852.0,0.00458376
SNM/BTC,1555053060077,2019-04-12T07:11:00.077Z,buy,5.38e-06,907.0,0.00487966
SNM/BTC,1555053070633,2019-04-12T07:11:10.633Z,buy,5.39e-06,821.0,0.00442519
SNM/BTC,1555053173798,2019-04-12T07:12:53.798Z,sell,5.38e-06,204.0,0.00109752
SNM/BTC,1555053173798,2019-04-12T07:12:53.798Z,sell,5.37e-06,14796.0,0.07945452
SNM/BTC,1555053656327,2019-04-12T07:20:56.327Z,buy,5.39e-06,149.0,0.00080311
SNM/BTC,1555053666880,2019-04-12T07:21:06.880Z,buy,5.4e-06,2251.0,0.0121554
SNM/BTC,1555054128114,2019-04-12T07:28:48.114Z,buy,5.4e-06,250.0,0.00135
SNM/BTC,1555054138105,2019-04-12T07:28:58.105Z,buy,5.4e-06,250.0,0.00135
SNM/BTC,1555054163907,2019-04-12T07:29:23.907Z,buy,5.4e-06,250.0,0.00135
SNM/BTC,1555054173913,2019-04-12T07:29:33.913Z,buy,5.4e-06,250.0,0.00135
SNM/BTC,1555054411813,2019-04-12T07:33:31.813Z,buy,5.4e-06,250.0,0.00135
SNM/BTC,1555054421823,2019-04-12T07:33:41.823Z,buy,5.4e-06,250.0,0.00135
SNM/BTC,1555054690515,2019-04-12T07:38:10.515Z,buy,5.4e-06,250.0,0.00135
SNM/BTC,1555054700522,2019-04-12T07:38:20.522Z,buy,5.4e-06,250.0,0.00135
SNM/BTC,1555054853679,2019-04-12T07:40:53.679Z,sell,5.39e-06,2004.0,0.01080156
SNM/BTC,1555054937929,2019-04-12T07:42:17.929Z,buy,5.4e-06,250.0,0.00135
SNM/BTC,1555054947931,2019-04-12T07:42:27.931Z,buy,5.4e-06,250.0,0.00135
SNM/BTC,1555055246804,2019-04-12T07:47:26.804Z,buy,5.4e-06,227.0,0.0012258
SNM/BTC,1555055452325,2019-04-12T07:50:52.325Z,sell,5.39e-06,928.0,0.00500192
SNM/BTC,1555055463054,2019-04-12T07:51:03.054Z,sell,5.38e-06,835.0,0.0044923
SNM/BTC,1555055582563,2019-04-12T07:53:02.563Z,buy,5.4e-06,463.0,0.0025002
SNM/BTC,1555055631026,2019-04-12T07:53:51.026Z,sell,5.39e-06,1453.0,0.00783167
SNM/BTC,1555055806738,2019-04-12T07:56:46.738Z,sell,5.39e-06,2798.0,0.01508122
SNM/BTC,1555055871063,2019-04-12T07:57:51.063Z,buy,5.4e-06,17075.0,0.092205
SNM/BTC,1555055871096,2019-04-12T07:57:51.096Z,sell,5.4e-06,3293.0,0.0177822
SNM/BTC,1555055921635,2019-04-12T07:58:41.635Z,buy,5.4e-06,2773.0,0.0149742
SNM/BTC,1555056056848,2019-04-12T08:00:56.848Z,buy,5.4e-06,1268.0,0.0068472
SNM/BTC,1555056118701,2019-04-12T08:01:58.701Z,buy,5.4e-06,2189.0,0.0118206
SNM/BTC,1555056165042,2019-04-12T08:02:45.042Z,buy,5.41e-06,672.0,0.0036355199999999
SNM/BTC,1555056165337,2019-04-12T08:02:45.337Z,sell,5.41e-06,5766.0,0.03119406
SNM/BTC,1555056195671,2019-04-12T08:03:15.671Z,sell,5.4e-06,204.0,0.0011015999999999
SNM/BTC,1555056399035,2019-04-12T08:06:39.035Z,buy,5.4e-06,18.0,9.72e-05
SNM/BTC,1555056399067,2019-04-12T08:06:39.067Z,sell,5.4e-06,1949.0,0.0105246
SNM/BTC,1555056449467,2019-04-12T08:07:29.467Z,sell,5.4e-06,4636.0,0.0250344
SNM/BTC,1555056449513,2019-04-12T08:07:29.513Z,sell,5.4e-06,1958.0,0.0105732
SNM/BTC,1555056514362,2019-04-12T08:08:34.362Z,buy,5.41e-06,476.0,0.00257516
SNM/BTC,1555056514362,2019-04-12T08:08:34.362Z,buy,5.41e-06,476.0,0.00257516
SNM/BTC,1555056653791,2019-04-12T08:10:53.791Z,sell,5.4e-06,204.0,0.0011015999999999
SNM/BTC,1555056661660,2019-04-12T08:11:01.660Z,buy,5.4e-06,223.0,0.0012041999999999
SNM/BTC,1555056664569,2019-04-12T08:11:04.569Z,sell,5.39e-06,689.0,0.00371371
SNM/BTC,1555057254530,2019-04-12T08:20:54.530Z,buy,5.41e-06,377.0,0.00203957
SNM/BTC,1555057327841,2019-04-12T08:22:07.841Z,sell,5.39e-06,204.0,0.00109956
SNM/BTC,1555057433875,2019-04-12T08:23:53.875Z,buy,5.41e-06,647.0,0.0035002699999999
SNM/BTC,1555057530306,2019-04-12T08:25:30.306Z,buy,5.4e-06,406.0,0.0021924
SNM/BTC,1555057669315,2019-04-12T08:27:49.315Z,buy,5.4e-06,250.0,0.00135
SNM/BTC,1555057679316,2019-04-12T08:27:59.316Z,buy,5.4e-06,250.0,0.00135
SNM/BTC,1555057701572,2019-04-12T08:28:21.572Z,buy,5.4e-06,250.0,0.00135
SNM/BTC,1555057711601,2019-04-12T08:28:31.601Z,buy,5.4e-06,250.0,0.00135
SNM/BTC,1555057716621,2019-04-12T08:28:36.621Z,sell,5.39e-06,3054.0,0.01646106
SNM/BTC,1555057859179,2019-04-12T08:30:59.179Z,buy,5.39e-06,1775.0,0.00956725
SNM/BTC,1555057859285,2019-04-12T08:30:59.285Z,sell,5.39e-06,499.0,0.00268961
SNM/BTC,1555057876563,2019-04-12T08:31:16.563Z,sell,5.39e-06,204.0,0.00109956
SNM/BTC,1555058320058,2019-04-12T08:38:40.058Z,buy,5.4e-06,12720.0,0.068688
SNM/BTC,1555058320058,2019-04-12T08:38:40.058Z,buy,5.41e-06,25032.0,0.13542312
SNM/BTC,1555058320083,2019-04-12T08:38:40.083Z,sell,5.41e-06,248.0,0.00134168
SNM/BTC,1555058322196,2019-04-12T08:38:42.196Z,sell,5.38e-06,248.0,0.00133424
SNM/BTC,1555058398304,2019-04-12T08:39:58.304Z,sell,5.38e-06,496.0,0.00266848
SNM/BTC,1555058413471,2019-04-12T08:40:13.471Z,sell,5.41e-06,610.0,0.0033001
SNM/BTC,1555058413529,2019-04-12T08:40:13.529Z,sell,5.41e-06,390.0,0.0021099
SNM/BTC,1555058443834,2019-04-12T08:40:43.834Z,sell,5.38e-06,1000.0,0.00538
SNM/BTC,1555058453134,2019-04-12T08:40:53.134Z,sell,5.38e-06,444.0,0.00238872
SNM/BTC,1555058459746,2019-04-12T08:40:59.746Z,buy,5.4e-06,2767.0,0.0149418
SNM/BTC,1555058459746,2019-04-12T08:40:59.746Z,buy,5.41e-06,61233.0,0.33127053
SNM/BTC,1555058563685,2019-04-12T08:42:43.685Z,buy,5.4e-06,70623.0,0.3813642
SNM/BTC,1555058563685,2019-04-12T08:42:43.685Z,buy,5.41e-06,377.0,0.00203957
SNM/BTC,1555058610692,2019-04-12T08:43:30.692Z,buy,5.41e-06,43000.0,0.23263
SNM/BTC,1555058704214,2019-04-12T08:45:04.214Z,sell,5.41e-06,313.0,0.00169333
SNM/BTC,1555058709167,2019-04-12T08:45:09.167Z,sell,5.41e-06,305.0,0.00165005
SNM/BTC,1555058722735,2019-04-12T08:45:22.735Z,sell,5.41e-06,1222.0,0.00661102
SNM/BTC,1555058867281,2019-04-12T08:47:47.281Z,buy,5.42e-06,249.0,0.00134958
SNM/BTC,1555058869747,2019-04-12T08:47:49.747Z,buy,5.42e-06,249.0,0.00134958
SNM/BTC,1555058877283,2019-04-12T08:47:57.283Z,buy,5.42e-06,249.0,0.00134958
SNM/BTC,1555058879742,2019-04-12T08:47:59.742Z,buy,5.42e-06,249.0,0.00134958
SNM/BTC,1555059053392,2019-04-12T08:50:53.392Z,sell,5.41e-06,3660.0,0.0198005999999999
SNM/BTC,1555059064354,2019-04-12T08:51:04.354Z,sell,5.39e-06,2047.0,0.01103333
SNM/BTC,1555059168155,2019-04-12T08:52:48.155Z,buy,5.42e-06,249.0,0.00134958
SNM/BTC,1555059178162,2019-04-12T08:52:58.162Z,buy,5.42e-06,249.0,0.00134958
SNM/BTC,1555059411343,2019-04-12T08:56:51.343Z,buy,5.42e-06,249.0,0.00134958
SNM/BTC,1555059413653,2019-04-12T08:56:53.653Z,buy,5.42e-06,249.0,0.00134958
SNM/BTC,1555059421348,2019-04-12T08:57:01.348Z,buy,5.42e-06,249.0,0.00134958
SNM/BTC,1555059423646,2019-04-12T08:57:03.646Z,buy,5.42e-06,249.0,0.00134958
SNM/BTC,1555059654566,2019-04-12T09:00:54.566Z,sell,5.39e-06,1927.0,0.01038653
SNM/BTC,1555059922626,2019-04-12T09:05:22.626Z,sell,5.39e-06,927.0,0.00499653
SNM/BTC,1555059922626,2019-04-12T09:05:22.626Z,sell,5.39e-06,927.0,0.00499653
SNM/BTC,1555060242274,2019-04-12T09:10:42.274Z,sell,5.41e-06,394.0,0.00213154
SNM/BTC,1555060252714,2019-04-12T09:10:52.714Z,buy,5.42e-06,636.0,0.0034471199999999
SNM/BTC,1555060456208,2019-04-12T09:14:16.208Z,buy,5.42e-06,2202.0,0.0119348399999999
SNM/BTC,1555060456373,2019-04-12T09:14:16.373Z,sell,5.42e-06,1488.0,0.00806496
SNM/BTC,1555060788476,2019-04-12T09:19:48.476Z,sell,5.39e-06,3394.0,0.01829366
SNM/BTC,1555060858948,2019-04-12T09:20:58.948Z,buy,5.42e-06,801.0,0.0043414199999999
SNM/BTC,1555061700142,2019-04-12T09:35:00.142Z,buy,5.42e-06,3539.0,0.0191813799999999
SNM/BTC,1555061716490,2019-04-12T09:35:16.490Z,sell,5.42e-06,344.0,0.00186448
SNM/BTC,1555061717132,2019-04-12T09:35:17.132Z,sell,5.42e-06,297.0,0.00160974
SNM/BTC,1555062048831,2019-04-12T09:40:48.831Z,sell,5.42e-06,3896.0,0.0211163199999999
SNM/BTC,1555062336560,2019-04-12T09:45:36.560Z,buy,5.43e-06,5567.0,0.03022881
SNM/BTC,1555062336725,2019-04-12T09:45:36.725Z,sell,5.43e-06,316.0,0.00171588
SNM/BTC,1555062336979,2019-04-12T09:45:36.979Z,sell,5.43e-06,297.0,0.0016127099999999
SNM/BTC,1555062337425,2019-04-12T09:45:37.425Z,buy,5.44e-06,1103.0,0.00600032
SNM/BTC,1555062337539,2019-04-12T09:45:37.539Z,sell,5.44e-06,623.0,0.00338912
SNM/BTC,1555062337637,2019-04-12T09:45:37.637Z,sell,5.44e-06,2329.0,0.0126697599999999
SNM/BTC,1555062338025,2019-04-12T09:45:38.025Z,sell,5.44e-06,159.0,0.0008649599999999
SNM/BTC,1555062338025,2019-04-12T09:45:38.025Z,sell,5.43e-06,349.0,0.0018950699999999
SNM/BTC,1555062338125,2019-04-12T09:45:38.125Z,sell,5.43e-06,634.0,0.00344262
SNM/BTC,1555062338241,2019-04-12T09:45:38.241Z,sell,5.43e-06,546.0,0.0029647799999999
SNM/BTC,1555062341431,2019-04-12T09:45:41.431Z,sell,5.43e-06,303.0,0.00164529
SNM/BTC,1555062341801,2019-04-12T09:45:41.801Z,sell,5.43e-06,284.0,0.00154212
SNM/BTC,1555062342040,2019-04-12T09:45:42.040Z,sell,5.43e-06,1297.0,0.00704271
SNM/BTC,1555062344620,2019-04-12T09:45:44.620Z,sell,5.43e-06,791.0,0.0042951299999999
SNM/BTC,1555062344807,2019-04-12T09:45:44.807Z,sell,5.43e-06,289.0,0.00156927
SNM/BTC,1555062347133,2019-04-12T09:45:47.133Z,sell,5.43e-06,357.0,0.0019385099999999
SNM/BTC,1555062348366,2019-04-12T09:45:48.366Z,sell,5.43e-06,1695.0,0.00920385
SNM/BTC,1555062351510,2019-04-12T09:45:51.510Z,sell,5.43e-06,322.0,0.0017484599999999
SNM/BTC,1555062352168,2019-04-12T09:45:52.168Z,sell,5.43e-06,296.0,0.00160728
SNM/BTC,1555062353555,2019-04-12T09:45:53.555Z,sell,5.43e-06,306.0,0.00166158
SNM/BTC,1555062356581,2019-04-12T09:45:56.581Z,sell,5.43e-06,1351.0,0.0073359299999999
SNM/BTC,1555062356581,2019-04-12T09:45:56.581Z,sell,5.42e-06,543.0,0.00294306
SNM/BTC,1555062356776,2019-04-12T09:45:56.776Z,sell,5.42e-06,750.0,0.004065
SNM/BTC,1555062356818,2019-04-12T09:45:56.818Z,sell,5.42e-06,1264.0,0.0068508799999999
SNM/BTC,1555062363809,2019-04-12T09:46:03.809Z,sell,5.42e-06,190.0,0.0010298
SNM/BTC,1555062369302,2019-04-12T09:46:09.302Z,sell,5.42e-06,1932.0,0.01047144
SNM/BTC,1555062374251,2019-04-12T09:46:14.251Z,sell,5.41e-06,927.0,0.00501507
SNM/BTC,1555062444817,2019-04-12T09:47:24.817Z,buy,5.45e-06,286.0,0.0015587
SNM/BTC,1555062665783,2019-04-12T09:51:05.783Z,sell,5.41e-06,3206.0,0.01734446
SNM/BTC,1555063039030,2019-04-12T09:57:19.030Z,buy,5.44e-06,196.0,0.00106624
SNM/BTC,1555063040312,2019-04-12T09:57:20.312Z,sell,5.44e-06,11.0,5.984e-05
SNM/BTC,1555063040312,2019-04-12T09:57:20.312Z,sell,5.41e-06,323.0,0.00174743
SNM/BTC,1555063041553,2019-04-12T09:57:21.553Z,sell,5.41e-06,267.0,0.00144447
SNM/BTC,1555063064752,2019-04-12T09:57:44.752Z,sell,5.44e-06,248.0,0.0013491199999999
SNM/BTC,1555063064752,2019-04-12T09:57:44.752Z,sell,5.41e-06,56.0,0.00030296
SNM/BTC,1555063076967,2019-04-12T09:57:56.967Z,sell,5.44e-06,248.0,0.0013491199999999
SNM/BTC,1555063076967,2019-04-12T09:57:56.967Z,sell,5.41e-06,47.0,0.00025427
SNM/BTC,1555063242111,2019-04-12T10:00:42.111Z,sell,5.43e-06,297.0,0.0016127099999999
SNM/BTC,1555063245448,2019-04-12T10:00:45.448Z,sell,5.43e-06,295.0,0.00160185
SNM/BTC,1555063247877,2019-04-12T10:00:47.877Z,sell,5.43e-06,282.0,0.00153126
SNM/BTC,1555063248467,2019-04-12T10:00:48.467Z,sell,5.43e-06,1681.0,0.00912783
SNM/BTC,1555063248467,2019-04-12T10:00:48.467Z,sell,5.42e-06,8967.0,0.04860114
SNM/BTC,1555063292918,2019-04-12T10:01:32.918Z,sell,5.43e-06,287.0,0.0015584099999999
SNM/BTC,1555063293186,2019-04-12T10:01:33.186Z,sell,5.43e-06,291.0,0.00158013
SNM/BTC,1555063297205,2019-04-12T10:01:37.205Z,sell,5.43e-06,336.0,0.0018244799999999
SNM/BTC,1555063298187,2019-04-12T10:01:38.187Z,sell,5.43e-06,288.0,0.00156384
SNM/BTC,1555063300041,2019-04-12T10:01:40.041Z,sell,5.43e-06,457.0,0.0024815099999999
SNM/BTC,1555063311264,2019-04-12T10:01:51.264Z,sell,5.43e-06,285.0,0.00154755
SNM/BTC,1555063311328,2019-04-12T10:01:51.328Z,sell,5.43e-06,297.0,0.0016127099999999
SNM/BTC,1555063318982,2019-04-12T10:01:58.982Z,sell,5.43e-06,280.0,0.0015203999999999
SNM/BTC,1555063414689,2019-04-12T10:03:34.689Z,sell,5.43e-06,194.0,0.00105342
SNM/BTC,1555063414689,2019-04-12T10:03:34.689Z,sell,5.43e-06,194.0,0.00105342
SNM/BTC,1555063584264,2019-04-12T10:06:24.264Z,buy,5.43e-06,4207.0,0.0228440099999999
SNM/BTC,1555063756399,2019-04-12T10:09:16.399Z,buy,5.43e-06,1848.0,0.01003464
SNM/BTC,1555063756399,2019-04-12T10:09:16.399Z,buy,5.44e-06,21196.0,0.1153062399999999
SNM/BTC,1555063756399,2019-04-12T10:09:16.399Z,buy,5.45e-06,23827.0,0.12985715
SNM/BTC,1555063756399,2019-04-12T10:09:16.399Z,buy,5.46e-06,78116.0,0.42651336
SNM/BTC,1555063756399,2019-04-12T10:09:16.399Z,buy,5.47e-06,38531.0,0.21076457
SNM/BTC,1555063764223,2019-04-12T10:09:24.223Z,buy,5.47e-06,2236.0,0.01223092
SNM/BTC,1555063764223,2019-04-12T10:09:24.223Z,buy,5.48e-06,14360.0,0.0786928
SNM/BTC,1555063764223,2019-04-12T10:09:24.223Z,buy,5.49e-06,294.0,0.00161406
SNM/BTC,1555063764223,2019-04-12T10:09:24.223Z,buy,5.5e-06,523.0,0.0028764999999999
SNM/BTC,1555063764223,2019-04-12T10:09:24.223Z,buy,5.51e-06,3390.0,0.0186789
SNM/BTC,1555063764223,2019-04-12T10:09:24.223Z,buy,5.52e-06,9712.0,0.0536102399999999
SNM/BTC,1555063764223,2019-04-12T10:09:24.223Z,buy,5.53e-06,77690.0,0.4296257
SNM/BTC,1555063764223,2019-04-12T10:09:24.223Z,buy,5.54e-06,20000.0,0.1108
SNM/BTC,1555063764223,2019-04-12T10:09:24.223Z,buy,5.56e-06,3475.0,0.019321
SNM/BTC,1555063764223,2019-04-12T10:09:24.223Z,buy,5.57e-06,298.0,0.00165986
SNM/BTC,1555063767007,2019-04-12T10:09:27.007Z,sell,5.52e-06,223.0,0.00123096
SNM/BTC,1555063771937,2019-04-12T10:09:31.937Z,buy,5.54e-06,9943.0,0.05508422
SNM/BTC,1555063771937,2019-04-12T10:09:31.937Z,buy,5.56e-06,8079.0,0.04491924
SNM/BTC,1555063771937,2019-04-12T10:09:31.937Z,buy,5.58e-06,37675.0,0.2102265
SNM/BTC,1555063771937,2019-04-12T10:09:31.937Z,buy,5.59e-06,9405.0,0.05257395
SNM/BTC,1555063771937,2019-04-12T10:09:31.937Z,buy,5.6e-06,16643.0,0.0932008
SNM/BTC,1555063771937,2019-04-12T10:09:31.937Z,buy,5.61e-06,3935.0,0.0220753499999999
SNM/BTC,1555063771937,2019-04-12T10:09:31.937Z,buy,5.62e-06,11609.0,0.06524258
SNM/BTC,1555063771937,2019-04-12T10:09:31.937Z,buy,5.64e-06,7121.0,0.04016244
SNM/BTC,1555063772429,2019-04-12T10:09:32.429Z,buy,5.55e-06,2158.0,0.0119769
SNM/BTC,1555063772429,2019-04-12T10:09:32.429Z,buy,5.55e-06,1795.0,0.00996225
SNM/BTC,1555063772829,2019-04-12T10:09:32.829Z,sell,5.56e-06,714.0,0.00396984
SNM/BTC,1555063772959,2019-04-12T10:09:32.959Z,sell,5.56e-06,183.0,0.00101748
SNM/BTC,1555063773092,2019-04-12T10:09:33.092Z,sell,5.59e-06,267.0,0.00149253
SNM/BTC,1555063773760,2019-04-12T10:09:33.760Z,buy,5.58e-06,267.0,0.00148986
SNM/BTC,1555063773760,2019-04-12T10:09:33.760Z,buy,5.61e-06,897.0,0.00503217
SNM/BTC,1555063773760,2019-04-12T10:09:33.760Z,buy,5.64e-06,615.0,0.0034686
SNM/BTC,1555063774318,2019-04-12T10:09:34.318Z,sell,5.6e-06,267.0,0.0014952
SNM/BTC,1555063774941,2019-04-12T10:09:34.941Z,buy,5.59e-06,223.0,0.00124657
SNM/BTC,1555063776680,2019-04-12T10:09:36.680Z,buy,5.59e-06,44.0,0.00024596
SNM/BTC,1555063776952,2019-04-12T10:09:36.952Z,sell,5.59e-06,1387.0,0.00775333
SNM/BTC,1555063776952,2019-04-12T10:09:36.952Z,sell,5.58e-06,266.0,0.00148428
SNM/BTC,1555063776952,2019-04-12T10:09:36.952Z,sell,5.57e-06,832.0,0.00463424
SNM/BTC,1555063777070,2019-04-12T10:09:37.070Z,sell,5.59e-06,285.0,0.00159315
SNM/BTC,1555063778772,2019-04-12T10:09:38.772Z,sell,5.59e-06,291.0,0.0016266899999999
SNM/BTC,1555063779322,2019-04-12T10:09:39.322Z,sell,5.59e-06,190.0,0.0010621
SNM/BTC,1555063779858,2019-04-12T10:09:39.858Z,sell,5.59e-06,2306.0,0.0128905399999999
SNM/BTC,1555063779858,2019-04-12T10:09:39.858Z,sell,5.58e-06,184.0,0.00102672
SNM/BTC,1555063781448,2019-04-12T10:09:41.448Z,buy,5.61e-06,2178.0,0.01221858
SNM/BTC,1555063782254,2019-04-12T10:09:42.254Z,sell,5.6e-06,463.0,0.0025927999999999
SNM/BTC,1555063786131,2019-04-12T10:09:46.131Z,sell,5.6e-06,536.0,0.0030015999999999
SNM/BTC,1555063786784,2019-04-12T10:09:46.784Z,sell,5.6e-06,6728.0,0.0376767999999999
SNM/BTC,1555063787148,2019-04-12T10:09:47.148Z,sell,5.6e-06,5946.0,0.0332976
SNM/BTC,1555063787590,2019-04-12T10:09:47.590Z,buy,5.61e-06,546.0,0.00306306
SNM/BTC,1555063787590,2019-04-12T10:09:47.590Z,buy,5.62e-06,766.0,0.00430492
SNM/BTC,1555063787590,2019-04-12T10:09:47.590Z,buy,5.63e-06,3953.0,0.02225539
SNM/BTC,1555063787590,2019-04-12T10:09:47.590Z,buy,5.64e-06,4038.0,0.02277432
SNM/BTC,1555063787590,2019-04-12T10:09:47.590Z,buy,5.65e-06,3378.0,0.0190857
SNM/BTC,1555063787590,2019-04-12T10:09:47.590Z,buy,5.66e-06,2361.0,0.01336326
SNM/BTC,1555063787590,2019-04-12T10:09:47.590Z,buy,5.67e-06,691.0,0.00391797
SNM/BTC,1555063787590,2019-04-12T10:09:47.590Z,buy,5.68e-06,21168.0,0.1202342399999999
SNM/BTC,1555063787590,2019-04-12T10:09:47.590Z,buy,5.69e-06,11322.0,0.06442218
SNM/BTC,1555063787590,2019-04-12T10:09:47.590Z,buy,5.7e-06,1911.0,0.0108927
SNM/BTC,1555063787590,2019-04-12T10:09:47.590Z,buy,5.71e-06,5887.0,0.03361477
SNM/BTC,1555063787614,2019-04-12T10:09:47.614Z,sell,5.7e-06,369.0,0.0021033
SNM/BTC,1555063787670,2019-04-12T10:09:47.670Z,sell,5.6e-06,1107.0,0.0061991999999999
SNM/BTC,1555063787757,2019-04-12T10:09:47.757Z,sell,5.61e-06,891.0,0.0049985099999999
SNM/BTC,1555063787757,2019-04-12T10:09:47.757Z,sell,5.6e-06,5044.0,0.0282463999999999
SNM/BTC,1555063788131,2019-04-12T10:09:48.131Z,sell,5.63e-06,1773.0,0.00998199
SNM/BTC,1555063788859,2019-04-12T10:09:48.859Z,sell,5.64e-06,223.0,0.00125772
SNM/BTC,1555063788859,2019-04-12T10:09:48.859Z,sell,5.62e-06,2131.0,0.01197622
SNM/BTC,1555063788859,2019-04-12T10:09:48.859Z,sell,5.61e-06,1015.0,0.0056941499999999
SNM/BTC,1555063788859,2019-04-12T10:09:48.859Z,sell,5.6e-06,2577.0,0.0144312
SNM/BTC,1555063791467,2019-04-12T10:09:51.467Z,buy,5.63e-06,369.0,0.00207747
SNM/BTC,1555063791467,2019-04-12T10:09:51.467Z,buy,5.64e-06,1015.0,0.0057246
SNM/BTC,1555063792420,2019-04-12T10:09:52.420Z,buy,5.64e-06,194.0,0.00109416
SNM/BTC,1555063792420,2019-04-12T10:09:52.420Z,buy,5.65e-06,7272.0,0.0410868
SNM/BTC,1555063792420,2019-04-12T10:09:52.420Z,buy,5.69e-06,1242.0,0.00706698
SNM/BTC,1555063792420,2019-04-12T10:09:52.420Z,buy,5.72e-06,10650.0,0.060918
SNM/BTC,1555063792420,2019-04-12T10:09:52.420Z,buy,5.73e-06,1874.0,0.01073802
SNM/BTC,1555063792437,2019-04-12T10:09:52.437Z,sell,5.73e-06,4298.0,0.02462754
SNM/BTC,1555063793225,2019-04-12T10:09:53.225Z,buy,5.66e-06,886.0,0.00501476
SNM/BTC,1555063793297,2019-04-12T10:09:53.297Z,buy,5.66e-06,1773.0,0.01003518
SNM/BTC,1555063793300,2019-04-12T10:09:53.300Z,buy,5.66e-06,1773.0,0.01003518
SNM/BTC,1555063793329,2019-04-12T10:09:53.329Z,buy,5.66e-06,32093.0,0.18164638
SNM/BTC,1555063793329,2019-04-12T10:09:53.329Z,buy,5.67e-06,21797.0,0.12358899
SNM/BTC,1555063793683,2019-04-12T10:09:53.683Z,sell,5.69e-06,3266.0,0.01858354
SNM/BTC,1555063793683,2019-04-12T10:09:53.683Z,sell,5.68e-06,2089.0,0.01186552
SNM/BTC,1555063794125,2019-04-12T10:09:54.125Z,buy,5.71e-06,886.0,0.00505906
SNM/BTC,1555063794131,2019-04-12T10:09:54.131Z,sell,5.68e-06,2942.0,0.01671056
SNM/BTC,1555063794565,2019-04-12T10:09:54.565Z,buy,5.71e-06,959.0,0.00547589
SNM/BTC,1555063794694,2019-04-12T10:09:54.694Z,sell,5.68e-06,192.0,0.00109056
SNM/BTC,1555063795040,2019-04-12T10:09:55.040Z,buy,5.71e-06,2458.0,0.01403518
SNM/BTC,1555063795086,2019-04-12T10:09:55.086Z,sell,5.71e-06,2146.0,0.01225366
SNM/BTC,1555063795487,2019-04-12T10:09:55.487Z,buy,5.72e-06,1120.0,0.0064064
SNM/BTC,1555063795697,2019-04-12T10:09:55.697Z,sell,5.71e-06,8875.0,0.05067625
SNM/BTC,1555063797953,2019-04-12T10:09:57.953Z,buy,5.72e-06,43269.0,0.24749868
SNM/BTC,1555063797953,2019-04-12T10:09:57.953Z,buy,5.74e-06,2295.0,0.0131733
SNM/BTC,1555063798186,2019-04-12T10:09:58.186Z,buy,5.74e-06,84.0,0.00048216
SNM/BTC,1555063798186,2019-04-12T10:09:58.186Z,buy,5.75e-06,1365.0,0.00784875
SNM/BTC,1555063798186,2019-04-12T10:09:58.186Z,buy,5.76e-06,733.0,0.00422208
SNM/BTC,1555063798186,2019-04-12T10:09:58.186Z,buy,5.77e-06,2496.0,0.01440192
SNM/BTC,1555063798186,2019-04-12T10:09:58.186Z,buy,5.78e-06,13769.0,0.07958482
SNM/BTC,1555063798201,2019-04-12T10:09:58.201Z,sell,5.78e-06,1391.0,0.00803998
SNM/BTC,1555063798302,2019-04-12T10:09:58.302Z,sell,5.7e-06,2697.0,0.0153728999999999
SNM/BTC,1555063798321,2019-04-12T10:09:58.321Z,sell,5.7e-06,183.0,0.0010431
SNM/BTC,1555063798389,2019-04-12T10:09:58.389Z,sell,5.7e-06,266.0,0.0015161999999999
SNM/BTC,1555063798404,2019-04-12T10:09:58.404Z,sell,5.7e-06,183.0,0.0010431
SNM/BTC,1555063798748,2019-04-12T10:09:58.748Z,sell,5.73e-06,223.0,0.00127779
SNM/BTC,1555063798748,2019-04-12T10:09:58.748Z,sell,5.7e-06,192.0,0.0010944
SNM/BTC,1555063798936,2019-04-12T10:09:58.936Z,sell,5.7e-06,1742.0,0.0099294
SNM/BTC,1555063798936,2019-04-12T10:09:58.936Z,sell,5.69e-06,1156.0,0.00657764
SNM/BTC,1555063799227,2019-04-12T10:09:59.227Z,sell,5.69e-06,427.0,0.00242963
SNM/BTC,1555063801229,2019-04-12T10:10:01.229Z,sell,5.7e-06,25595.0,0.1458914999999999
SNM/BTC,1555063801229,2019-04-12T10:10:01.229Z,sell,5.69e-06,13576.0,0.07724744
SNM/BTC,1555063801655,2019-04-12T10:10:01.655Z,sell,5.7e-06,183.0,0.0010431
SNM/BTC,1555063803137,2019-04-12T10:10:03.137Z,sell,5.71e-06,1913.0,0.01092323
SNM/BTC,1555063803933,2019-04-12T10:10:03.933Z,sell,5.71e-06,8359.0,0.04772989
SNM/BTC,1555063804015,2019-04-12T10:10:04.015Z,sell,5.71e-06,165.0,0.00094215
SNM/BTC,1555063804015,2019-04-12T10:10:04.015Z,sell,5.7e-06,204.0,0.0011627999999999
SNM/BTC,1555063805154,2019-04-12T10:10:05.154Z,sell,5.72e-06,11983.0,0.06854276
SNM/BTC,1555063806089,2019-04-12T10:10:06.089Z,buy,5.73e-06,223.0,0.00127779
SNM/BTC,1555063806089,2019-04-12T10:10:06.089Z,buy,5.74e-06,2011.0,0.01154314
SNM/BTC,1555063806089,2019-04-12T10:10:06.089Z,buy,5.75e-06,7738.0,0.0444935
SNM/BTC,1555063806089,2019-04-12T10:10:06.089Z,buy,5.76e-06,6263.0,0.03607488
SNM/BTC,1555063806089,2019-04-12T10:10:06.089Z,buy,5.77e-06,13366.0,0.07712182
SNM/BTC,1555063806089,2019-04-12T10:10:06.089Z,buy,5.78e-06,17685.0,0.1022193
SNM/BTC,1555063806603,2019-04-12T10:10:06.603Z,sell,5.73e-06,1779.0,0.01019367
SNM/BTC,1555063807758,2019-04-12T10:10:07.758Z,sell,5.73e-06,1734.0,0.00993582
SNM/BTC,1555063809699,2019-04-12T10:10:09.699Z,sell,5.73e-06,207.0,0.00118611
SNM/BTC,1555063810833,2019-04-12T10:10:10.833Z,sell,5.73e-06,820.0,0.0046986
SNM/BTC,1555063811194,2019-04-12T10:10:11.194Z,sell,5.73e-06,868.0,0.00497364
SNM/BTC,1555063811629,2019-04-12T10:10:11.629Z,buy,5.73e-06,223.0,0.00127779
SNM/BTC,1555063811765,2019-04-12T10:10:11.765Z,sell,5.72e-06,2472.0,0.01413984
SNM/BTC,1555063812031,2019-04-12T10:10:12.031Z,sell,5.72e-06,313.0,0.00179036
SNM/BTC,1555063812053,2019-04-12T10:10:12.053Z,sell,5.72e-06,241.0,0.00137852
SNM/BTC,1555063817492,2019-04-12T10:10:17.492Z,buy,5.72e-06,925.0,0.005291
SNM/BTC,1555063819353,2019-04-12T10:10:19.353Z,buy,5.73e-06,182.0,0.00104286
SNM/BTC,1555063823227,2019-04-12T10:10:23.227Z,buy,5.73e-06,1745.0,0.00999885
SNM/BTC,1555063823235,2019-04-12T10:10:23.235Z,buy,5.73e-06,261.0,0.00149553
SNM/BTC,1555063823316,2019-04-12T10:10:23.316Z,buy,5.73e-06,296.0,0.00169608
SNM/BTC,1555063823443,2019-04-12T10:10:23.443Z,buy,5.73e-06,349.0,0.00199977
SNM/BTC,1555063823529,2019-04-12T10:10:23.529Z,buy,5.73e-06,261.0,0.00149553
SNM/BTC,1555063823744,2019-04-12T10:10:23.744Z,buy,5.73e-06,456.0,0.00261288
SNM/BTC,1555063823877,2019-04-12T10:10:23.877Z,sell,5.71e-06,2276.0,0.01299596
SNM/BTC,1555063823877,2019-04-12T10:10:23.877Z,sell,5.7e-06,11467.0,0.0653619
SNM/BTC,1555063823927,2019-04-12T10:10:23.927Z,buy,5.7e-06,549.0,0.0031293
SNM/BTC,1555063823936,2019-04-12T10:10:23.936Z,buy,5.7e-06,538.0,0.0030665999999999
SNM/BTC,1555063824640,2019-04-12T10:10:24.640Z,buy,5.7e-06,383.0,0.0021831
SNM/BTC,1555063824858,2019-04-12T10:10:24.858Z,buy,5.7e-06,539.0,0.0030722999999999
SNM/BTC,1555063825379,2019-04-12T10:10:25.379Z,sell,5.69e-06,222.0,0.00126318
SNM/BTC,1555063825557,2019-04-12T10:10:25.557Z,sell,5.69e-06,1.0,5.69e-06
SNM/BTC,1555063825557,2019-04-12T10:10:25.557Z,sell,5.68e-06,285.0,0.0016187999999999
SNM/BTC,1555063827755,2019-04-12T10:10:27.755Z,sell,5.68e-06,186.0,0.00105648
SNM/BTC,1555063828570,2019-04-12T10:10:28.570Z,sell,5.67e-06,13479.0,0.07642593
SNM/BTC,1555063829773,2019-04-12T10:10:29.773Z,sell,5.67e-06,1797.0,0.01018899
SNM/BTC,1555063829773,2019-04-12T10:10:29.773Z,sell,5.66e-06,1416.0,0.00801456
SNM/BTC,1555063829773,2019-04-12T10:10:29.773Z,sell,5.65e-06,14869.0,0.08400985
SNM/BTC,1555063830244,2019-04-12T10:10:30.244Z,sell,5.65e-06,2244.0,0.0126786
SNM/BTC,1555063830803,2019-04-12T10:10:30.803Z,sell,5.65e-06,814.0,0.0045991
SNM/BTC,1555063831284,2019-04-12T10:10:31.284Z,sell,5.65e-06,781.0,0.00441265
SNM/BTC,1555063831746,2019-04-12T10:10:31.746Z,sell,5.65e-06,2036.0,0.0115034
SNM/BTC,1555063831746,2019-04-12T10:10:31.746Z,sell,5.64e-06,1738.0,0.00980232
SNM/BTC,1555063831746,2019-04-12T10:10:31.746Z,sell,5.64e-06,476.0,0.00268464
SNM/BTC,1555063832199,2019-04-12T10:10:32.199Z,sell,5.65e-06,503.0,0.00284195
SNM/BTC,1555063832679,2019-04-12T10:10:32.679Z,sell,5.65e-06,361.0,0.00203965
SNM/BTC,1555063833776,2019-04-12T10:10:33.776Z,sell,5.65e-06,1085.0,0.00613025
SNM/BTC,1555063846663,2019-04-12T10:10:46.663Z,sell,5.62e-06,1000.0,0.00562
SNM/BTC,1555063846663,2019-04-12T10:10:46.663Z,sell,5.61e-06,19783.0,0.11098263
SNM/BTC,1555063850603,2019-04-12T10:10:50.603Z,sell,5.61e-06,20783.0,0.1165926299999999
SNM/BTC,1555063853691,2019-04-12T10:10:53.691Z,sell,5.61e-06,2845.0,0.0159604499999999
SNM/BTC,1555063861253,2019-04-12T10:11:01.253Z,sell,5.61e-06,14275.0,0.08008275
SNM/BTC,1555063870759,2019-04-12T10:11:10.759Z,buy,5.62e-06,2136.0,0.01200432
SNM/BTC,1555063870759,2019-04-12T10:11:10.759Z,buy,5.63e-06,1589.0,0.00894607
SNM/BTC,1555063872698,2019-04-12T10:11:12.698Z,sell,5.63e-06,8162.0,0.04595206
SNM/BTC,1555063874346,2019-04-12T10:11:14.346Z,buy,5.64e-06,2764.0,0.01558896
SNM/BTC,1555063878187,2019-04-12T10:11:18.187Z,buy,5.65e-06,1751.0,0.00989315
SNM/BTC,1555063879101,2019-04-12T10:11:19.101Z,buy,5.65e-06,885.0,0.00500025
SNM/BTC,1555063881308,2019-04-12T10:11:21.308Z,buy,5.64e-06,975.0,0.005499
SNM/BTC,1555063881494,2019-04-12T10:11:21.494Z,buy,5.64e-06,863.0,0.00486732
SNM/BTC,1555063882108,2019-04-12T10:11:22.108Z,buy,5.64e-06,264.0,0.00148896
SNM/BTC,1555063882565,2019-04-12T10:11:22.565Z,buy,5.64e-06,265.0,0.0014946
SNM/BTC,1555063882848,2019-04-12T10:11:22.848Z,buy,5.64e-06,355.0,0.0020022
SNM/BTC,1555063883578,2019-04-12T10:11:23.578Z,buy,5.64e-06,436.0,0.00245904
SNM/BTC,1555063883578,2019-04-12T10:11:23.578Z,buy,5.65e-06,802.0,0.0045313
SNM/BTC,1555063883599,2019-04-12T10:11:23.599Z,buy,5.65e-06,556.0,0.0031414
SNM/BTC,1555063883643,2019-04-12T10:11:23.643Z,buy,5.65e-06,2654.0,0.0149951
SNM/BTC,1555063884781,2019-04-12T10:11:24.781Z,sell,5.64e-06,885.0,0.0049914
SNM/BTC,1555063884930,2019-04-12T10:11:24.930Z,buy,5.65e-06,194.0,0.0010961
SNM/BTC,1555063885021,2019-04-12T10:11:25.021Z,buy,5.65e-06,264.0,0.0014916
SNM/BTC,1555063885088,2019-04-12T10:11:25.088Z,buy,5.65e-06,353.0,0.00199445
SNM/BTC,1555063885676,2019-04-12T10:11:25.676Z,buy,5.65e-06,431.0,0.00243515
SNM/BTC,1555063887054,2019-04-12T10:11:27.054Z,buy,5.65e-06,2640.0,0.014916
SNM/BTC,1555063888135,2019-04-12T10:11:28.135Z,buy,5.66e-06,1150.0,0.006509
SNM/BTC,1555063888191,2019-04-12T10:11:28.191Z,buy,5.66e-06,2821.0,0.01596686
SNM/BTC,1555063889393,2019-04-12T10:11:29.393Z,sell,5.65e-06,1777.0,0.01004005
SNM/BTC,1555063889558,2019-04-12T10:11:29.558Z,buy,5.64e-06,111.0,0.00062604
SNM/BTC,1555063889720,2019-04-12T10:11:29.720Z,buy,5.66e-06,179.0,0.00101314
SNM/BTC,1555063889759,2019-04-12T10:11:29.759Z,buy,5.66e-06,179.0,0.00101314
SNM/BTC,1555063889934,2019-04-12T10:11:29.934Z,buy,5.66e-06,179.0,0.00101314
SNM/BTC,1555063890042,2019-04-12T10:11:30.042Z,buy,5.66e-06,1767.0,0.01000122
SNM/BTC,1555063890321,2019-04-12T10:11:30.321Z,buy,5.66e-06,442.0,0.00250172
SNM/BTC,1555063890505,2019-04-12T10:11:30.505Z,buy,5.66e-06,2651.0,0.01500466
SNM/BTC,1555063891057,2019-04-12T10:11:31.057Z,buy,5.66e-06,266.0,0.00150556
SNM/BTC,1555063896512,2019-04-12T10:11:36.512Z,sell,5.64e-06,1779.0,0.01003356
SNM/BTC,1555063896521,2019-04-12T10:11:36.521Z,sell,5.64e-06,333.0,0.00187812
SNM/BTC,1555063896612,2019-04-12T10:11:36.612Z,sell,5.64e-06,605.0,0.0034122
SNM/BTC,1555063904881,2019-04-12T10:11:44.881Z,buy,5.65e-06,2655.0,0.01500075
SNM/BTC,1555063905138,2019-04-12T10:11:45.138Z,buy,5.65e-06,3540.0,0.020001
SNM/BTC,1555063905152,2019-04-12T10:11:45.152Z,buy,5.65e-06,179.0,0.00101135
SNM/BTC,1555063906365,2019-04-12T10:11:46.365Z,sell,5.64e-06,2308.0,0.01301712
SNM/BTC,1555063906634,2019-04-12T10:11:46.634Z,buy,5.64e-06,354.0,0.00199656
SNM/BTC,1555063906979,2019-04-12T10:11:46.979Z,buy,5.64e-06,179.0,0.00100956
SNM/BTC,1555063907735,2019-04-12T10:11:47.735Z,buy,5.64e-06,355.0,0.0020022
SNM/BTC,1555063907735,2019-04-12T10:11:47.735Z,buy,5.65e-06,1774.0,0.0100231
SNM/BTC,1555063908444,2019-04-12T10:11:48.444Z,buy,5.64e-06,354.0,0.00199656
SNM/BTC,1555063908703,2019-04-12T10:11:48.703Z,sell,5.63e-06,8594.0,0.04838422
SNM/BTC,1555063911072,2019-04-12T10:11:51.072Z,buy,5.64e-06,887.0,0.00500268
SNM/BTC,1555063912201,2019-04-12T10:11:52.201Z,buy,5.64e-06,531.0,0.00299484
SNM/BTC,1555063912991,2019-04-12T10:11:52.991Z,sell,5.63e-06,966.0,0.00543858
SNM/BTC,1555063913020,2019-04-12T10:11:53.020Z,sell,5.63e-06,2245.0,0.01263935
SNM/BTC,1555063914043,2019-04-12T10:11:54.043Z,buy,5.63e-06,433.0,0.00243779
SNM/BTC,1555063917701,2019-04-12T10:11:57.701Z,buy,5.64e-06,992.0,0.00559488
SNM/BTC,1555063919193,2019-04-12T10:11:59.193Z,buy,5.65e-06,354.0,0.0020001
SNM/BTC,1555063919316,2019-04-12T10:11:59.316Z,buy,5.65e-06,17677.0,0.09987505
SNM/BTC,1555063926152,2019-04-12T10:12:06.152Z,sell,5.65e-06,3186.0,0.0180009
SNM/BTC,1555063926152,2019-04-12T10:12:06.152Z,sell,5.64e-06,2038.0,0.01149432
SNM/BTC,1555063951361,2019-04-12T10:12:31.361Z,sell,5.65e-06,3726.0,0.0210519
SNM/BTC,1555063956428,2019-04-12T10:12:36.428Z,sell,5.64e-06,5604.0,0.03160656
SNM/BTC,1555063962766,2019-04-12T10:12:42.766Z,buy,5.65e-06,18083.0,0.10216895
SNM/BTC,1555063962766,2019-04-12T10:12:42.766Z,buy,5.66e-06,12137.0,0.06869542
SNM/BTC,1555063962766,2019-04-12T10:12:42.766Z,buy,5.67e-06,1751.0,0.00992817
SNM/BTC,1555063962766,2019-04-12T10:12:42.766Z,buy,5.68e-06,13995.0,0.0794916
SNM/BTC,1555063962813,2019-04-12T10:12:42.813Z,sell,5.68e-06,1642.0,0.00932656
SNM/BTC,1555063962834,2019-04-12T10:12:42.834Z,sell,5.68e-06,1002.0,0.0056913599999999
SNM/BTC,1555063962852,2019-04-12T10:12:42.852Z,sell,5.68e-06,544.0,0.00308992
SNM/BTC,1555063963028,2019-04-12T10:12:43.028Z,sell,5.68e-06,2796.0,0.01588128
SNM/BTC,1555063963028,2019-04-12T10:12:43.028Z,sell,5.68e-06,2796.0,0.01588128
SNM/BTC,1555063965204,2019-04-12T10:12:45.204Z,sell,5.68e-06,431.0,0.00244808
SNM/BTC,1555063984456,2019-04-12T10:13:04.456Z,sell,5.68e-06,863.0,0.00490184
SNM/BTC,1555063987745,2019-04-12T10:13:07.745Z,sell,5.68e-06,886.0,0.00503248
SNM/BTC,1555063999274,2019-04-12T10:13:19.274Z,sell,5.68e-06,1731.0,0.00983208
SNM/BTC,1555064012891,2019-04-12T10:13:32.891Z,sell,5.68e-06,1991.0,0.01130888
SNM/BTC,1555064014537,2019-04-12T10:13:34.537Z,sell,5.66e-06,3056.0,0.01729696
SNM/BTC,1555064034104,2019-04-12T10:13:54.104Z,sell,5.65e-06,277.0,0.00156505
SNM/BTC,1555064037865,2019-04-12T10:13:57.865Z,buy,5.67e-06,9630.0,0.0546021
SNM/BTC,1555064083866,2019-04-12T10:14:43.866Z,buy,5.68e-06,187.0,0.00106216
SNM/BTC,1555064087876,2019-04-12T10:14:47.876Z,sell,5.68e-06,7223.0,0.0410266399999999
SNM/BTC,1555064087876,2019-04-12T10:14:47.876Z,sell,5.67e-06,16877.0,0.09569259
SNM/BTC,1555064104012,2019-04-12T10:15:04.012Z,sell,5.67e-06,50000.0,0.2835
SNM/BTC,1555064104346,2019-04-12T10:15:04.346Z,sell,5.67e-06,182.0,0.00103194
SNM/BTC,1555064104410,2019-04-12T10:15:04.410Z,sell,5.67e-06,1014.0,0.00574938
SNM/BTC,1555064107487,2019-04-12T10:15:07.487Z,sell,5.68e-06,544.0,0.00308992
SNM/BTC,1555064107600,2019-04-12T10:15:07.600Z,sell,5.68e-06,544.0,0.00308992
SNM/BTC,1555064107689,2019-04-12T10:15:07.689Z,sell,5.68e-06,468.0,0.00265824
SNM/BTC,1555064117127,2019-04-12T10:15:17.127Z,buy,5.68e-06,6485.0,0.0368348
SNM/BTC,1555064131689,2019-04-12T10:15:31.689Z,sell,5.68e-06,2452.0,0.01392736
SNM/BTC,1555064142955,2019-04-12T10:15:42.955Z,sell,5.68e-06,188.0,0.00106784
SNM/BTC,1555064148585,2019-04-12T10:15:48.585Z,sell,5.68e-06,389.0,0.00220952
SNM/BTC,1555064148666,2019-04-12T10:15:48.666Z,sell,5.68e-06,389.0,0.00220952
SNM/BTC,1555064148788,2019-04-12T10:15:48.788Z,sell,5.68e-06,389.0,0.00220952
SNM/BTC,1555064148880,2019-04-12T10:15:48.880Z,sell,5.68e-06,389.0,0.00220952
SNM/BTC,1555064148901,2019-04-12T10:15:48.901Z,sell,5.68e-06,389.0,0.00220952
SNM/BTC,1555064148991,2019-04-12T10:15:48.991Z,sell,5.68e-06,389.0,0.00220952
SNM/BTC,1555064149089,2019-04-12T10:15:49.089Z,sell,5.68e-06,389.0,0.00220952
SNM/BTC,1555064149174,2019-04-12T10:15:49.174Z,sell,5.68e-06,389.0,0.00220952
SNM/BTC,1555064149210,2019-04-12T10:15:49.210Z,sell,5.68e-06,389.0,0.00220952
SNM/BTC,1555064149307,2019-04-12T10:15:49.307Z,sell,5.68e-06,379.0,0.00215272
SNM/BTC,1555064179808,2019-04-12T10:16:19.808Z,sell,5.68e-06,417.0,0.00236856
SNM/BTC,1555064217479,2019-04-12T10:16:57.479Z,sell,5.68e-06,1408.0,0.00799744
SNM/BTC,1555064233231,2019-04-12T10:17:13.231Z,sell,5.68e-06,1556.0,0.00883808
SNM/BTC,1555064272137,2019-04-12T10:17:52.137Z,sell,5.68e-06,92527.0,0.52555336
