symbol,timestamp,datetime,side,price,amount,btc_volume
SNM/BTC,1609102848896,2020-12-27T21:00:48.896Z,sell,3.6e-07,255742.0,0.09206712
SNM/BTC,1609103042282,2020-12-27T21:04:02.282Z,sell,3.5e-07,12487.0,0.00437045
SNM/BTC,1609103042282,2020-12-27T21:04:02.282Z,sell,3.5e-07,2699.0,0.00094465
SNM/BTC,1609103042282,2020-12-27T21:04:02.282Z,sell,3.5e-07,37511.0,0.01312885
SNM/BTC,1609103042282,2020-12-27T21:04:02.282Z,sell,3.5e-07,12203.0,0.00427105
SNM/BTC,1609103042282,2020-12-27T21:04:02.282Z,sell,3.5e-07,4770.0,0.0016695
SNM/BTC,1609103042282,2020-12-27T21:04:02.282Z,sell,3.5e-07,7808.0,0.0027328
SNM/BTC,1609103042282,2020-12-27T21:04:02.282Z,sell,3.5e-07,2217.0,0.00077595
SNM/BTC,1609103303928,2020-12-27T21:08:23.928Z,sell,3.5e-07,1863.0,0.0006520499999999
SNM/BTC,1609103557508,2020-12-27T21:12:37.508Z,sell,3.5e-07,97289.0,0.0340511499999999
SNM/BTC,1609103624530,2020-12-27T21:13:44.530Z,sell,3.5e-07,130527.0,0.0456844499999999
SNM/BTC,1609103624734,2020-12-27T21:13:44.734Z,buy,3.6e-07,225026.0,0.08100936
SNM/BTC,1609103635553,2020-12-27T21:13:55.553Z,buy,3.6e-07,2157.0,0.0007765199999999
SNM/BTC,1609104102412,2020-12-27T21:21:42.412Z,buy,3.6e-07,2400.0,0.000864
SNM/BTC,1609104183676,2020-12-27T21:23:03.676Z,sell,3.5e-07,472984.0,0.1655443999999999
SNM/BTC,1609104218504,2020-12-27T21:23:38.504Z,buy,3.6e-07,4000.0,0.0014399999999999
SNM/BTC,1609104241695,2020-12-27T21:24:01.695Z,buy,3.6e-07,26300.0,0.0094679999999999
SNM/BTC,1609104377739,2020-12-27T21:26:17.739Z,buy,3.6e-07,11111.0,0.00399996
SNM/BTC,1609104543251,2020-12-27T21:29:03.251Z,sell,3.5e-07,10858.0,0.0038003
SNM/BTC,1609104613625,2020-12-27T21:30:13.625Z,sell,3.5e-07,178631.0,0.06252085
SNM/BTC,1609104938053,2020-12-27T21:35:38.053Z,sell,3.5e-07,13157.0,0.00460495
SNM/BTC,1609104956630,2020-12-27T21:35:56.630Z,buy,3.6e-07,22222.0,0.00799992
SNM/BTC,1609105010994,2020-12-27T21:36:50.994Z,buy,3.6e-07,92480.0,0.0332928
SNM/BTC,1609105102269,2020-12-27T21:38:22.269Z,buy,3.6e-07,3068.0,0.00110448
SNM/BTC,1609105227553,2020-12-27T21:40:27.553Z,buy,3.6e-07,19088.0,0.00687168
SNM/BTC,1609105301245,2020-12-27T21:41:41.245Z,buy,3.6e-07,54474.0,0.01961064
SNM/BTC,1609105392491,2020-12-27T21:43:12.491Z,sell,3.6e-07,4693.0,0.00168948
SNM/BTC,1609105517952,2020-12-27T21:45:17.952Z,sell,3.6e-07,109462.0,0.03940632
SNM/BTC,1609106345700,2020-12-27T21:59:05.700Z,sell,3.5e-07,47192.0,0.0165172
SNM/BTC,1609106345700,2020-12-27T21:59:05.700Z,sell,3.5e-07,47192.0,0.0165172
SNM/BTC,1609106755475,2020-12-27T22:05:55.475Z,buy,3.6e-07,2346.0,0.00084456
SNM/BTC,1609106763609,2020-12-27T22:06:03.609Z,buy,3.6e-07,866.0,0.00031176
SNM/BTC,1609106802237,2020-12-27T22:06:42.237Z,buy,3.6e-07,3055.0,0.0010998
SNM/BTC,1609107014067,2020-12-27T22:10:14.067Z,buy,3.6e-07,13678.0,0.00492408
SNM/BTC,1609107085587,2020-12-27T22:11:25.587Z,buy,3.6e-07,31111.0,0.01119996
SNM/BTC,1609107161786,2020-12-27T22:12:41.786Z,buy,3.6e-07,20620.0,0.0074232
SNM/BTC,1609107499325,2020-12-27T22:18:19.325Z,buy,3.6e-07,4688.0,0.00168768
SNM/BTC,1609107616035,2020-12-27T22:20:16.035Z,sell,3.5e-07,673.0,0.0002355499999999
SNM/BTC,1609107621010,2020-12-27T22:20:21.010Z,sell,3.5e-07,4683.0,0.00163905
SNM/BTC,1609107739512,2020-12-27T22:22:19.512Z,sell,3.5e-07,17397.0,0.00608895
SNM/BTC,1609107940717,2020-12-27T22:25:40.717Z,buy,3.6e-07,107891.0,0.03884076
SNM/BTC,1609108146558,2020-12-27T22:29:06.558Z,buy,3.6e-07,878.0,0.00031608
SNM/BTC,1609108970987,2020-12-27T22:42:50.987Z,buy,3.6e-07,33138.0,0.01192968
SNM/BTC,1609109380095,2020-12-27T22:49:40.095Z,buy,3.6e-07,48100.0,0.0173159999999999
SNM/BTC,1609109500976,2020-12-27T22:51:40.976Z,buy,3.6e-07,138889.0,0.05000004
SNM/BTC,1609109500976,2020-12-27T22:51:40.976Z,buy,3.6e-07,138889.0,0.05000004
SNM/BTC,1609110208751,2020-12-27T23:03:28.751Z,sell,3.6e-07,1500.0,0.00054
SNM/BTC,1609110268756,2020-12-27T23:04:28.756Z,sell,3.5e-07,1126.0,0.0003941
SNM/BTC,1609110302857,2020-12-27T23:05:02.857Z,buy,3.6e-07,915.0,0.0003294
SNM/BTC,1609112408042,2020-12-27T23:40:08.042Z,buy,3.6e-07,3243.0,0.00116748
SNM/BTC,1609112408042,2020-12-27T23:40:08.042Z,buy,3.6e-07,3243.0,0.00116748
SNM/BTC,1609113442688,2020-12-27T23:57:22.688Z,buy,3.6e-07,4000.0,0.0014399999999999
SNM/BTC,1609113675143,2020-12-28T00:01:15.143Z,buy,3.6e-07,53889.0,0.01940004
SNM/BTC,1609114217796,2020-12-28T00:10:17.796Z,sell,3.6e-07,7920.0,0.0028512
SNM/BTC,1609115457700,2020-12-28T00:30:57.700Z,buy,3.7e-07,150000.0,0.0555
SNM/BTC,1609115499508,2020-12-28T00:31:39.508Z,buy,3.7e-07,4000.0,0.00148
SNM/BTC,1609115525739,2020-12-28T00:32:05.739Z,buy,3.7e-07,594.0,0.00021978
SNM/BTC,1609115584792,2020-12-28T00:33:04.792Z,buy,3.7e-07,600.0,0.000222
SNM/BTC,1609115727987,2020-12-28T00:35:27.987Z,sell,3.6e-07,176563.0,0.06356268
SNM/BTC,1609115767874,2020-12-28T00:36:07.874Z,buy,3.6e-07,278.0,0.00010008
SNM/BTC,1609115986756,2020-12-28T00:39:46.756Z,sell,3.5e-07,5000.0,0.0017499999999999
SNM/BTC,1609115987519,2020-12-28T00:39:47.519Z,buy,3.6e-07,2857.0,0.00102852
SNM/BTC,1609115987519,2020-12-28T00:39:47.519Z,buy,3.6e-07,2857.0,0.00102852
SNM/BTC,1609116012660,2020-12-28T00:40:12.660Z,buy,3.6e-07,2004.0,0.00072144
SNM/BTC,1609116130143,2020-12-28T00:42:10.143Z,buy,3.6e-07,554.0,0.00019944
SNM/BTC,1609116206585,2020-12-28T00:43:26.585Z,buy,3.6e-07,10845.0,0.0039042
SNM/BTC,1609116219517,2020-12-28T00:43:39.517Z,sell,3.5e-07,7686.0,0.0026901
SNM/BTC,1609116774743,2020-12-28T00:52:54.743Z,buy,3.6e-07,124409.0,0.04478724
SNM/BTC,1609118282779,2020-12-28T01:18:02.779Z,buy,3.6e-07,10124.0,0.0036446399999999
SNM/BTC,1609118934413,2020-12-28T01:28:54.413Z,buy,3.6e-07,10879.0,0.00391644
SNM/BTC,1609119253451,2020-12-28T01:34:13.451Z,buy,3.6e-07,600.0,0.000216
SNM/BTC,1609119531667,2020-12-28T01:38:51.667Z,buy,3.6e-07,57383.0,0.02065788
SNM/BTC,1609119531667,2020-12-28T01:38:51.667Z,buy,3.6e-07,57383.0,0.02065788
SNM/BTC,1609120231558,2020-12-28T01:50:31.558Z,sell,3.6e-07,827.0,0.00029772
SNM/BTC,1609120595891,2020-12-28T01:56:35.891Z,sell,3.6e-07,174809.0,0.06293124
SNM/BTC,1609123007825,2020-12-28T02:36:47.825Z,sell,3.6e-07,9310.0,0.0033516
SNM/BTC,1609123007825,2020-12-28T02:36:47.825Z,sell,3.6e-07,9310.0,0.0033516
SNM/BTC,1609123689242,2020-12-28T02:48:09.242Z,sell,3.6e-07,286.0,0.00010296
SNM/BTC,1609124752034,2020-12-28T03:05:52.034Z,sell,3.6e-07,842.0,0.00030312
SNM/BTC,1609125353196,2020-12-28T03:15:53.196Z,sell,3.6e-07,3368.0,0.00121248
SNM/BTC,1609125573621,2020-12-28T03:19:33.621Z,sell,3.6e-07,64321.0,0.02315556
SNM/BTC,1609125584484,2020-12-28T03:19:44.484Z,sell,3.5e-07,1159.0,0.0004056499999999
SNM/BTC,1609125584484,2020-12-28T03:19:44.484Z,sell,3.5e-07,1159.0,0.0004056499999999
SNM/BTC,1609126612896,2020-12-28T03:36:52.896Z,sell,3.5e-07,124408.0,0.0435428
SNM/BTC,1609128197644,2020-12-28T04:03:17.644Z,sell,3.5e-07,1118.0,0.0003912999999999
SNM/BTC,1609128827519,2020-12-28T04:13:47.519Z,buy,3.6e-07,2130.0,0.0007668
SNM/BTC,1609128827519,2020-12-28T04:13:47.519Z,buy,3.6e-07,2130.0,0.0007668
SNM/BTC,1609129200392,2020-12-28T04:20:00.392Z,buy,3.6e-07,55556.0,0.02000016
SNM/BTC,1609129688577,2020-12-28T04:28:08.577Z,buy,3.7e-07,3554.0,0.00131498
SNM/BTC,1609130769665,2020-12-28T04:46:09.665Z,buy,3.7e-07,2816.0,0.00104192
SNM/BTC,1609131382536,2020-12-28T04:56:22.536Z,buy,3.7e-07,1760.0,0.0006512
SNM/BTC,1609131382536,2020-12-28T04:56:22.536Z,buy,3.7e-07,1760.0,0.0006512
SNM/BTC,1609133357773,2020-12-28T05:29:17.773Z,buy,3.7e-07,11916.0,0.00440892
SNM/BTC,1609133531540,2020-12-28T05:32:11.540Z,buy,3.7e-07,273.0,0.00010101
SNM/BTC,1609133872037,2020-12-28T05:37:52.037Z,sell,3.6e-07,1720.0,0.0006192
SNM/BTC,1609134047918,2020-12-28T05:40:47.918Z,sell,3.6e-07,4097.0,0.00147492
SNM/BTC,1609134712579,2020-12-28T05:51:52.579Z,sell,3.6e-07,4285.0,0.0015425999999999
SNM/BTC,1609134712579,2020-12-28T05:51:52.579Z,sell,3.6e-07,4285.0,0.0015425999999999
SNM/BTC,1609135225170,2020-12-28T06:00:25.170Z,sell,3.6e-07,206299.0,0.07426764
SNM/BTC,1609136256277,2020-12-28T06:17:36.277Z,buy,3.7e-07,11684.0,0.00432308
SNM/BTC,1609136256836,2020-12-28T06:17:36.836Z,buy,3.7e-07,12000.0,0.00444
SNM/BTC,1609136365400,2020-12-28T06:19:25.400Z,buy,3.7e-07,2703.0,0.00100011
SNM/BTC,1609137200090,2020-12-28T06:33:20.090Z,sell,3.6e-07,7852.0,0.00282672
SNM/BTC,1609137886450,2020-12-28T06:44:46.450Z,sell,3.6e-07,20920.0,0.0075312
SNM/BTC,1609137973471,2020-12-28T06:46:13.471Z,sell,3.6e-07,11703.0,0.00421308
SNM/BTC,1609137973471,2020-12-28T06:46:13.471Z,sell,3.6e-07,11703.0,0.00421308
SNM/BTC,1609138336619,2020-12-28T06:52:16.619Z,buy,3.7e-07,5128.0,0.00189736
SNM/BTC,1609138387897,2020-12-28T06:53:07.897Z,buy,3.7e-07,2703.0,0.00100011
SNM/BTC,1609138659625,2020-12-28T06:57:39.625Z,sell,3.6e-07,5754.0,0.00207144
SNM/BTC,1609138698534,2020-12-28T06:58:18.534Z,sell,3.6e-07,5790.0,0.0020844
SNM/BTC,1609138823725,2020-12-28T07:00:23.725Z,sell,3.6e-07,3351.0,0.00120636
SNM/BTC,1609138862308,2020-12-28T07:01:02.308Z,sell,3.6e-07,412.0,0.00014832
SNM/BTC,1609138950175,2020-12-28T07:02:30.175Z,sell,3.6e-07,3901.0,0.00140436
SNM/BTC,1609139117198,2020-12-28T07:05:17.198Z,sell,3.6e-07,6974.0,0.0025106399999999
SNM/BTC,1609139782601,2020-12-28T07:16:22.601Z,sell,3.6e-07,36136.0,0.01300896
SNM/BTC,1609139949129,2020-12-28T07:19:09.129Z,sell,3.6e-07,36218.0,0.01303848
SNM/BTC,1609140764989,2020-12-28T07:32:44.989Z,sell,3.6e-07,1638.0,0.00058968
SNM/BTC,1609141183296,2020-12-28T07:39:43.296Z,sell,3.6e-07,239675.0,0.086283
SNM/BTC,1609141484326,2020-12-28T07:44:44.326Z,buy,3.7e-07,7188.0,0.00265956
SNM/BTC,1609141484326,2020-12-28T07:44:44.326Z,buy,3.7e-07,7188.0,0.00265956
SNM/BTC,1609141989210,2020-12-28T07:53:09.210Z,buy,3.7e-07,36419.0,0.01347503
SNM/BTC,1609142067756,2020-12-28T07:54:27.756Z,sell,3.6e-07,3050.0,0.001098
SNM/BTC,1609142795177,2020-12-28T08:06:35.177Z,sell,3.6e-07,12007.0,0.00432252
SNM/BTC,1609142796956,2020-12-28T08:06:36.956Z,buy,3.7e-07,6157.0,0.00227809
SNM/BTC,1609142846805,2020-12-28T08:07:26.805Z,buy,3.7e-07,2703.0,0.00100011
SNM/BTC,1609142850055,2020-12-28T08:07:30.055Z,sell,3.6e-07,12008.0,0.00432288
SNM/BTC,1609143284943,2020-12-28T08:14:44.943Z,sell,3.6e-07,5886.0,0.00211896
SNM/BTC,1609143535963,2020-12-28T08:18:55.963Z,sell,3.6e-07,3051.0,0.00109836
SNM/BTC,1609144538438,2020-12-28T08:35:38.438Z,sell,3.6e-07,435.0,0.0001565999999999
SNM/BTC,1609144583598,2020-12-28T08:36:23.598Z,sell,3.6e-07,2637.0,0.00094932
SNM/BTC,1609144583598,2020-12-28T08:36:23.598Z,sell,3.6e-07,2637.0,0.00094932
SNM/BTC,1609146041997,2020-12-28T09:00:41.997Z,buy,3.7e-07,1016.0,0.00037592
SNM/BTC,1609146128033,2020-12-28T09:02:08.033Z,buy,3.7e-07,2703.0,0.00100011
SNM/BTC,1609146238673,2020-12-28T09:03:58.673Z,buy,3.7e-07,202198.0,0.07481326
SNM/BTC,1609146723390,2020-12-28T09:12:03.390Z,buy,3.7e-07,10403.0,0.00384911
SNM/BTC,1609147112708,2020-12-28T09:18:32.708Z,buy,3.7e-07,493884.0,0.18273708
SNM/BTC,1609147124032,2020-12-28T09:18:44.032Z,sell,3.7e-07,22199.0,0.00821363
SNM/BTC,1609147224692,2020-12-28T09:20:24.692Z,sell,3.7e-07,95240.0,0.0352388
SNM/BTC,1609147280674,2020-12-28T09:21:20.674Z,sell,3.7e-07,78374.0,0.02899838
SNM/BTC,1609147284102,2020-12-28T09:21:24.102Z,buy,3.7e-07,1849.0,0.00068413
SNM/BTC,1609147288190,2020-12-28T09:21:28.190Z,sell,3.6e-07,9912.0,0.00356832
SNM/BTC,1609147288363,2020-12-28T09:21:28.363Z,sell,3.6e-07,8409.0,0.00302724
SNM/BTC,1609147288477,2020-12-28T09:21:28.477Z,sell,3.6e-07,7576.0,0.00272736
SNM/BTC,1609147288477,2020-12-28T09:21:28.477Z,sell,3.6e-07,7576.0,0.00272736
SNM/BTC,1609148378868,2020-12-28T09:39:38.868Z,sell,3.6e-07,571.0,0.00020556
SNM/BTC,1609148434885,2020-12-28T09:40:34.885Z,buy,3.7e-07,31539.0,0.01166943
SNM/BTC,1609148485400,2020-12-28T09:41:25.400Z,buy,3.8e-07,2632.0,0.00100016
SNM/BTC,1609148665821,2020-12-28T09:44:25.821Z,sell,3.7e-07,10403.0,0.00384911
SNM/BTC,1609148694280,2020-12-28T09:44:54.280Z,sell,3.7e-07,5698.0,0.00210826
SNM/BTC,1609148728495,2020-12-28T09:45:28.495Z,sell,3.7e-07,90230.0,0.0333851
SNM/BTC,1609148752491,2020-12-28T09:45:52.491Z,sell,3.7e-07,21517.0,0.00796129
SNM/BTC,1609149065305,2020-12-28T09:51:05.305Z,sell,3.7e-07,29000.0,0.01073
SNM/BTC,1609149143503,2020-12-28T09:52:23.503Z,sell,3.7e-07,1760.0,0.0006512
SNM/BTC,1609149205727,2020-12-28T09:53:25.727Z,sell,3.7e-07,740.0,0.0002738
SNM/BTC,1609149210267,2020-12-28T09:53:30.267Z,sell,3.7e-07,6967.0,0.00257779
SNM/BTC,1609149312833,2020-12-28T09:55:12.833Z,sell,3.7e-07,500.0,0.000185
SNM/BTC,1609149526188,2020-12-28T09:58:46.188Z,sell,3.7e-07,638.0,0.00023606
SNM/BTC,1609149808650,2020-12-28T10:03:28.650Z,sell,3.7e-07,19796.0,0.00732452
SNM/BTC,1609149864146,2020-12-28T10:04:24.146Z,sell,3.6e-07,355.0,0.0001278
SNM/BTC,1609149874558,2020-12-28T10:04:34.558Z,sell,3.6e-07,352.0,0.00012672
SNM/BTC,1609149886361,2020-12-28T10:04:46.361Z,sell,3.6e-07,292.0,0.00010512
SNM/BTC,1609149903996,2020-12-28T10:05:03.996Z,sell,3.6e-07,865.0,0.0003114
SNM/BTC,1609150849150,2020-12-28T10:20:49.150Z,sell,3.6e-07,14060.0,0.0050616
SNM/BTC,1609150849150,2020-12-28T10:20:49.150Z,sell,3.6e-07,14060.0,0.0050616
SNM/BTC,1609151050798,2020-12-28T10:24:10.798Z,buy,3.7e-07,16500.0,0.006105
SNM/BTC,1609151068842,2020-12-28T10:24:28.842Z,buy,3.7e-07,3000.0,0.00111
SNM/BTC,1609151074965,2020-12-28T10:24:34.965Z,sell,3.6e-07,362.0,0.0001303199999999
SNM/BTC,1609151103566,2020-12-28T10:25:03.566Z,buy,3.7e-07,25958.0,0.00960446
SNM/BTC,1609151127378,2020-12-28T10:25:27.378Z,sell,3.6e-07,362.0,0.0001303199999999
SNM/BTC,1609151176829,2020-12-28T10:26:16.829Z,buy,3.7e-07,2703.0,0.00100011
SNM/BTC,1609151232072,2020-12-28T10:27:12.072Z,buy,3.7e-07,2703.0,0.00100011
SNM/BTC,1609151602472,2020-12-28T10:33:22.472Z,buy,3.7e-07,877.0,0.00032449
SNM/BTC,1609151700131,2020-12-28T10:35:00.131Z,sell,3.6e-07,1000.0,0.0003599999999999
SNM/BTC,1609151771573,2020-12-28T10:36:11.573Z,sell,3.6e-07,4470.0,0.0016091999999999
SNM/BTC,1609151818890,2020-12-28T10:36:58.890Z,buy,3.7e-07,8888.0,0.00328856
SNM/BTC,1609151857101,2020-12-28T10:37:37.101Z,sell,3.6e-07,73473.0,0.02645028
SNM/BTC,1609151886226,2020-12-28T10:38:06.226Z,buy,3.7e-07,2703.0,0.00100011
SNM/BTC,1609152148652,2020-12-28T10:42:28.652Z,buy,3.7e-07,55469.0,0.02052353
SNM/BTC,1609152250314,2020-12-28T10:44:10.314Z,buy,3.7e-07,7184.0,0.00265808
SNM/BTC,1609152674974,2020-12-28T10:51:14.974Z,sell,3.6e-07,3926.0,0.00141336
SNM/BTC,1609152870432,2020-12-28T10:54:30.432Z,sell,3.6e-07,615.0,0.0002214
SNM/BTC,1609153685721,2020-12-28T11:08:05.721Z,sell,3.6e-07,3284.0,0.00118224
SNM/BTC,1609154224062,2020-12-28T11:17:04.062Z,sell,3.6e-07,5670.0,0.0020412
SNM/BTC,1609154351255,2020-12-28T11:19:11.255Z,sell,3.6e-07,2816.0,0.00101376
SNM/BTC,1609154409158,2020-12-28T11:20:09.158Z,sell,3.6e-07,17967.0,0.00646812
SNM/BTC,1609154414360,2020-12-28T11:20:14.360Z,buy,3.7e-07,8000.0,0.00296
SNM/BTC,1609154414360,2020-12-28T11:20:14.360Z,buy,3.7e-07,8000.0,0.00296
SNM/BTC,1609154527569,2020-12-28T11:22:07.569Z,buy,3.7e-07,2703.0,0.00100011
SNM/BTC,1609154760420,2020-12-28T11:26:00.420Z,buy,3.7e-07,2740.0,0.0010138
SNM/BTC,1609155851536,2020-12-28T11:44:11.536Z,buy,3.7e-07,26512.0,0.00980944
SNM/BTC,1609155979200,2020-12-28T11:46:19.200Z,sell,3.6e-07,994.0,0.00035784
SNM/BTC,1609156328439,2020-12-28T11:52:08.439Z,sell,3.6e-07,7176.0,0.00258336
SNM/BTC,1609156436445,2020-12-28T11:53:56.445Z,buy,3.7e-07,371.0,0.00013727
SNM/BTC,1609156443743,2020-12-28T11:54:03.743Z,buy,3.7e-07,20540.0,0.0075998
SNM/BTC,1609156520830,2020-12-28T11:55:20.830Z,sell,3.6e-07,3108.0,0.00111888
SNM/BTC,1609156620332,2020-12-28T11:57:00.332Z,sell,3.6e-07,1288.0,0.00046368
SNM/BTC,1609156671511,2020-12-28T11:57:51.511Z,buy,3.7e-07,922.0,0.00034114
SNM/BTC,1609156726268,2020-12-28T11:58:46.268Z,buy,3.7e-07,2703.0,0.00100011
SNM/BTC,1609156786739,2020-12-28T11:59:46.739Z,sell,3.6e-07,371.0,0.00013356
SNM/BTC,1609156925784,2020-12-28T12:02:05.784Z,buy,3.7e-07,594.0,0.00021978
SNM/BTC,1609156983036,2020-12-28T12:03:03.036Z,buy,3.7e-07,600.0,0.000222
SNM/BTC,1609156983036,2020-12-28T12:03:03.036Z,buy,3.7e-07,600.0,0.000222
SNM/BTC,1609158503991,2020-12-28T12:28:23.991Z,sell,3.6e-07,121721.0,0.04381956
SNM/BTC,1609158986419,2020-12-28T12:36:26.419Z,buy,3.7e-07,72954.0,0.02699298
SNM/BTC,1609159016445,2020-12-28T12:36:56.445Z,sell,3.6e-07,3200.0,0.001152
SNM/BTC,1609159040693,2020-12-28T12:37:20.693Z,sell,3.6e-07,127417.0,0.04587012
SNM/BTC,1609159284213,2020-12-28T12:41:24.213Z,sell,3.6e-07,16709.0,0.00601524
SNM/BTC,1609159294092,2020-12-28T12:41:34.092Z,buy,3.7e-07,368.0,0.00013616
SNM/BTC,1609159451239,2020-12-28T12:44:11.239Z,buy,3.7e-07,2703.0,0.00100011
SNM/BTC,1609159585929,2020-12-28T12:46:25.929Z,buy,3.7e-07,600.0,0.000222
SNM/BTC,1609159598869,2020-12-28T12:46:38.869Z,sell,3.6e-07,300.0,0.000108
SNM/BTC,1609159611812,2020-12-28T12:46:51.812Z,sell,3.6e-07,643.0,0.00023148
SNM/BTC,1609159615142,2020-12-28T12:46:55.142Z,sell,3.6e-07,482.0,0.00017352
SNM/BTC,1609159618011,2020-12-28T12:46:58.011Z,sell,3.6e-07,482.0,0.00017352
SNM/BTC,1609159773575,2020-12-28T12:49:33.575Z,sell,3.6e-07,48714.0,0.01753704
SNM/BTC,1609159785944,2020-12-28T12:49:45.944Z,sell,3.6e-07,483.0,0.00017388
SNM/BTC,1609159790252,2020-12-28T12:49:50.252Z,sell,3.6e-07,483.0,0.00017388
SNM/BTC,1609160451817,2020-12-28T13:00:51.817Z,sell,3.6e-07,67422.0,0.02427192
SNM/BTC,1609160478251,2020-12-28T13:01:18.251Z,buy,3.7e-07,811.0,0.00030007
SNM/BTC,1609160542136,2020-12-28T13:02:22.136Z,sell,3.6e-07,368.0,0.00013248
SNM/BTC,1609160573965,2020-12-28T13:02:53.965Z,sell,3.6e-07,28088.0,0.01011168
SNM/BTC,1609160573965,2020-12-28T13:02:53.965Z,sell,3.6e-07,28088.0,0.01011168
SNM/BTC,1609160684409,2020-12-28T13:04:44.409Z,buy,3.7e-07,7053.0,0.00260961
SNM/BTC,1609160796515,2020-12-28T13:06:36.515Z,sell,3.6e-07,17575.0,0.006327
SNM/BTC,1609161221109,2020-12-28T13:13:41.109Z,sell,3.6e-07,11000.0,0.00396
SNM/BTC,1609161247923,2020-12-28T13:14:07.923Z,sell,3.6e-07,1666.0,0.00059976
SNM/BTC,1609161274503,2020-12-28T13:14:34.503Z,sell,3.6e-07,39617.0,0.01426212
SNM/BTC,1609161977295,2020-12-28T13:26:17.295Z,sell,3.6e-07,2000.0,0.0007199999999999
SNM/BTC,1609162023954,2020-12-28T13:27:03.954Z,buy,3.7e-07,18435.0,0.00682095
SNM/BTC,1609162598310,2020-12-28T13:36:38.310Z,sell,3.6e-07,1068.0,0.00038448
SNM/BTC,1609162702241,2020-12-28T13:38:22.241Z,sell,3.6e-07,2000.0,0.0007199999999999
SNM/BTC,1609162900513,2020-12-28T13:41:40.513Z,buy,3.7e-07,366.0,0.00013542
SNM/BTC,1609163112504,2020-12-28T13:45:12.504Z,buy,3.7e-07,319504.0,0.11821648
SNM/BTC,1609163220077,2020-12-28T13:47:00.077Z,buy,3.7e-07,15492.0,0.00573204
SNM/BTC,1609163252809,2020-12-28T13:47:32.809Z,buy,3.7e-07,27006.0,0.00999222
SNM/BTC,1609163329035,2020-12-28T13:48:49.035Z,sell,3.6e-07,366.0,0.00013176
SNM/BTC,1609163454864,2020-12-28T13:50:54.864Z,sell,3.6e-07,509.0,0.00018324
SNM/BTC,1609164018788,2020-12-28T14:00:18.788Z,sell,3.6e-07,11103.0,0.00399708
SNM/BTC,1609164084847,2020-12-28T14:01:24.847Z,buy,3.7e-07,2705.0,0.00100085
SNM/BTC,1609164133374,2020-12-28T14:02:13.374Z,buy,3.7e-07,2703.0,0.00100011
SNM/BTC,1609164133374,2020-12-28T14:02:13.374Z,buy,3.7e-07,2703.0,0.00100011
SNM/BTC,1609164194408,2020-12-28T14:03:14.408Z,sell,3.6e-07,335.0,0.0001206
SNM/BTC,1609164965086,2020-12-28T14:16:05.086Z,buy,3.7e-07,7935.0,0.00293595
SNM/BTC,1609165021689,2020-12-28T14:17:01.689Z,buy,3.7e-07,2703.0,0.00100011
SNM/BTC,1609165153572,2020-12-28T14:19:13.572Z,sell,3.6e-07,2056.0,0.00074016
SNM/BTC,1609166072673,2020-12-28T14:34:32.673Z,sell,3.6e-07,2413.0,0.00086868
SNM/BTC,1609166980459,2020-12-28T14:49:40.459Z,sell,3.6e-07,1052.0,0.00037872
SNM/BTC,1609167172514,2020-12-28T14:52:52.514Z,sell,3.6e-07,23279.0,0.00838044
SNM/BTC,1609167172514,2020-12-28T14:52:52.514Z,sell,3.6e-07,23279.0,0.00838044
SNM/BTC,1609168020465,2020-12-28T15:07:00.465Z,sell,3.6e-07,8434.0,0.00303624
SNM/BTC,1609168193981,2020-12-28T15:09:53.981Z,sell,3.6e-07,9571.0,0.00344556
SNM/BTC,1609168384215,2020-12-28T15:13:04.215Z,sell,3.6e-07,69121.0,0.02488356
SNM/BTC,1609169223132,2020-12-28T15:27:03.132Z,buy,3.7e-07,13230.0,0.0048951
SNM/BTC,1609169526578,2020-12-28T15:32:06.578Z,buy,3.7e-07,2972.0,0.00109964
SNM/BTC,1609169569127,2020-12-28T15:32:49.127Z,buy,3.7e-07,8242.0,0.00304954
SNM/BTC,1609169722063,2020-12-28T15:35:22.063Z,buy,3.7e-07,150405.0,0.05564985
SNM/BTC,1609170495801,2020-12-28T15:48:15.801Z,sell,3.6e-07,8233.0,0.00296388
SNM/BTC,1609170495801,2020-12-28T15:48:15.801Z,sell,3.6e-07,8233.0,0.00296388
SNM/BTC,1609171320495,2020-12-28T16:02:00.495Z,buy,3.7e-07,14050.0,0.0051985
SNM/BTC,1609171431506,2020-12-28T16:03:51.506Z,buy,3.7e-07,2703.0,0.00100011
SNM/BTC,1609171509755,2020-12-28T16:05:09.755Z,buy,3.7e-07,58533.0,0.02165721
SNM/BTC,1609171744991,2020-12-28T16:09:04.991Z,sell,3.6e-07,1917.0,0.00069012
SNM/BTC,1609172403478,2020-12-28T16:20:03.478Z,sell,3.6e-07,1044.0,0.00037584
SNM/BTC,1609172467490,2020-12-28T16:21:07.490Z,sell,3.6e-07,7927.0,0.00285372
SNM/BTC,1609172827988,2020-12-28T16:27:07.988Z,buy,3.7e-07,47007.0,0.01739259
SNM/BTC,1609172838837,2020-12-28T16:27:18.837Z,buy,3.7e-07,8744.0,0.00323528
SNM/BTC,1609173171182,2020-12-28T16:32:51.182Z,sell,3.6e-07,10180.0,0.0036647999999999
SNM/BTC,1609173345681,2020-12-28T16:35:45.681Z,buy,3.7e-07,270270.0,0.0999999
SNM/BTC,1609173417450,2020-12-28T16:36:57.450Z,buy,3.7e-07,2703.0,0.00100011
SNM/BTC,1609173417450,2020-12-28T16:36:57.450Z,buy,3.7e-07,2703.0,0.00100011
SNM/BTC,1609174202708,2020-12-28T16:50:02.708Z,sell,3.6e-07,12435.0,0.0044766
SNM/BTC,1609174484816,2020-12-28T16:54:44.816Z,sell,3.6e-07,6996.0,0.00251856
SNM/BTC,1609175204899,2020-12-28T17:06:44.899Z,sell,3.6e-07,4503.0,0.00162108
SNM/BTC,1609175306627,2020-12-28T17:08:26.627Z,sell,3.6e-07,8918.0,0.00321048
SNM/BTC,1609176027457,2020-12-28T17:20:27.457Z,sell,3.6e-07,8257.0,0.0029725199999999
SNM/BTC,1609176212408,2020-12-28T17:23:32.408Z,sell,3.6e-07,8240.0,0.0029664
SNM/BTC,1609176550145,2020-12-28T17:29:10.145Z,sell,3.6e-07,690.0,0.0002484
SNM/BTC,1609176629798,2020-12-28T17:30:29.798Z,sell,3.6e-07,325.0,0.000117
SNM/BTC,1609176785445,2020-12-28T17:33:05.445Z,buy,3.7e-07,131546.0,0.04867202
SNM/BTC,1609176785445,2020-12-28T17:33:05.445Z,buy,3.7e-07,131546.0,0.04867202
SNM/BTC,1609177319306,2020-12-28T17:41:59.306Z,sell,3.6e-07,1080.0,0.0003888
SNM/BTC,1609177541240,2020-12-28T17:45:41.240Z,buy,3.7e-07,284588.0,0.10529756
SNM/BTC,1609177622746,2020-12-28T17:47:02.746Z,sell,3.6e-07,333.0,0.00011988
SNM/BTC,1609178806453,2020-12-28T18:06:46.453Z,sell,3.6e-07,5458.0,0.00196488
SNM/BTC,1609179810875,2020-12-28T18:23:30.875Z,sell,3.6e-07,10000.0,0.0036
SNM/BTC,1609179810875,2020-12-28T18:23:30.875Z,sell,3.6e-07,10000.0,0.0036
SNM/BTC,1609181111639,2020-12-28T18:45:11.639Z,buy,3.7e-07,300.0,0.000111
SNM/BTC,1609181116303,2020-12-28T18:45:16.303Z,buy,3.7e-07,300.0,0.000111
SNM/BTC,1609181557848,2020-12-28T18:52:37.848Z,buy,3.7e-07,2972.0,0.00109964
SNM/BTC,1609181724264,2020-12-28T18:55:24.264Z,buy,3.7e-07,368.0,0.00013616
SNM/BTC,1609181728181,2020-12-28T18:55:28.181Z,buy,3.7e-07,500.0,0.000185
SNM/BTC,1609182031614,2020-12-28T19:00:31.614Z,buy,3.7e-07,362.0,0.00013394
SNM/BTC,1609182036360,2020-12-28T19:00:36.360Z,buy,3.7e-07,500.0,0.000185
SNM/BTC,1609182038226,2020-12-28T19:00:38.226Z,buy,3.7e-07,297.0,0.00010989
SNM/BTC,1609182040155,2020-12-28T19:00:40.155Z,buy,3.7e-07,354.0,0.00013098
SNM/BTC,1609182831507,2020-12-28T19:13:51.507Z,sell,3.6e-07,186991.0,0.06731676
SNM/BTC,1609183044788,2020-12-28T19:17:24.788Z,sell,3.6e-07,10032.0,0.00361152
SNM/BTC,1609183044788,2020-12-28T19:17:24.788Z,sell,3.6e-07,10032.0,0.00361152
SNM/BTC,1609183424974,2020-12-28T19:23:44.974Z,sell,3.6e-07,224801.0,0.08092836
SNM/BTC,1609183946222,2020-12-28T19:32:26.222Z,buy,3.7e-07,1000.0,0.00037
SNM/BTC,1609184398222,2020-12-28T19:39:58.222Z,sell,3.6e-07,5158.0,0.00185688
SNM/BTC,1609184452445,2020-12-28T19:40:52.445Z,sell,3.6e-07,1321.0,0.00047556
SNM/BTC,1609184861796,2020-12-28T19:47:41.796Z,sell,3.6e-07,43854.0,0.01578744
SNM/BTC,1609185095234,2020-12-28T19:51:35.234Z,sell,3.6e-07,20893.0,0.00752148
SNM/BTC,1609185103945,2020-12-28T19:51:43.945Z,sell,3.6e-07,50403.0,0.01814508
SNM/BTC,1609185138843,2020-12-28T19:52:18.843Z,sell,3.6e-07,63607.0,0.02289852
SNM/BTC,1609185366217,2020-12-28T19:56:06.217Z,sell,3.6e-07,171396.0,0.06170256
SNM/BTC,1609185454900,2020-12-28T19:57:34.900Z,sell,3.6e-07,221846.0,0.07986456
SNM/BTC,1609185852987,2020-12-28T20:04:12.987Z,sell,3.6e-07,269999.0,0.09719964
SNM/BTC,1609185945554,2020-12-28T20:05:45.554Z,sell,3.6e-07,25970.0,0.0093492
SNM/BTC,1609185949167,2020-12-28T20:05:49.167Z,sell,3.6e-07,3615.0,0.0013014
SNM/BTC,1609186249662,2020-12-28T20:10:49.662Z,sell,3.6e-07,131414.0,0.04730904
SNM/BTC,1609186344230,2020-12-28T20:12:24.230Z,sell,3.6e-07,15016.0,0.00540576
SNM/BTC,1609186344230,2020-12-28T20:12:24.230Z,sell,3.6e-07,15016.0,0.00540576
SNM/BTC,1609187156963,2020-12-28T20:25:56.963Z,sell,3.6e-07,564.0,0.00020304
SNM/BTC,1609187285907,2020-12-28T20:28:05.907Z,sell,3.6e-07,90231.0,0.03248316
SNM/BTC,1609187417107,2020-12-28T20:30:17.107Z,sell,3.6e-07,11099.0,0.00399564
SNM/BTC,1609187642299,2020-12-28T20:34:02.299Z,sell,3.6e-07,3133.0,0.00112788
SNM/BTC,1609187730654,2020-12-28T20:35:30.654Z,sell,3.6e-07,5555.0,0.0019998
SNM/BTC,1609187848057,2020-12-28T20:37:28.057Z,sell,3.6e-07,4166.0,0.00149976
SNM/BTC,1609188311791,2020-12-28T20:45:11.791Z,buy,3.7e-07,350.0,0.0001295
SNM/BTC,1609188350510,2020-12-28T20:45:50.510Z,buy,3.7e-07,2703.0,0.00100011
SNM/BTC,1609189013688,2020-12-28T20:56:53.688Z,sell,3.6e-07,85349.0,0.03072564
SNM/BTC,1609189013688,2020-12-28T20:56:53.688Z,sell,3.6e-07,85349.0,0.03072564
SNM/BTC,1609190119659,2020-12-28T21:15:19.659Z,sell,3.6e-07,2350.0,0.000846
SNM/BTC,1609190525102,2020-12-28T21:22:05.102Z,sell,3.6e-07,350.0,0.000126
SNM/BTC,1609190631377,2020-12-28T21:23:51.377Z,sell,3.6e-07,878.0,0.00031608
SNM/BTC,1609191028525,2020-12-28T21:30:28.525Z,buy,3.7e-07,271.0,0.00010027
SNM/BTC,1609191028525,2020-12-28T21:30:28.525Z,buy,3.7e-07,271.0,0.00010027
SNM/BTC,1609192843834,2020-12-28T22:00:43.834Z,sell,3.6e-07,983.0,0.00035388
SNM/BTC,1609192862900,2020-12-28T22:01:02.900Z,sell,3.6e-07,32074.0,0.01154664
SNM/BTC,1609193034284,2020-12-28T22:03:54.284Z,sell,3.6e-07,1000.0,0.0003599999999999
SNM/BTC,1609193140788,2020-12-28T22:05:40.788Z,sell,3.6e-07,181311.0,0.06527196
SNM/BTC,1609193261633,2020-12-28T22:07:41.633Z,buy,3.7e-07,399.0,0.00014763
SNM/BTC,1609193333972,2020-12-28T22:08:53.972Z,buy,3.7e-07,2703.0,0.00100011
SNM/BTC,1609193441205,2020-12-28T22:10:41.205Z,buy,3.7e-07,7000.0,0.00259
SNM/BTC,1609194186013,2020-12-28T22:23:06.013Z,sell,3.6e-07,2279.0,0.00082044
SNM/BTC,1609194339524,2020-12-28T22:25:39.524Z,sell,3.6e-07,8672.0,0.00312192
SNM/BTC,1609194339524,2020-12-28T22:25:39.524Z,sell,3.6e-07,8672.0,0.00312192
SNM/BTC,1609194917328,2020-12-28T22:35:17.328Z,buy,3.7e-07,31730.0,0.0117401
SNM/BTC,1609194972625,2020-12-28T22:36:12.625Z,buy,3.7e-07,2703.0,0.00100011
SNM/BTC,1609195009435,2020-12-28T22:36:49.435Z,sell,3.6e-07,23861.0,0.00858996
SNM/BTC,1609195103239,2020-12-28T22:38:23.239Z,sell,3.5e-07,13266.0,0.0046431
SNM/BTC,1609195103239,2020-12-28T22:38:23.239Z,sell,3.5e-07,9267.0,0.0032434499999999
SNM/BTC,1609195876539,2020-12-28T22:51:16.539Z,sell,3.5e-07,699.0,0.00024465
SNM/BTC,1609195927027,2020-12-28T22:52:07.027Z,buy,3.6e-07,611.0,0.00021996
SNM/BTC,1609195984458,2020-12-28T22:53:04.458Z,buy,3.6e-07,617.0,0.00022212
SNM/BTC,1609196080132,2020-12-28T22:54:40.132Z,buy,3.6e-07,14407.0,0.00518652
SNM/BTC,1609196244328,2020-12-28T22:57:24.328Z,sell,3.5e-07,31551.0,0.01104285
SNM/BTC,1609196420992,2020-12-28T23:00:20.992Z,sell,3.5e-07,405405.0,0.1418917499999999
SNM/BTC,1609196714893,2020-12-28T23:05:14.893Z,sell,3.5e-07,46614.0,0.0163149
SNM/BTC,1609196825584,2020-12-28T23:07:05.584Z,buy,3.6e-07,575.0,0.000207
SNM/BTC,1609197557213,2020-12-28T23:19:17.213Z,sell,3.5e-07,4125.0,0.00144375
SNM/BTC,1609197557213,2020-12-28T23:19:17.213Z,sell,3.5e-07,4125.0,0.00144375
SNM/BTC,1609197945834,2020-12-28T23:25:45.834Z,sell,3.5e-07,258457.0,0.09045995
SNM/BTC,1609198139674,2020-12-28T23:28:59.674Z,sell,3.5e-07,55500.0,0.0194249999999999
SNM/BTC,1609198148908,2020-12-28T23:29:08.908Z,sell,3.5e-07,999.0,0.0003496499999999
SNM/BTC,1609198286720,2020-12-28T23:31:26.720Z,sell,3.5e-07,193569.0,0.06774915
SNM/BTC,1609198343185,2020-12-28T23:32:23.185Z,buy,3.5e-07,120924.0,0.0423234
SNM/BTC,1609198347669,2020-12-28T23:32:27.669Z,buy,3.5e-07,11581.0,0.00405335
SNM/BTC,1609198387183,2020-12-28T23:33:07.183Z,buy,3.5e-07,8563.0,0.00299705
SNM/BTC,1609198587784,2020-12-28T23:36:27.784Z,sell,3.4e-07,713236.0,0.2425002399999999
SNM/BTC,1609198587784,2020-12-28T23:36:27.784Z,sell,3.4e-07,4936.0,0.00167824
SNM/BTC,1609198587784,2020-12-28T23:36:27.784Z,sell,3.4e-07,4936.0,0.00167824
SNM/BTC,1609198587784,2020-12-28T23:36:27.784Z,sell,3.4e-07,9489.0,0.00322626
SNM/BTC,1609198587784,2020-12-28T23:36:27.784Z,sell,3.4e-07,6715.0,0.0022830999999999
SNM/BTC,1609198587784,2020-12-28T23:36:27.784Z,sell,3.4e-07,27777.0,0.00944418
SNM/BTC,1609198587784,2020-12-28T23:36:27.784Z,sell,3.4e-07,11047.0,0.00375598
SNM/BTC,1609198587784,2020-12-28T23:36:27.784Z,sell,3.4e-07,5128.0,0.00174352
SNM/BTC,1609198587784,2020-12-28T23:36:27.784Z,sell,3.4e-07,78696.0,0.0267566399999999
SNM/BTC,1609198587784,2020-12-28T23:36:27.784Z,sell,3.4e-07,40989.0,0.0139362599999999
SNM/BTC,1609198587784,2020-12-28T23:36:27.784Z,sell,3.4e-07,5808.0,0.0019747199999999
SNM/BTC,1609198587784,2020-12-28T23:36:27.784Z,sell,3.4e-07,438.0,0.0001489199999999
SNM/BTC,1609198606257,2020-12-28T23:36:46.257Z,sell,3.4e-07,9510.0,0.0032333999999999
SNM/BTC,1609198606585,2020-12-28T23:36:46.585Z,sell,3.4e-07,599.0,0.0002036599999999
SNM/BTC,1609198606658,2020-12-28T23:36:46.658Z,sell,3.4e-07,9510.0,0.0032333999999999
SNM/BTC,1609198606744,2020-12-28T23:36:46.744Z,sell,3.4e-07,1635.0,0.0005558999999999
SNM/BTC,1609198607018,2020-12-28T23:36:47.018Z,sell,3.4e-07,11079.0,0.00376686
SNM/BTC,1609198607382,2020-12-28T23:36:47.382Z,sell,3.4e-07,5714.0,0.0019427599999999
SNM/BTC,1609198607688,2020-12-28T23:36:47.688Z,sell,3.4e-07,9494.0,0.0032279599999999
SNM/BTC,1609198607775,2020-12-28T23:36:47.775Z,sell,3.4e-07,6340.0,0.0021555999999999
SNM/BTC,1609198608008,2020-12-28T23:36:48.008Z,sell,3.4e-07,9510.0,0.0032333999999999
SNM/BTC,1609198608219,2020-12-28T23:36:48.219Z,sell,3.4e-07,856.0,0.0002910399999999
SNM/BTC,1609198608222,2020-12-28T23:36:48.222Z,sell,3.4e-07,297.0,0.00010098
SNM/BTC,1609198608399,2020-12-28T23:36:48.399Z,sell,3.4e-07,3337.0,0.0011345799999999
SNM/BTC,1609198608962,2020-12-28T23:36:48.962Z,sell,3.4e-07,8718.0,0.0029641199999999
SNM/BTC,1609198609043,2020-12-28T23:36:49.043Z,sell,3.4e-07,12680.0,0.0043111999999999
SNM/BTC,1609198609107,2020-12-28T23:36:49.107Z,sell,3.4e-07,6894.0,0.00234396
SNM/BTC,1609198609202,2020-12-28T23:36:49.202Z,sell,3.4e-07,7910.0,0.0026893999999999
SNM/BTC,1609198609836,2020-12-28T23:36:49.836Z,sell,3.4e-07,2047.0,0.0006959799999999
SNM/BTC,1609198611497,2020-12-28T23:36:51.497Z,buy,3.5e-07,2554.0,0.0008939
SNM/BTC,1609198936388,2020-12-28T23:42:16.388Z,sell,3.4e-07,3397.0,0.00115498
SNM/BTC,1609199154367,2020-12-28T23:45:54.367Z,buy,3.5e-07,2857.0,0.0009999499999999
SNM/BTC,1609199400051,2020-12-28T23:50:00.051Z,sell,3.4e-07,19114.0,0.0064987599999999
SNM/BTC,1609199624480,2020-12-28T23:53:44.480Z,buy,3.5e-07,436.0,0.0001526
SNM/BTC,1609199679519,2020-12-28T23:54:39.519Z,buy,3.5e-07,11760.0,0.004116
SNM/BTC,1609199745463,2020-12-28T23:55:45.463Z,buy,3.5e-07,105112.0,0.0367892
SNM/BTC,1609200242901,2020-12-29T00:04:02.901Z,buy,3.5e-07,13857.0,0.00484995
SNM/BTC,1609200786714,2020-12-29T00:13:06.714Z,buy,3.5e-07,3500.0,0.001225
SNM/BTC,1609200786714,2020-12-29T00:13:06.714Z,buy,3.5e-07,3500.0,0.001225
SNM/BTC,1609201320677,2020-12-29T00:22:00.677Z,sell,3.4e-07,6149.0,0.00209066
SNM/BTC,1609201415700,2020-12-29T00:23:35.700Z,buy,3.5e-07,5000.0,0.0017499999999999
SNM/BTC,1609201619760,2020-12-29T00:26:59.760Z,sell,3.4e-07,210806.0,0.07167404
SNM/BTC,1609202354713,2020-12-29T00:39:14.713Z,buy,3.5e-07,132559.0,0.04639565
SNM/BTC,1609202749600,2020-12-29T00:45:49.600Z,sell,3.4e-07,20453.0,0.0069540199999999
SNM/BTC,1609202988515,2020-12-29T00:49:48.515Z,sell,3.4e-07,2632.0,0.0008948799999999
SNM/BTC,1609203361785,2020-12-29T00:56:01.785Z,sell,3.4e-07,5124.0,0.0017421599999999
SNM/BTC,1609203399046,2020-12-29T00:56:39.046Z,sell,3.4e-07,5000.0,0.0017
SNM/BTC,1609203441484,2020-12-29T00:57:21.484Z,sell,3.4e-07,10000.0,0.0034
SNM/BTC,1609203649270,2020-12-29T01:00:49.270Z,sell,3.4e-07,2678.0,0.00091052
SNM/BTC,1609203887398,2020-12-29T01:04:47.398Z,sell,3.4e-07,66161.0,0.02249474
SNM/BTC,1609203900029,2020-12-29T01:05:00.029Z,sell,3.4e-07,2777.0,0.00094418
SNM/BTC,1609203979207,2020-12-29T01:06:19.207Z,sell,3.4e-07,4340.0,0.0014755999999999
SNM/BTC,1609204237411,2020-12-29T01:10:37.411Z,buy,3.5e-07,38000.0,0.0133
SNM/BTC,1609204245385,2020-12-29T01:10:45.385Z,buy,3.5e-07,500.0,0.000175
SNM/BTC,1609204260922,2020-12-29T01:11:00.922Z,buy,3.5e-07,300.0,0.0001049999999999
SNM/BTC,1609204260922,2020-12-29T01:11:00.922Z,buy,3.5e-07,300.0,0.0001049999999999
SNM/BTC,1609204894394,2020-12-29T01:21:34.394Z,buy,3.5e-07,39263.0,0.0137420499999999
SNM/BTC,1609205168853,2020-12-29T01:26:08.853Z,sell,3.4e-07,8730.0,0.0029682
SNM/BTC,1609205843198,2020-12-29T01:37:23.198Z,sell,3.4e-07,2130.0,0.0007241999999999
SNM/BTC,1609206378728,2020-12-29T01:46:18.728Z,sell,3.4e-07,884.0,0.0003005599999999
SNM/BTC,1609207010348,2020-12-29T01:56:50.348Z,sell,3.4e-07,91391.0,0.0310729399999999
SNM/BTC,1609207602213,2020-12-29T02:06:42.213Z,sell,3.4e-07,2705.0,0.0009197
SNM/BTC,1609207775215,2020-12-29T02:09:35.215Z,sell,3.4e-07,46342.0,0.0157562799999999
SNM/BTC,1609207775215,2020-12-29T02:09:35.215Z,sell,3.4e-07,46342.0,0.0157562799999999
SNM/BTC,1609207983642,2020-12-29T02:13:03.642Z,buy,3.5e-07,295.0,0.0001032499999999
SNM/BTC,1609208142408,2020-12-29T02:15:42.408Z,sell,3.4e-07,499.0,0.00016966
SNM/BTC,1609208143210,2020-12-29T02:15:43.210Z,buy,3.5e-07,5800.0,0.00203
SNM/BTC,1609208247857,2020-12-29T02:17:27.857Z,buy,3.5e-07,287.0,0.00010045
SNM/BTC,1609209134967,2020-12-29T02:32:14.967Z,sell,3.4e-07,2885.0,0.0009808999999999
SNM/BTC,1609209193212,2020-12-29T02:33:13.212Z,sell,3.4e-07,7895.0,0.0026842999999999
SNM/BTC,1609209346376,2020-12-29T02:35:46.376Z,sell,3.4e-07,168806.0,0.0573940399999999
SNM/BTC,1609209817300,2020-12-29T02:43:37.300Z,buy,3.5e-07,2000.0,0.0007
SNM/BTC,1609211044373,2020-12-29T03:04:04.373Z,buy,3.5e-07,14285.0,0.00499975
SNM/BTC,1609211044373,2020-12-29T03:04:04.373Z,buy,3.5e-07,14285.0,0.00499975
SNM/BTC,1609213157202,2020-12-29T03:39:17.202Z,buy,3.5e-07,85714.0,0.0299999
SNM/BTC,1609213200079,2020-12-29T03:40:00.079Z,sell,3.4e-07,18589.0,0.0063202599999999
SNM/BTC,1609214365000,2020-12-29T03:59:25.000Z,buy,3.5e-07,10774.0,0.0037708999999999
SNM/BTC,1609214517411,2020-12-29T04:01:57.411Z,sell,3.4e-07,44844.0,0.0152469599999999
SNM/BTC,1609214517411,2020-12-29T04:01:57.411Z,sell,3.4e-07,44844.0,0.0152469599999999
SNM/BTC,1609214915069,2020-12-29T04:08:35.069Z,sell,3.4e-07,6993.0,0.00237762
SNM/BTC,1609215414489,2020-12-29T04:16:54.489Z,sell,3.4e-07,10298.0,0.0035013199999999
SNM/BTC,1609215710573,2020-12-29T04:21:50.573Z,sell,3.4e-07,301.0,0.0001023399999999
SNM/BTC,1609216946720,2020-12-29T04:42:26.720Z,buy,3.5e-07,2562.0,0.0008967
SNM/BTC,1609217641942,2020-12-29T04:54:01.942Z,sell,3.4e-07,369571.0,0.12565414
SNM/BTC,1609217738652,2020-12-29T04:55:38.652Z,sell,3.4e-07,120924.0,0.04111416
SNM/BTC,1609217795697,2020-12-29T04:56:35.697Z,sell,3.4e-07,68878.0,0.0234185199999999
SNM/BTC,1609218011578,2020-12-29T05:00:11.578Z,sell,3.4e-07,9510.0,0.0032333999999999
SNM/BTC,1609218011578,2020-12-29T05:00:11.578Z,sell,3.4e-07,9510.0,0.0032333999999999
SNM/BTC,1609218121068,2020-12-29T05:02:01.068Z,sell,3.4e-07,1013.0,0.0003444199999999
SNM/BTC,1609218318847,2020-12-29T05:05:18.847Z,sell,3.4e-07,12150.0,0.0041309999999999
SNM/BTC,1609219170851,2020-12-29T05:19:30.851Z,sell,3.4e-07,2740.0,0.0009315999999999
SNM/BTC,1609219283482,2020-12-29T05:21:23.482Z,sell,3.4e-07,202293.0,0.06877962
SNM/BTC,1609219369404,2020-12-29T05:22:49.404Z,buy,3.5e-07,3000.0,0.00105
SNM/BTC,1609220263519,2020-12-29T05:37:43.519Z,sell,3.4e-07,22047.0,0.0074959799999999
SNM/BTC,1609221413935,2020-12-29T05:56:53.935Z,sell,3.4e-07,8798.0,0.0029913199999999
SNM/BTC,1609221413935,2020-12-29T05:56:53.935Z,sell,3.4e-07,8798.0,0.0029913199999999
SNM/BTC,1609221788719,2020-12-29T06:03:08.719Z,sell,3.4e-07,876.0,0.0002978399999999
SNM/BTC,1609221801403,2020-12-29T06:03:21.403Z,sell,3.4e-07,14941.0,0.00507994
SNM/BTC,1609221914035,2020-12-29T06:05:14.035Z,sell,3.3e-07,6761.0,0.00223113
SNM/BTC,1609221914035,2020-12-29T06:05:14.035Z,sell,3.3e-07,754.0,0.00024882
SNM/BTC,1609221914035,2020-12-29T06:05:14.035Z,sell,3.3e-07,2894.0,0.00095502
SNM/BTC,1609221914035,2020-12-29T06:05:14.035Z,sell,3.3e-07,16123.0,0.00532059
SNM/BTC,1609221914035,2020-12-29T06:05:14.035Z,sell,3.3e-07,5861.0,0.00193413
SNM/BTC,1609221914035,2020-12-29T06:05:14.035Z,sell,3.3e-07,2014.0,0.00066462
SNM/BTC,1609221914035,2020-12-29T06:05:14.035Z,sell,3.3e-07,20044.0,0.00661452
SNM/BTC,1609221914035,2020-12-29T06:05:14.035Z,sell,3.3e-07,4315.0,0.00142395
SNM/BTC,1609221914035,2020-12-29T06:05:14.035Z,sell,3.3e-07,4315.0,0.00142395
SNM/BTC,1609221914035,2020-12-29T06:05:14.035Z,sell,3.3e-07,13514.0,0.00445962
SNM/BTC,1609221914035,2020-12-29T06:05:14.035Z,sell,3.3e-07,45894.0,0.01514502
SNM/BTC,1609221914035,2020-12-29T06:05:14.035Z,sell,3.3e-07,2000.0,0.00066
SNM/BTC,1609221914035,2020-12-29T06:05:14.035Z,sell,3.3e-07,41879.0,0.01382007
SNM/BTC,1609221914035,2020-12-29T06:05:14.035Z,sell,3.3e-07,4598.0,0.00151734
SNM/BTC,1609221914035,2020-12-29T06:05:14.035Z,sell,3.3e-07,13499.0,0.00445467
SNM/BTC,1609221914035,2020-12-29T06:05:14.035Z,sell,3.3e-07,3500.0,0.001155
SNM/BTC,1609221914035,2020-12-29T06:05:14.035Z,sell,3.3e-07,8240.0,0.0027192
SNM/BTC,1609221914035,2020-12-29T06:05:14.035Z,sell,3.3e-07,8240.0,0.0027192
SNM/BTC,1609221914035,2020-12-29T06:05:14.035Z,sell,3.3e-07,13833.0,0.00456489
SNM/BTC,1609221914035,2020-12-29T06:05:14.035Z,sell,3.3e-07,48221.0,0.01591293
SNM/BTC,1609221914035,2020-12-29T06:05:14.035Z,sell,3.3e-07,10517.0,0.00347061
SNM/BTC,1609221914035,2020-12-29T06:05:14.035Z,sell,3.3e-07,16485.0,0.00544005
SNM/BTC,1609221914035,2020-12-29T06:05:14.035Z,sell,3.3e-07,8843.0,0.00291819
SNM/BTC,1609221914035,2020-12-29T06:05:14.035Z,sell,3.3e-07,1819.0,0.00060027
SNM/BTC,1609221914035,2020-12-29T06:05:14.035Z,sell,3.3e-07,916.0,0.00030228
SNM/BTC,1609221914035,2020-12-29T06:05:14.035Z,sell,3.3e-07,5685.0,0.00187605
SNM/BTC,1609221914035,2020-12-29T06:05:14.035Z,sell,3.3e-07,12234.0,0.00403722
SNM/BTC,1609221914035,2020-12-29T06:05:14.035Z,sell,3.3e-07,56308.0,0.01858164
SNM/BTC,1609221914035,2020-12-29T06:05:14.035Z,sell,3.3e-07,78696.0,0.02596968
SNM/BTC,1609221914719,2020-12-29T06:05:14.719Z,sell,3.3e-07,9494.0,0.00313302
SNM/BTC,1609221914921,2020-12-29T06:05:14.921Z,sell,3.3e-07,6226.0,0.00205458
SNM/BTC,1609221914948,2020-12-29T06:05:14.948Z,sell,3.3e-07,9494.0,0.00313302
SNM/BTC,1609221915151,2020-12-29T06:05:15.151Z,sell,3.3e-07,9494.0,0.00313302
SNM/BTC,1609221916123,2020-12-29T06:05:16.123Z,sell,3.3e-07,1480.0,0.0004884
SNM/BTC,1609221916207,2020-12-29T06:05:16.207Z,sell,3.3e-07,12664.0,0.00417912
SNM/BTC,1609221916375,2020-12-29T06:05:16.375Z,sell,3.3e-07,6543.0,0.00215919
SNM/BTC,1609221916846,2020-12-29T06:05:16.846Z,sell,3.3e-07,5858.0,0.00193314
SNM/BTC,1609221916868,2020-12-29T06:05:16.868Z,sell,3.3e-07,9496.0,0.00313368
SNM/BTC,1609221916876,2020-12-29T06:05:16.876Z,sell,3.3e-07,9494.0,0.00313302
SNM/BTC,1609221917012,2020-12-29T06:05:17.012Z,sell,3.3e-07,9494.0,0.00313302
SNM/BTC,1609221917344,2020-12-29T06:05:17.344Z,sell,3.3e-07,9510.0,0.0031383
SNM/BTC,1609221917643,2020-12-29T06:05:17.643Z,sell,3.3e-07,9510.0,0.0031383
SNM/BTC,1609221918159,2020-12-29T06:05:18.159Z,sell,3.3e-07,9510.0,0.0031383
SNM/BTC,1609221922874,2020-12-29T06:05:22.874Z,sell,3.3e-07,40605.0,0.01339965
SNM/BTC,1609222069582,2020-12-29T06:07:49.582Z,buy,3.4e-07,27028.0,0.00918952
SNM/BTC,1609222216898,2020-12-29T06:10:16.898Z,sell,3.3e-07,13217.0,0.00436161
SNM/BTC,1609222229350,2020-12-29T06:10:29.350Z,sell,3.3e-07,116338.0,0.03839154
SNM/BTC,1609222513241,2020-12-29T06:15:13.241Z,sell,3.3e-07,324.0,0.00010692
SNM/BTC,1609222974533,2020-12-29T06:22:54.533Z,buy,3.4e-07,7256.0,0.0024670399999999
SNM/BTC,1609223236282,2020-12-29T06:27:16.282Z,buy,3.4e-07,6858.0,0.00233172
SNM/BTC,1609224072829,2020-12-29T06:41:12.829Z,sell,3.3e-07,800.0,0.000264
SNM/BTC,1609224471659,2020-12-29T06:47:51.659Z,sell,3.3e-07,5731.0,0.00189123
SNM/BTC,1609224571174,2020-12-29T06:49:31.174Z,buy,3.4e-07,11156.0,0.0037930399999999
SNM/BTC,1609224571174,2020-12-29T06:49:31.174Z,buy,3.4e-07,11156.0,0.0037930399999999
SNM/BTC,1609225620207,2020-12-29T07:07:00.207Z,buy,3.4e-07,43230.0,0.0146981999999999
SNM/BTC,1609225628922,2020-12-29T07:07:08.922Z,buy,3.4e-07,305.0,0.0001036999999999
SNM/BTC,1609226146747,2020-12-29T07:15:46.747Z,buy,3.4e-07,56894.0,0.0193439599999999
SNM/BTC,1609226188111,2020-12-29T07:16:28.111Z,buy,3.4e-07,85341.0,0.0290159399999999
SNM/BTC,1609226189098,2020-12-29T07:16:29.098Z,sell,3.3e-07,6851.0,0.00226083
SNM/BTC,1609226623906,2020-12-29T07:23:43.906Z,sell,3.3e-07,1912.0,0.00063096
SNM/BTC,1609226736749,2020-12-29T07:25:36.749Z,sell,3.3e-07,207595.0,0.06850635
SNM/BTC,1609227063605,2020-12-29T07:31:03.605Z,sell,3.3e-07,2666.0,0.00087978
SNM/BTC,1609227101352,2020-12-29T07:31:41.352Z,sell,3.3e-07,598.0,0.00019734
SNM/BTC,1609227772995,2020-12-29T07:42:52.995Z,sell,3.3e-07,16806.0,0.00554598
SNM/BTC,1609227943939,2020-12-29T07:45:43.939Z,sell,3.3e-07,55290.0,0.0182457
SNM/BTC,1609227943939,2020-12-29T07:45:43.939Z,sell,3.3e-07,55290.0,0.0182457
SNM/BTC,1609228292001,2020-12-29T07:51:32.001Z,sell,3.3e-07,1723.0,0.00056859
SNM/BTC,1609228439085,2020-12-29T07:53:59.085Z,buy,3.4e-07,10705.0,0.0036396999999999
SNM/BTC,1609228600745,2020-12-29T07:56:40.745Z,buy,3.4e-07,162350.0,0.055199
SNM/BTC,1609228661220,2020-12-29T07:57:41.220Z,buy,3.4e-07,99591.0,0.03386094
SNM/BTC,1609228697942,2020-12-29T07:58:17.942Z,buy,3.4e-07,1000.0,0.0003399999999999
SNM/BTC,1609228705268,2020-12-29T07:58:25.268Z,buy,3.4e-07,294.0,9.996e-05
SNM/BTC,1609228764783,2020-12-29T07:59:24.783Z,buy,3.4e-07,147058.0,0.04999972
SNM/BTC,1609228810237,2020-12-29T08:00:10.237Z,buy,3.4e-07,32990.0,0.0112165999999999
SNM/BTC,1609228832625,2020-12-29T08:00:32.625Z,buy,3.4e-07,6288.0,0.0021379199999999
SNM/BTC,1609230155041,2020-12-29T08:22:35.041Z,sell,3.3e-07,20995.0,0.00692835
SNM/BTC,1609230327972,2020-12-29T08:25:27.972Z,buy,3.4e-07,530.0,0.0001802
SNM/BTC,1609230425611,2020-12-29T08:27:05.611Z,buy,3.4e-07,300.0,0.0001019999999999
SNM/BTC,1609230498816,2020-12-29T08:28:18.816Z,buy,3.4e-07,300.0,0.0001019999999999
SNM/BTC,1609230498816,2020-12-29T08:28:18.816Z,buy,3.4e-07,300.0,0.0001019999999999
SNM/BTC,1609231902531,2020-12-29T08:51:42.531Z,buy,3.4e-07,11023.0,0.00374782
SNM/BTC,1609232537790,2020-12-29T09:02:17.790Z,sell,3.3e-07,39078.0,0.01289574
SNM/BTC,1609232564498,2020-12-29T09:02:44.498Z,sell,3.3e-07,58617.0,0.01934361
SNM/BTC,1609232816658,2020-12-29T09:06:56.658Z,sell,3.3e-07,15023.0,0.00495759
SNM/BTC,1609233199783,2020-12-29T09:13:19.783Z,sell,3.3e-07,7560.0,0.0024948
SNM/BTC,1609233414580,2020-12-29T09:16:54.580Z,sell,3.3e-07,66530.0,0.0219549
SNM/BTC,1609233571631,2020-12-29T09:19:31.631Z,sell,3.3e-07,4435.0,0.00146355
SNM/BTC,1609233923815,2020-12-29T09:25:23.815Z,buy,3.4e-07,31000.0,0.0105399999999999
SNM/BTC,1609233996286,2020-12-29T09:26:36.286Z,sell,3.3e-07,7992.0,0.00263736
SNM/BTC,1609233996286,2020-12-29T09:26:36.286Z,sell,3.3e-07,7992.0,0.00263736
SNM/BTC,1609234150166,2020-12-29T09:29:10.166Z,sell,3.3e-07,2699.0,0.00089067
SNM/BTC,1609234661468,2020-12-29T09:37:41.468Z,sell,3.3e-07,6216.0,0.00205128
SNM/BTC,1609235263088,2020-12-29T09:47:43.088Z,sell,3.3e-07,2342.0,0.00077286
SNM/BTC,1609235351072,2020-12-29T09:49:11.072Z,buy,3.4e-07,1246.0,0.00042364
SNM/BTC,1609235565531,2020-12-29T09:52:45.531Z,sell,3.3e-07,304.0,0.00010032
SNM/BTC,1609235596464,2020-12-29T09:53:16.464Z,sell,3.3e-07,2727.0,0.00089991
SNM/BTC,1609235788638,2020-12-29T09:56:28.638Z,buy,3.4e-07,3023.0,0.0010278199999999
SNM/BTC,1609236708237,2020-12-29T10:11:48.237Z,buy,3.4e-07,11030.0,0.0037501999999999
SNM/BTC,1609236764184,2020-12-29T10:12:44.184Z,buy,3.4e-07,27891.0,0.0094829399999999
SNM/BTC,1609237462547,2020-12-29T10:24:22.547Z,buy,3.4e-07,11887.0,0.0040415799999999
SNM/BTC,1609237462547,2020-12-29T10:24:22.547Z,buy,3.4e-07,11887.0,0.0040415799999999
SNM/BTC,1609237600246,2020-12-29T10:26:40.246Z,buy,3.4e-07,442.0,0.0001502799999999
SNM/BTC,1609237750551,2020-12-29T10:29:10.551Z,buy,3.4e-07,13943.0,0.0047406199999999
SNM/BTC,1609238074593,2020-12-29T10:34:34.593Z,sell,3.3e-07,184848.0,0.06099984
SNM/BTC,1609238132738,2020-12-29T10:35:32.738Z,sell,3.3e-07,14392.0,0.00474936
SNM/BTC,1609238547853,2020-12-29T10:42:27.853Z,sell,3.3e-07,13929.0,0.00459657
SNM/BTC,1609238750611,2020-12-29T10:45:50.611Z,sell,3.3e-07,3112.0,0.00102696
SNM/BTC,1609238781507,2020-12-29T10:46:21.507Z,buy,3.4e-07,355.0,0.0001206999999999
SNM/BTC,1609239811023,2020-12-29T11:03:31.023Z,sell,3.3e-07,27891.0,0.00920403
SNM/BTC,1609239906907,2020-12-29T11:05:06.907Z,sell,3.3e-07,999.0,0.00032967
SNM/BTC,1609240645329,2020-12-29T11:17:25.329Z,sell,3.3e-07,63239.0,0.02086887
SNM/BTC,1609240645329,2020-12-29T11:17:25.329Z,sell,3.3e-07,63239.0,0.02086887
SNM/BTC,1609241626075,2020-12-29T11:33:46.075Z,sell,3.3e-07,25917.0,0.00855261
SNM/BTC,1609241776829,2020-12-29T11:36:16.829Z,sell,3.3e-07,7167.0,0.00236511
SNM/BTC,1609242457446,2020-12-29T11:47:37.446Z,sell,3.3e-07,3322.0,0.00109626
SNM/BTC,1609242692888,2020-12-29T11:51:32.888Z,sell,3.3e-07,6537.0,0.00215721
SNM/BTC,1609242821745,2020-12-29T11:53:41.745Z,sell,3.3e-07,132448.0,0.04370784
SNM/BTC,1609243127231,2020-12-29T11:58:47.231Z,sell,3.3e-07,154497.0,0.05098401
SNM/BTC,1609243271338,2020-12-29T12:01:11.338Z,buy,3.4e-07,2959.0,0.00100606
SNM/BTC,1609243443633,2020-12-29T12:04:03.633Z,sell,3.3e-07,999.0,0.00032967
SNM/BTC,1609243590129,2020-12-29T12:06:30.129Z,sell,3.3e-07,300.0,9.9e-05
SNM/BTC,1609243604188,2020-12-29T12:06:44.188Z,sell,3.3e-07,84910.0,0.0280203
SNM/BTC,1609243658503,2020-12-29T12:07:38.503Z,sell,3.3e-07,40107.0,0.01323531
SNM/BTC,1609243691003,2020-12-29T12:08:11.003Z,sell,3.2e-07,29011.0,0.00928352
SNM/BTC,1609243691003,2020-12-29T12:08:11.003Z,sell,3.2e-07,3881.0,0.00124192
SNM/BTC,1609243691003,2020-12-29T12:08:11.003Z,sell,3.2e-07,3791.0,0.00121312
SNM/BTC,1609243691003,2020-12-29T12:08:11.003Z,sell,3.2e-07,2707.0,0.00086624
SNM/BTC,1609243691003,2020-12-29T12:08:11.003Z,sell,3.2e-07,41857.0,0.01339424
SNM/BTC,1609243691003,2020-12-29T12:08:11.003Z,sell,3.2e-07,18998.0,0.00607936
SNM/BTC,1609243693849,2020-12-29T12:08:13.849Z,buy,3.3e-07,125465.0,0.04140345
SNM/BTC,1609243694417,2020-12-29T12:08:14.417Z,sell,3.2e-07,4050.0,0.001296
SNM/BTC,1609243744615,2020-12-29T12:09:04.615Z,sell,3.2e-07,15817.0,0.00506144
SNM/BTC,1609243744766,2020-12-29T12:09:04.766Z,sell,3.2e-07,7203.0,0.00230496
SNM/BTC,1609243884322,2020-12-29T12:11:24.322Z,sell,3.2e-07,7734.0,0.00247488
SNM/BTC,1609243932802,2020-12-29T12:12:12.802Z,sell,3.2e-07,76923.0,0.02461536
SNM/BTC,1609244054077,2020-12-29T12:14:14.077Z,sell,3.2e-07,385.0,0.0001232
SNM/BTC,1609244076624,2020-12-29T12:14:36.624Z,sell,3.2e-07,9990.0,0.0031968
SNM/BTC,1609244076624,2020-12-29T12:14:36.624Z,sell,3.2e-07,9990.0,0.0031968
SNM/BTC,1609244440948,2020-12-29T12:20:40.948Z,buy,3.3e-07,44860.0,0.0148038
SNM/BTC,1609244540557,2020-12-29T12:22:20.557Z,buy,3.3e-07,50000.0,0.0165
SNM/BTC,1609244781490,2020-12-29T12:26:21.490Z,sell,3.2e-07,44365.0,0.0141968
SNM/BTC,1609244817332,2020-12-29T12:26:57.332Z,sell,3.2e-07,38928.0,0.01245696
SNM/BTC,1609244910676,2020-12-29T12:28:30.676Z,buy,3.3e-07,2000.0,0.00066
SNM/BTC,1609244999011,2020-12-29T12:29:59.011Z,buy,3.3e-07,831.0,0.00027423
SNM/BTC,1609245113043,2020-12-29T12:31:53.043Z,sell,3.2e-07,320.0,0.0001024
SNM/BTC,1609245156935,2020-12-29T12:32:36.935Z,sell,3.2e-07,30034.0,0.00961088
SNM/BTC,1609245175821,2020-12-29T12:32:55.821Z,sell,3.2e-07,178544.0,0.05713408
SNM/BTC,1609245216961,2020-12-29T12:33:36.961Z,sell,3.2e-07,9763.0,0.00312416
SNM/BTC,1609245270406,2020-12-29T12:34:30.406Z,sell,3.2e-07,49950.0,0.015984
SNM/BTC,1609245484489,2020-12-29T12:38:04.489Z,sell,3.2e-07,11399.0,0.00364768
SNM/BTC,1609245570164,2020-12-29T12:39:30.164Z,sell,3.2e-07,5348.0,0.00171136
SNM/BTC,1609245624465,2020-12-29T12:40:24.465Z,sell,3.2e-07,166384.0,0.05324288
SNM/BTC,1609245641328,2020-12-29T12:40:41.328Z,sell,3.2e-07,57401.0,0.01836832
SNM/BTC,1609245779013,2020-12-29T12:42:59.013Z,sell,3.2e-07,249577.0,0.07986464
SNM/BTC,1609245867709,2020-12-29T12:44:27.709Z,sell,3.2e-07,108576.0,0.03474432
SNM/BTC,1609245900766,2020-12-29T12:45:00.766Z,sell,3.2e-07,2997.0,0.00095904
SNM/BTC,1609245922758,2020-12-29T12:45:22.758Z,sell,3.2e-07,64483.0,0.02063456
SNM/BTC,1609246080075,2020-12-29T12:48:00.075Z,sell,3.2e-07,109342.0,0.03498944
SNM/BTC,1609246267807,2020-12-29T12:51:07.807Z,buy,3.2e-07,467.0,0.00014944
SNM/BTC,1609246737915,2020-12-29T12:58:57.915Z,buy,3.2e-07,1000.0,0.00032
SNM/BTC,1609246748524,2020-12-29T12:59:08.524Z,buy,3.2e-07,7379.0,0.00236128
SNM/BTC,1609246753443,2020-12-29T12:59:13.443Z,buy,3.2e-07,2500.0,0.0008
SNM/BTC,1609247068116,2020-12-29T13:04:28.116Z,buy,3.2e-07,96522.0,0.03088704
SNM/BTC,1609247069567,2020-12-29T13:04:29.567Z,sell,3.1e-07,319184.0,0.09894704
SNM/BTC,1609247069567,2020-12-29T13:04:29.567Z,sell,3.1e-07,20405.0,0.00632555
SNM/BTC,1609247069567,2020-12-29T13:04:29.567Z,sell,3.1e-07,5374.0,0.00166594
SNM/BTC,1609247069567,2020-12-29T13:04:29.567Z,sell,3.1e-07,27028.0,0.00837868
SNM/BTC,1609247069567,2020-12-29T13:04:29.567Z,sell,3.1e-07,71046.0,0.02202426
SNM/BTC,1609247070765,2020-12-29T13:04:30.765Z,sell,3.1e-07,2857.0,0.00088567
SNM/BTC,1609247226757,2020-12-29T13:07:06.757Z,buy,3.2e-07,23592.0,0.00754944
SNM/BTC,1609247349977,2020-12-29T13:09:09.977Z,buy,3.2e-07,9100.0,0.002912
SNM/BTC,1609247364040,2020-12-29T13:09:24.040Z,sell,3.1e-07,49004.0,0.01519124
SNM/BTC,1609247454514,2020-12-29T13:10:54.514Z,buy,3.2e-07,15007.0,0.00480224
SNM/BTC,1609247488094,2020-12-29T13:11:28.094Z,buy,3.2e-07,1225.0,0.000392
SNM/BTC,1609247596696,2020-12-29T13:13:16.696Z,buy,3.2e-07,11613.0,0.00371616
SNM/BTC,1609247596696,2020-12-29T13:13:16.696Z,buy,3.2e-07,11613.0,0.00371616
SNM/BTC,1609248083056,2020-12-29T13:21:23.056Z,buy,3.2e-07,326206.0,0.10438592
SNM/BTC,1609248275431,2020-12-29T13:24:35.431Z,buy,3.2e-07,326499.0,0.10447968
SNM/BTC,1609248369312,2020-12-29T13:26:09.312Z,buy,3.2e-07,125277.0,0.04008864
SNM/BTC,1609248438940,2020-12-29T13:27:18.940Z,buy,3.2e-07,214220.0,0.0685504
SNM/BTC,1609248630264,2020-12-29T13:30:30.264Z,sell,3.1e-07,9031.0,0.00279961
SNM/BTC,1609248730663,2020-12-29T13:32:10.663Z,buy,3.2e-07,332200.0,0.106304
SNM/BTC,1609248801900,2020-12-29T13:33:21.900Z,buy,3.2e-07,5706.0,0.00182592
SNM/BTC,1609248926944,2020-12-29T13:35:26.944Z,buy,3.2e-07,206469.0,0.06607008
SNM/BTC,1609248970728,2020-12-29T13:36:10.728Z,buy,3.3e-07,14449.0,0.00476817
SNM/BTC,1609248970761,2020-12-29T13:36:10.761Z,buy,3.3e-07,7578.0,0.00250074
SNM/BTC,1609249015872,2020-12-29T13:36:55.872Z,buy,3.3e-07,1300.0,0.000429
SNM/BTC,1609249047267,2020-12-29T13:37:27.267Z,sell,3.2e-07,313.0,0.00010016
SNM/BTC,1609249056107,2020-12-29T13:37:36.107Z,sell,3.2e-07,2222.0,0.00071104
SNM/BTC,1609249802527,2020-12-29T13:50:02.527Z,buy,3.3e-07,133333.0,0.04399989
SNM/BTC,1609250446513,2020-12-29T14:00:46.513Z,buy,3.3e-07,1232.0,0.00040656
SNM/BTC,1609250561471,2020-12-29T14:02:41.471Z,buy,3.3e-07,1070.0,0.0003531
SNM/BTC,1609250571672,2020-12-29T14:02:51.672Z,sell,3.2e-07,1000.0,0.00032
SNM/BTC,1609250571672,2020-12-29T14:02:51.672Z,sell,3.2e-07,1000.0,0.00032
SNM/BTC,1609251425624,2020-12-29T14:17:05.624Z,sell,3.2e-07,12902.0,0.00412864
SNM/BTC,1609251825842,2020-12-29T14:23:45.842Z,buy,3.3e-07,64308.0,0.02122164
SNM/BTC,1609253208070,2020-12-29T14:46:48.070Z,sell,3.2e-07,96425.0,0.030856
SNM/BTC,1609253400426,2020-12-29T14:50:00.426Z,buy,3.3e-07,208651.0,0.06885483
SNM/BTC,1609253471755,2020-12-29T14:51:11.755Z,sell,3.2e-07,57757.0,0.01848224
SNM/BTC,1609253594024,2020-12-29T14:53:14.024Z,sell,3.2e-07,10818.0,0.00346176
SNM/BTC,1609253866722,2020-12-29T14:57:46.722Z,buy,3.3e-07,95645.0,0.03156285
SNM/BTC,1609254027298,2020-12-29T15:00:27.298Z,buy,3.3e-07,8036.0,0.00265188
SNM/BTC,1609254057303,2020-12-29T15:00:57.303Z,buy,3.3e-07,1303.0,0.00042999
SNM/BTC,1609254057303,2020-12-29T15:00:57.303Z,buy,3.3e-07,1303.0,0.00042999
SNM/BTC,1609254746706,2020-12-29T15:12:26.706Z,sell,3.2e-07,29690.0,0.0095008
SNM/BTC,1609255476405,2020-12-29T15:24:36.405Z,sell,3.2e-07,33250.0,0.01064
SNM/BTC,1609255914204,2020-12-29T15:31:54.204Z,sell,3.2e-07,2023.0,0.00064736
SNM/BTC,1609255940964,2020-12-29T15:32:20.964Z,sell,3.2e-07,414.0,0.00013248
SNM/BTC,1609256309284,2020-12-29T15:38:29.284Z,buy,3.3e-07,2800.0,0.000924
SNM/BTC,1609256372475,2020-12-29T15:39:32.475Z,buy,3.3e-07,316600.0,0.104478
SNM/BTC,1609256522776,2020-12-29T15:42:02.776Z,sell,3.2e-07,331867.0,0.10619744
SNM/BTC,1609256653964,2020-12-29T15:44:13.964Z,sell,3.2e-07,95549.0,0.03057568
SNM/BTC,1609256653964,2020-12-29T15:44:13.964Z,sell,3.2e-07,95549.0,0.03057568
SNM/BTC,1609257870150,2020-12-29T16:04:30.150Z,sell,3.2e-07,146910.0,0.0470112
SNM/BTC,1609258366593,2020-12-29T16:12:46.593Z,sell,3.2e-07,5539.0,0.00177248
SNM/BTC,1609258551178,2020-12-29T16:15:51.178Z,sell,3.2e-07,214005.0,0.0684816
SNM/BTC,1609258552812,2020-12-29T16:15:52.812Z,buy,3.3e-07,393.0,0.00012969
SNM/BTC,1609258586861,2020-12-29T16:16:26.861Z,buy,3.3e-07,2392.0,0.00078936
SNM/BTC,1609259117962,2020-12-29T16:25:17.962Z,sell,3.2e-07,2500.0,0.0008
SNM/BTC,1609259708273,2020-12-29T16:35:08.273Z,buy,3.3e-07,513.0,0.00016929
SNM/BTC,1609259708273,2020-12-29T16:35:08.273Z,buy,3.3e-07,513.0,0.00016929
SNM/BTC,1609260465553,2020-12-29T16:47:45.553Z,sell,3.2e-07,14366.0,0.00459712
SNM/BTC,1609260841040,2020-12-29T16:54:01.040Z,sell,3.2e-07,82876.0,0.02652032
SNM/BTC,1609260866403,2020-12-29T16:54:26.403Z,sell,3.2e-07,5029.0,0.00160928
SNM/BTC,1609261268942,2020-12-29T17:01:08.942Z,sell,3.2e-07,163231.0,0.05223392
SNM/BTC,1609261441390,2020-12-29T17:04:01.390Z,sell,3.2e-07,16061.0,0.00513952
SNM/BTC,1609261631178,2020-12-29T17:07:11.178Z,sell,3.2e-07,3768.0,0.00120576
SNM/BTC,1609262195328,2020-12-29T17:16:35.328Z,sell,3.2e-07,353.0,0.00011296
SNM/BTC,1609262695448,2020-12-29T17:24:55.448Z,sell,3.2e-07,43620.0,0.0139584
SNM/BTC,1609262836722,2020-12-29T17:27:16.722Z,sell,3.2e-07,69424.0,0.02221568
SNM/BTC,1609262956165,2020-12-29T17:29:16.165Z,sell,3.2e-07,125277.0,0.04008864
SNM/BTC,1609262956165,2020-12-29T17:29:16.165Z,sell,3.2e-07,125277.0,0.04008864
SNM/BTC,1609263558933,2020-12-29T17:39:18.933Z,buy,3.3e-07,2271.0,0.00074943
SNM/BTC,1609263577062,2020-12-29T17:39:37.062Z,buy,3.3e-07,498.0,0.00016434
SNM/BTC,1609264172035,2020-12-29T17:49:32.035Z,sell,3.2e-07,11988.0,0.00383616
SNM/BTC,1609264658782,2020-12-29T17:57:38.782Z,sell,3.2e-07,979.0,0.00031328
SNM/BTC,1609264728876,2020-12-29T17:58:48.876Z,sell,3.2e-07,1468.0,0.00046976
SNM/BTC,1609265828620,2020-12-29T18:17:08.620Z,sell,3.2e-07,1562.0,0.00049984
SNM/BTC,1609266087362,2020-12-29T18:21:27.362Z,sell,3.2e-07,2766.0,0.00088512
SNM/BTC,1609266321215,2020-12-29T18:25:21.215Z,sell,3.2e-07,15625.0,0.005
SNM/BTC,1609266470909,2020-12-29T18:27:50.909Z,sell,3.2e-07,684.0,0.00021888
SNM/BTC,1609266495308,2020-12-29T18:28:15.308Z,sell,3.2e-07,684.0,0.00021888
SNM/BTC,1609266495308,2020-12-29T18:28:15.308Z,sell,3.2e-07,684.0,0.00021888
SNM/BTC,1609266619061,2020-12-29T18:30:19.061Z,buy,3.3e-07,1500.0,0.000495
SNM/BTC,1609266701907,2020-12-29T18:31:41.907Z,buy,3.3e-07,2571.0,0.00084843
SNM/BTC,1609266841737,2020-12-29T18:34:01.737Z,sell,3.2e-07,3787.0,0.00121184
SNM/BTC,1609267182432,2020-12-29T18:39:42.432Z,sell,3.2e-07,1236.0,0.00039552
SNM/BTC,1609267397402,2020-12-29T18:43:17.402Z,buy,3.3e-07,1657.0,0.00054681
SNM/BTC,1609267667473,2020-12-29T18:47:47.473Z,buy,3.3e-07,90909.0,0.02999997
SNM/BTC,1609268218602,2020-12-29T18:56:58.602Z,buy,3.3e-07,606.0,0.00019998
SNM/BTC,1609268219551,2020-12-29T18:56:59.551Z,sell,3.2e-07,26650.0,0.008528
SNM/BTC,1609268232683,2020-12-29T18:57:12.683Z,sell,3.2e-07,13325.0,0.004264
SNM/BTC,1609268235892,2020-12-29T18:57:15.892Z,sell,3.2e-07,6663.0,0.00213216
SNM/BTC,1609268238641,2020-12-29T18:57:18.641Z,sell,3.2e-07,6663.0,0.00213216
SNM/BTC,1609268749456,2020-12-29T19:05:49.456Z,buy,3.3e-07,1916.0,0.00063228
SNM/BTC,1609268759618,2020-12-29T19:05:59.618Z,buy,3.3e-07,1371.0,0.00045243
SNM/BTC,1609268955367,2020-12-29T19:09:15.367Z,buy,3.3e-07,1000.0,0.00033
SNM/BTC,1609269305928,2020-12-29T19:15:05.928Z,buy,3.3e-07,2248.0,0.00074184
SNM/BTC,1609269714872,2020-12-29T19:21:54.872Z,sell,3.2e-07,19975.0,0.006392
SNM/BTC,1609269714872,2020-12-29T19:21:54.872Z,sell,3.2e-07,19975.0,0.006392
SNM/BTC,1609270493018,2020-12-29T19:34:53.018Z,buy,3.3e-07,1674.0,0.00055242
SNM/BTC,1609271176692,2020-12-29T19:46:16.692Z,sell,3.2e-07,1225.0,0.000392
SNM/BTC,1609271953135,2020-12-29T19:59:13.135Z,buy,3.3e-07,20180.0,0.0066594
SNM/BTC,1609271953135,2020-12-29T19:59:13.135Z,buy,3.3e-07,20180.0,0.0066594
SNM/BTC,1609274571874,2020-12-29T20:42:51.874Z,buy,3.3e-07,51681.0,0.01705473
SNM/BTC,1609274723012,2020-12-29T20:45:23.012Z,buy,3.3e-07,2534.0,0.00083622
SNM/BTC,1609274723012,2020-12-29T20:45:23.012Z,buy,3.3e-07,2534.0,0.00083622
SNM/BTC,1609275738708,2020-12-29T21:02:18.708Z,buy,3.3e-07,4090.0,0.0013497
SNM/BTC,1609276100349,2020-12-29T21:08:20.349Z,sell,3.2e-07,4716.0,0.00150912
SNM/BTC,1609276275730,2020-12-29T21:11:15.730Z,sell,3.2e-07,9490.0,0.0030368
SNM/BTC,1609276577294,2020-12-29T21:16:17.294Z,buy,3.3e-07,2000.0,0.00066
SNM/BTC,1609278041793,2020-12-29T21:40:41.793Z,sell,3.2e-07,1540.0,0.0004928
SNM/BTC,1609278041793,2020-12-29T21:40:41.793Z,sell,3.2e-07,1540.0,0.0004928
SNM/BTC,1609279481235,2020-12-29T22:04:41.235Z,sell,3.2e-07,1000.0,0.00032
SNM/BTC,1609279481235,2020-12-29T22:04:41.235Z,sell,3.2e-07,1000.0,0.00032
SNM/BTC,1609281674225,2020-12-29T22:41:14.225Z,buy,3.3e-07,1790.0,0.0005907
SNM/BTC,1609281676468,2020-12-29T22:41:16.468Z,buy,3.3e-07,525.0,0.00017325
SNM/BTC,1609282502091,2020-12-29T22:55:02.091Z,buy,3.3e-07,286.0,9.438e-05
SNM/BTC,1609282503019,2020-12-29T22:55:03.019Z,buy,3.3e-07,295.0,9.735e-05
SNM/BTC,1609282503502,2020-12-29T22:55:03.502Z,buy,3.3e-07,304.0,0.00010032
SNM/BTC,1609282503502,2020-12-29T22:55:03.502Z,buy,3.3e-07,304.0,0.00010032
SNM/BTC,1609283101581,2020-12-29T23:05:01.581Z,sell,3.2e-07,8028.0,0.00256896
SNM/BTC,1609283305157,2020-12-29T23:08:25.157Z,sell,3.2e-07,26978.0,0.00863296
SNM/BTC,1609283531856,2020-12-29T23:12:11.856Z,buy,3.3e-07,35277.0,0.01164141
SNM/BTC,1609284244581,2020-12-29T23:24:04.581Z,buy,3.3e-07,9877.0,0.00325941
SNM/BTC,1609285401265,2020-12-29T23:43:21.265Z,sell,3.2e-07,1098.0,0.00035136
SNM/BTC,1609285646733,2020-12-29T23:47:26.733Z,sell,3.2e-07,15492.0,0.00495744
SNM/BTC,1609285887217,2020-12-29T23:51:27.217Z,sell,3.2e-07,9877.0,0.00316064
SNM/BTC,1609285887217,2020-12-29T23:51:27.217Z,sell,3.2e-07,9877.0,0.00316064
SNM/BTC,1609286981689,2020-12-30T00:09:41.689Z,buy,3.3e-07,295.0,9.735e-05
SNM/BTC,1609286988682,2020-12-30T00:09:48.682Z,buy,3.3e-07,295.0,9.735e-05
SNM/BTC,1609286995656,2020-12-30T00:09:55.656Z,buy,3.3e-07,295.0,9.735e-05
SNM/BTC,1609286999241,2020-12-30T00:09:59.241Z,buy,3.3e-07,300.0,9.9e-05
SNM/BTC,1609287018510,2020-12-30T00:10:18.510Z,buy,3.3e-07,358.0,0.00011814
SNM/BTC,1609287018745,2020-12-30T00:10:18.745Z,buy,3.3e-07,359.0,0.00011847
SNM/BTC,1609287018745,2020-12-30T00:10:18.745Z,buy,3.3e-07,359.0,0.00011847
SNM/BTC,1609289999844,2020-12-30T00:59:59.844Z,sell,3.2e-07,3647.0,0.00116704
SNM/BTC,1609290540551,2020-12-30T01:09:00.551Z,sell,3.2e-07,13857.0,0.00443424
SNM/BTC,1609290540551,2020-12-30T01:09:00.551Z,sell,3.2e-07,13857.0,0.00443424
SNM/BTC,1609291493366,2020-12-30T01:24:53.366Z,sell,3.2e-07,389858.0,0.12475456
SNM/BTC,1609291740494,2020-12-30T01:29:00.494Z,buy,3.2e-07,4409.0,0.00141088
SNM/BTC,1609291860502,2020-12-30T01:31:00.502Z,buy,3.2e-07,8794.0,0.00281408
SNM/BTC,1609293284582,2020-12-30T01:54:44.582Z,sell,3.1e-07,1833.0,0.00056823
SNM/BTC,1609294012275,2020-12-30T02:06:52.275Z,buy,3.2e-07,937.0,0.00029984
SNM/BTC,1609294012275,2020-12-30T02:06:52.275Z,buy,3.2e-07,937.0,0.00029984
SNM/BTC,1609294734696,2020-12-30T02:18:54.696Z,buy,3.2e-07,1002.0,0.00032064
SNM/BTC,1609295085844,2020-12-30T02:24:45.844Z,sell,3.1e-07,386.0,0.00011966
SNM/BTC,1609295336733,2020-12-30T02:28:56.733Z,sell,3.1e-07,1847.0,0.00057257
SNM/BTC,1609296537014,2020-12-30T02:48:57.014Z,sell,3.1e-07,55981.0,0.01735411
SNM/BTC,1609297111842,2020-12-30T02:58:31.842Z,sell,3.1e-07,481.0,0.00014911
SNM/BTC,1609297111842,2020-12-30T02:58:31.842Z,sell,3.1e-07,481.0,0.00014911
SNM/BTC,1609297977361,2020-12-30T03:12:57.361Z,sell,3.1e-07,595.0,0.00018445
SNM/BTC,1609298208913,2020-12-30T03:16:48.913Z,sell,3.1e-07,20180.0,0.0062558
SNM/BTC,1609299343140,2020-12-30T03:35:43.140Z,sell,3.1e-07,90819.0,0.02815389
SNM/BTC,1609300340981,2020-12-30T03:52:20.981Z,sell,3.1e-07,10705.0,0.00331855
SNM/BTC,1609300340981,2020-12-30T03:52:20.981Z,sell,3.1e-07,10705.0,0.00331855
SNM/BTC,1609302175903,2020-12-30T04:22:55.903Z,buy,3.2e-07,887.0,0.00028384
SNM/BTC,1609302599040,2020-12-30T04:29:59.040Z,sell,3.1e-07,2776.0,0.00086056
SNM/BTC,1609302659713,2020-12-30T04:30:59.713Z,sell,3.1e-07,25294.0,0.00784114
SNM/BTC,1609302745914,2020-12-30T04:32:25.914Z,buy,3.2e-07,139408.0,0.04461056
SNM/BTC,1609302745914,2020-12-30T04:32:25.914Z,buy,3.2e-07,139408.0,0.04461056
SNM/BTC,1609304382532,2020-12-30T04:59:42.532Z,sell,3.1e-07,500.0,0.000155
SNM/BTC,1609304428437,2020-12-30T05:00:28.437Z,sell,3.1e-07,2500.0,0.000775
SNM/BTC,1609304458063,2020-12-30T05:00:58.063Z,sell,3.1e-07,999.0,0.00030969
SNM/BTC,1609304497013,2020-12-30T05:01:37.013Z,sell,3.1e-07,1000.0,0.00031
SNM/BTC,1609304650356,2020-12-30T05:04:10.356Z,sell,3.1e-07,3896.0,0.00120776
SNM/BTC,1609304909142,2020-12-30T05:08:29.142Z,buy,3.2e-07,645.0,0.0002064
SNM/BTC,1609306249169,2020-12-30T05:30:49.169Z,buy,3.2e-07,55968.0,0.01790976
SNM/BTC,1609306249169,2020-12-30T05:30:49.169Z,buy,3.2e-07,55968.0,0.01790976
SNM/BTC,1609306584011,2020-12-30T05:36:24.011Z,sell,3.1e-07,156180.0,0.0484158
SNM/BTC,1609306793781,2020-12-30T05:39:53.781Z,sell,3.1e-07,788.0,0.00024428
SNM/BTC,1609306879389,2020-12-30T05:41:19.389Z,sell,3.1e-07,192328.0,0.0596216799999999
SNM/BTC,1609307681621,2020-12-30T05:54:41.621Z,sell,3e-07,1039837.0,0.3119511
SNM/BTC,1609307681621,2020-12-30T05:54:41.621Z,sell,3e-07,5000.0,0.0015
SNM/BTC,1609307681621,2020-12-30T05:54:41.621Z,sell,3e-07,3000.0,0.0009
SNM/BTC,1609307681621,2020-12-30T05:54:41.621Z,sell,3e-07,2000.0,0.0006
SNM/BTC,1609307681621,2020-12-30T05:54:41.621Z,sell,3e-07,1000.0,0.0003
SNM/BTC,1609307681621,2020-12-30T05:54:41.621Z,sell,3e-07,7960.0,0.002388
SNM/BTC,1609307681621,2020-12-30T05:54:41.621Z,sell,3e-07,2436.0,0.0007308
SNM/BTC,1609307681621,2020-12-30T05:54:41.621Z,sell,3e-07,6938.0,0.0020813999999999
SNM/BTC,1609307681621,2020-12-30T05:54:41.621Z,sell,3e-07,6378.0,0.0019134
SNM/BTC,1609307681621,2020-12-30T05:54:41.621Z,sell,3e-07,5048.0,0.0015144
SNM/BTC,1609307681621,2020-12-30T05:54:41.621Z,sell,2.9e-07,386.0,0.0001119399999999
SNM/BTC,1609307681621,2020-12-30T05:54:41.621Z,sell,2.9e-07,5405.0,0.00156745
SNM/BTC,1609307681621,2020-12-30T05:54:41.621Z,sell,2.9e-07,71046.0,0.0206033399999999
SNM/BTC,1609307681621,2020-12-30T05:54:41.621Z,sell,2.9e-07,96008.0,0.0278423199999999
SNM/BTC,1609307681621,2020-12-30T05:54:41.621Z,sell,2.9e-07,6818.0,0.00197722
SNM/BTC,1609307681621,2020-12-30T05:54:41.621Z,sell,2.9e-07,847.0,0.00024563
SNM/BTC,1609307681621,2020-12-30T05:54:41.621Z,sell,2.9e-07,848.0,0.00024592
SNM/BTC,1609307681621,2020-12-30T05:54:41.621Z,sell,2.9e-07,2292.0,0.00066468
SNM/BTC,1609307681621,2020-12-30T05:54:41.621Z,sell,2.9e-07,1500.0,0.0004349999999999
SNM/BTC,1609307681621,2020-12-30T05:54:41.621Z,sell,2.9e-07,377.0,0.0001093299999999
SNM/BTC,1609307681621,2020-12-30T05:54:41.621Z,sell,2.9e-07,538.0,0.00015602
SNM/BTC,1609307681621,2020-12-30T05:54:41.621Z,sell,2.9e-07,5268.0,0.0015277199999999
SNM/BTC,1609307681621,2020-12-30T05:54:41.621Z,sell,2.9e-07,5031.0,0.0014589899999999
SNM/BTC,1609307681621,2020-12-30T05:54:41.621Z,sell,2.9e-07,776.0,0.0002250399999999
SNM/BTC,1609307681621,2020-12-30T05:54:41.621Z,sell,2.9e-07,2386.0,0.0006919399999999
SNM/BTC,1609307681621,2020-12-30T05:54:41.621Z,sell,2.9e-07,3088.0,0.0008955199999999
SNM/BTC,1609307681621,2020-12-30T05:54:41.621Z,sell,2.9e-07,12232.0,0.00354728
SNM/BTC,1609307681621,2020-12-30T05:54:41.621Z,sell,2.8e-07,12663.0,0.00354564
SNM/BTC,1609307681621,2020-12-30T05:54:41.621Z,sell,2.8e-07,2122.0,0.00059416
SNM/BTC,1609307681621,2020-12-30T05:54:41.621Z,sell,2.8e-07,564.0,0.00015792
SNM/BTC,1609307681621,2020-12-30T05:54:41.621Z,sell,2.8e-07,4321.0,0.00120988
SNM/BTC,1609307681621,2020-12-30T05:54:41.621Z,sell,2.8e-07,8333.0,0.00233324
SNM/BTC,1609307681621,2020-12-30T05:54:41.621Z,sell,2.8e-07,1389.0,0.00038892
SNM/BTC,1609307681621,2020-12-30T05:54:41.621Z,sell,2.8e-07,694.0,0.00019432
SNM/BTC,1609307681621,2020-12-30T05:54:41.621Z,sell,2.8e-07,11100.0,0.003108
SNM/BTC,1609307681621,2020-12-30T05:54:41.621Z,sell,2.8e-07,11100.0,0.003108
SNM/BTC,1609307681621,2020-12-30T05:54:41.621Z,sell,2.8e-07,11162.0,0.00312536
SNM/BTC,1609307681621,2020-12-30T05:54:41.621Z,sell,2.8e-07,35555.0,0.0099554
SNM/BTC,1609307681621,2020-12-30T05:54:41.621Z,sell,2.8e-07,2222.0,0.00062216
SNM/BTC,1609307681621,2020-12-30T05:54:41.621Z,sell,2.8e-07,2222.0,0.00062216
SNM/BTC,1609307681621,2020-12-30T05:54:41.621Z,sell,2.8e-07,4445.0,0.0012446
SNM/BTC,1609307681621,2020-12-30T05:54:41.621Z,sell,2.8e-07,3136.0,0.00087808
SNM/BTC,1609307681621,2020-12-30T05:54:41.621Z,sell,2.8e-07,736.0,0.00020608
SNM/BTC,1609307681621,2020-12-30T05:54:41.621Z,sell,2.8e-07,5738.0,0.00160664
SNM/BTC,1609307681621,2020-12-30T05:54:41.621Z,sell,2.8e-07,4583.0,0.00128324
SNM/BTC,1609307681621,2020-12-30T05:54:41.621Z,sell,2.8e-07,1146.0,0.00032088
SNM/BTC,1609307681621,2020-12-30T05:54:41.621Z,sell,2.8e-07,9445.0,0.0026446
SNM/BTC,1609307681621,2020-12-30T05:54:41.621Z,sell,2.8e-07,6564.0,0.00183792
SNM/BTC,1609307681621,2020-12-30T05:54:41.621Z,sell,2.8e-07,11988.0,0.00335664
SNM/BTC,1609307681621,2020-12-30T05:54:41.621Z,sell,2.8e-07,4013.0,0.00112364
SNM/BTC,1609307681621,2020-12-30T05:54:41.621Z,sell,2.8e-07,4802.0,0.00134456
SNM/BTC,1609307681621,2020-12-30T05:54:41.621Z,sell,2.8e-07,1498.0,0.00041944
SNM/BTC,1609307681621,2020-12-30T05:54:41.621Z,sell,2.8e-07,13130.0,0.0036764
SNM/BTC,1609307681621,2020-12-30T05:54:41.621Z,sell,2.8e-07,9365.0,0.0026222
SNM/BTC,1609307681856,2020-12-30T05:54:41.856Z,buy,2.9e-07,71110.0,0.0206219
SNM/BTC,1609307681856,2020-12-30T05:54:41.856Z,buy,3e-07,3795.0,0.0011385
SNM/BTC,1609307683058,2020-12-30T05:54:43.058Z,sell,3e-07,6219.0,0.0018656999999999
SNM/BTC,1609307683449,2020-12-30T05:54:43.449Z,sell,3e-07,8772.0,0.0026316
SNM/BTC,1609307684515,2020-12-30T05:54:44.515Z,sell,3e-07,345.0,0.0001035
SNM/BTC,1609307686097,2020-12-30T05:54:46.097Z,sell,3e-07,358.0,0.0001074
SNM/BTC,1609307686252,2020-12-30T05:54:46.252Z,sell,3e-07,358.0,0.0001074
SNM/BTC,1609307696190,2020-12-30T05:54:56.190Z,sell,3e-07,173383.0,0.0520148999999999
SNM/BTC,1609307710787,2020-12-30T05:55:10.787Z,sell,3e-07,8919.0,0.0026757
SNM/BTC,1609307715015,2020-12-30T05:55:15.015Z,sell,3e-07,3444.0,0.0010332
SNM/BTC,1609307715595,2020-12-30T05:55:15.595Z,sell,3e-07,3567.0,0.0010701
SNM/BTC,1609307716773,2020-12-30T05:55:16.773Z,sell,3e-07,1315.0,0.0003945
SNM/BTC,1609307754984,2020-12-30T05:55:54.984Z,sell,3e-07,12589.0,0.0037767
SNM/BTC,1609307766887,2020-12-30T05:56:06.887Z,sell,3e-07,10354.0,0.0031062
SNM/BTC,1609307769968,2020-12-30T05:56:09.968Z,sell,3e-07,790.0,0.000237
SNM/BTC,1609307769970,2020-12-30T05:56:09.970Z,sell,3e-07,2445.0,0.0007335
SNM/BTC,1609307773588,2020-12-30T05:56:13.588Z,sell,3e-07,3064.0,0.0009192
SNM/BTC,1609307773650,2020-12-30T05:56:13.650Z,sell,3e-07,1855.0,0.0005565
SNM/BTC,1609307775550,2020-12-30T05:56:15.550Z,sell,3e-07,5615.0,0.0016845
SNM/BTC,1609307980437,2020-12-30T05:59:40.437Z,sell,3e-07,1337.0,0.0004011
SNM/BTC,1609307990059,2020-12-30T05:59:50.059Z,sell,3e-07,936.0,0.0002808
SNM/BTC,1609308267354,2020-12-30T06:04:27.354Z,sell,3e-07,146086.0,0.0438258
SNM/BTC,1609308271106,2020-12-30T06:04:31.106Z,sell,2.9e-07,2429.0,0.0007044099999999
SNM/BTC,1609308273221,2020-12-30T06:04:33.221Z,sell,2.9e-07,30286.0,0.00878294
SNM/BTC,1609308273244,2020-12-30T06:04:33.244Z,sell,2.9e-07,5556.0,0.00161124
SNM/BTC,1609308336407,2020-12-30T06:05:36.407Z,sell,2.9e-07,48183.0,0.0139730699999999
SNM/BTC,1609308365889,2020-12-30T06:06:05.889Z,buy,3e-07,13012.0,0.0039035999999999
SNM/BTC,1609308365889,2020-12-30T06:06:05.889Z,buy,3e-07,3372.0,0.0010115999999999
SNM/BTC,1609308419696,2020-12-30T06:06:59.696Z,sell,2.9e-07,345.0,0.0001000499999999
SNM/BTC,1609308423095,2020-12-30T06:07:03.095Z,sell,2.9e-07,345.0,0.0001000499999999
SNM/BTC,1609308551870,2020-12-30T06:09:11.870Z,buy,3e-07,2983.0,0.0008948999999999
SNM/BTC,1609308553001,2020-12-30T06:09:13.001Z,sell,2.9e-07,4123.0,0.0011956699999999
SNM/BTC,1609308621413,2020-12-30T06:10:21.413Z,buy,3e-07,221878.0,0.0665634
SNM/BTC,1609308711960,2020-12-30T06:11:51.960Z,sell,2.9e-07,278087.0,0.08064523
SNM/BTC,1609309168314,2020-12-30T06:19:28.314Z,buy,3e-07,2000.0,0.0006
SNM/BTC,1609309175454,2020-12-30T06:19:35.454Z,sell,2.9e-07,9611.0,0.0027871899999999
SNM/BTC,1609309418687,2020-12-30T06:23:38.687Z,buy,3e-07,2000.0,0.0006
SNM/BTC,1609309486909,2020-12-30T06:24:46.909Z,sell,2.9e-07,1190.0,0.0003451
SNM/BTC,1609309488263,2020-12-30T06:24:48.263Z,sell,2.9e-07,1138.0,0.00033002
SNM/BTC,1609309488263,2020-12-30T06:24:48.263Z,sell,2.9e-07,1138.0,0.00033002
SNM/BTC,1609309989666,2020-12-30T06:33:09.666Z,buy,3e-07,8459.0,0.0025377
SNM/BTC,1609310043506,2020-12-30T06:34:03.506Z,sell,2.9e-07,253586.0,0.07353994
SNM/BTC,1609310044652,2020-12-30T06:34:04.652Z,sell,2.9e-07,9776.0,0.0028350399999999
SNM/BTC,1609310655569,2020-12-30T06:44:15.569Z,sell,2.9e-07,686994.0,0.19922826
SNM/BTC,1609310677919,2020-12-30T06:44:37.919Z,sell,2.9e-07,13664.0,0.0039625599999999
SNM/BTC,1609310797925,2020-12-30T06:46:37.925Z,sell,2.9e-07,23842.0,0.00691418
SNM/BTC,1609310906888,2020-12-30T06:48:26.888Z,sell,2.9e-07,3020.0,0.0008757999999999
SNM/BTC,1609311027867,2020-12-30T06:50:27.867Z,sell,2.9e-07,4421.0,0.0012820899999999
SNM/BTC,1609311042734,2020-12-30T06:50:42.734Z,buy,2.9e-07,9992.0,0.0028976799999999
SNM/BTC,1609311144857,2020-12-30T06:52:24.857Z,buy,2.9e-07,348.0,0.0001009199999999
SNM/BTC,1609311507781,2020-12-30T06:58:27.781Z,sell,2.8e-07,24188.0,0.00677264
SNM/BTC,1609311572624,2020-12-30T06:59:32.624Z,sell,2.8e-07,6944.0,0.00194432
SNM/BTC,1609311785749,2020-12-30T07:03:05.749Z,sell,2.8e-07,3545.0,0.0009926
SNM/BTC,1609311837398,2020-12-30T07:03:57.398Z,sell,2.8e-07,3943.0,0.00110404
SNM/BTC,1609311964084,2020-12-30T07:06:04.084Z,buy,2.9e-07,110912.0,0.0321644799999999
SNM/BTC,1609312639906,2020-12-30T07:17:19.906Z,buy,2.9e-07,500.0,0.000145
SNM/BTC,1609312834220,2020-12-30T07:20:34.220Z,sell,2.8e-07,31218.0,0.00874104
SNM/BTC,1609312849399,2020-12-30T07:20:49.399Z,sell,2.8e-07,53923.0,0.01509844
SNM/BTC,1609312972999,2020-12-30T07:22:52.999Z,buy,2.9e-07,147071.0,0.0426505899999999
SNM/BTC,1609312972999,2020-12-30T07:22:52.999Z,buy,2.9e-07,147071.0,0.0426505899999999
SNM/BTC,1609313102229,2020-12-30T07:25:02.229Z,buy,2.9e-07,50713.0,0.01470677
SNM/BTC,1609313601370,2020-12-30T07:33:21.370Z,sell,2.8e-07,11486.0,0.00321608
SNM/BTC,1609313963151,2020-12-30T07:39:23.151Z,buy,2.9e-07,35714.0,0.01035706
SNM/BTC,1609314561470,2020-12-30T07:49:21.470Z,buy,2.9e-07,1951.0,0.0005657899999999
SNM/BTC,1609315387050,2020-12-30T08:03:07.050Z,sell,2.8e-07,3256.0,0.00091168
SNM/BTC,1609315788803,2020-12-30T08:09:48.803Z,buy,2.9e-07,2028.0,0.0005881199999999
SNM/BTC,1609316130412,2020-12-30T08:15:30.412Z,buy,2.9e-07,1153982.0,0.33465478
SNM/BTC,1609316276339,2020-12-30T08:17:56.339Z,buy,2.9e-07,2110.0,0.0006119
SNM/BTC,1609316276339,2020-12-30T08:17:56.339Z,buy,2.9e-07,2110.0,0.0006119
SNM/BTC,1609316848002,2020-12-30T08:27:28.002Z,buy,2.9e-07,42906.0,0.0124427399999999
SNM/BTC,1609317685481,2020-12-30T08:41:25.481Z,buy,2.9e-07,1599.0,0.0004637099999999
SNM/BTC,1609318000450,2020-12-30T08:46:40.450Z,buy,2.9e-07,28197.0,0.00817713
SNM/BTC,1609318007434,2020-12-30T08:46:47.434Z,sell,2.8e-07,10000.0,0.0028
SNM/BTC,1609318357776,2020-12-30T08:52:37.776Z,buy,2.9e-07,3566.0,0.00103414
SNM/BTC,1609318448430,2020-12-30T08:54:08.430Z,buy,2.9e-07,1000.0,0.00029
SNM/BTC,1609318501020,2020-12-30T08:55:01.020Z,buy,2.9e-07,61999.0,0.01797971
SNM/BTC,1609318729875,2020-12-30T08:58:49.875Z,buy,2.9e-07,1119301.0,0.32459729
SNM/BTC,1609318851955,2020-12-30T09:00:51.955Z,buy,2.9e-07,3800.0,0.001102
SNM/BTC,1609319094936,2020-12-30T09:04:54.936Z,buy,2.9e-07,6259.0,0.0018151099999999
SNM/BTC,1609319424033,2020-12-30T09:10:24.033Z,buy,2.9e-07,689.0,0.0001998099999999
SNM/BTC,1609319424033,2020-12-30T09:10:24.033Z,buy,2.9e-07,689.0,0.0001998099999999
SNM/BTC,1609319886619,2020-12-30T09:18:06.619Z,sell,2.8e-07,2722.0,0.00076216
SNM/BTC,1609319959622,2020-12-30T09:19:19.622Z,buy,2.9e-07,43000.0,0.0124699999999999
SNM/BTC,1609319961078,2020-12-30T09:19:21.078Z,sell,2.8e-07,110801.0,0.03102428
SNM/BTC,1609320023990,2020-12-30T09:20:23.990Z,buy,2.9e-07,35714.0,0.01035706
SNM/BTC,1609320351975,2020-12-30T09:25:51.975Z,sell,2.8e-07,15469.0,0.00433132
SNM/BTC,1609320446335,2020-12-30T09:27:26.335Z,buy,2.9e-07,99063.0,0.0287282699999999
SNM/BTC,1609320716195,2020-12-30T09:31:56.195Z,buy,2.9e-07,6130.0,0.0017777
SNM/BTC,1609321769797,2020-12-30T09:49:29.797Z,buy,2.9e-07,121838.0,0.03533302
SNM/BTC,1609321958245,2020-12-30T09:52:38.245Z,buy,2.9e-07,118776.0,0.0344450399999999
SNM/BTC,1609321989581,2020-12-30T09:53:09.581Z,buy,2.9e-07,10000.0,0.0029
SNM/BTC,1609322025682,2020-12-30T09:53:45.682Z,buy,2.9e-07,89587.0,0.0259802299999999
SNM/BTC,1609322053743,2020-12-30T09:54:13.743Z,buy,2.9e-07,2669.0,0.0007740099999999
SNM/BTC,1609322087981,2020-12-30T09:54:47.981Z,buy,2.9e-07,3103.0,0.0008998699999999
SNM/BTC,1609322513260,2020-12-30T10:01:53.260Z,buy,2.9e-07,7254.0,0.00210366
SNM/BTC,1609322618233,2020-12-30T10:03:38.233Z,sell,2.8e-07,16595.0,0.0046466
SNM/BTC,1609322690111,2020-12-30T10:04:50.111Z,sell,2.8e-07,4000.0,0.00112
SNM/BTC,1609322770364,2020-12-30T10:06:10.364Z,buy,2.9e-07,138030.0,0.0400286999999999
SNM/BTC,1609322809069,2020-12-30T10:06:49.069Z,buy,2.9e-07,52600.0,0.0152539999999999
SNM/BTC,1609323009581,2020-12-30T10:10:09.581Z,buy,2.9e-07,8620.0,0.0024998
SNM/BTC,1609323009581,2020-12-30T10:10:09.581Z,buy,2.9e-07,8620.0,0.0024998
SNM/BTC,1609323089030,2020-12-30T10:11:29.030Z,sell,2.8e-07,50662.0,0.01418536
SNM/BTC,1609323599819,2020-12-30T10:19:59.819Z,buy,2.9e-07,7496.0,0.00217384
SNM/BTC,1609324380959,2020-12-30T10:33:00.959Z,sell,2.8e-07,30000.0,0.0084
SNM/BTC,1609324409048,2020-12-30T10:33:29.048Z,sell,2.8e-07,568.0,0.00015904
SNM/BTC,1609324457164,2020-12-30T10:34:17.164Z,buy,2.9e-07,82808.0,0.02401432
SNM/BTC,1609325135164,2020-12-30T10:45:35.164Z,sell,2.8e-07,4150.0,0.001162
SNM/BTC,1609325379616,2020-12-30T10:49:39.616Z,sell,2.8e-07,1000000.0,0.28
SNM/BTC,1609325485410,2020-12-30T10:51:25.410Z,sell,2.8e-07,138030.0,0.0386484
SNM/BTC,1609325805552,2020-12-30T10:56:45.552Z,sell,2.8e-07,93322.0,0.02613016
SNM/BTC,1609326020915,2020-12-30T11:00:20.915Z,buy,2.8e-07,123019.0,0.03444532
SNM/BTC,1609326132970,2020-12-30T11:02:12.970Z,buy,2.8e-07,50070.0,0.0140196
SNM/BTC,1609326257398,2020-12-30T11:04:17.398Z,sell,2.7e-07,625248.0,0.16881696
SNM/BTC,1609326257398,2020-12-30T11:04:17.398Z,sell,2.6e-07,66599.0,0.01731574
SNM/BTC,1609326257398,2020-12-30T11:04:17.398Z,sell,2.6e-07,59329.0,0.01542554
SNM/BTC,1609326257398,2020-12-30T11:04:17.398Z,sell,2.6e-07,59329.0,0.01542554
SNM/BTC,1609326257631,2020-12-30T11:04:17.631Z,buy,2.7e-07,10000.0,0.0027
SNM/BTC,1609326257635,2020-12-30T11:04:17.635Z,buy,2.7e-07,190517.0,0.05143959
SNM/BTC,1609326257636,2020-12-30T11:04:17.636Z,buy,2.7e-07,10000.0,0.0027
SNM/BTC,1609326257640,2020-12-30T11:04:17.640Z,buy,2.7e-07,116691.0,0.03150657
SNM/BTC,1609326257640,2020-12-30T11:04:17.640Z,buy,2.7e-07,169608.0,0.04579416
SNM/BTC,1609326315294,2020-12-30T11:05:15.294Z,sell,2.7e-07,3842.0,0.00103734
SNM/BTC,1609326507190,2020-12-30T11:08:27.190Z,buy,2.8e-07,12987.0,0.00363636
SNM/BTC,1609326507190,2020-12-30T11:08:27.190Z,buy,2.8e-07,12987.0,0.00363636
SNM/BTC,1609327001954,2020-12-30T11:16:41.954Z,buy,2.8e-07,85766.0,0.02401448
SNM/BTC,1609327012122,2020-12-30T11:16:52.122Z,buy,2.8e-07,137823.0,0.03859044
SNM/BTC,1609327078200,2020-12-30T11:17:58.200Z,buy,2.8e-07,8553.0,0.00239484
SNM/BTC,1609327262179,2020-12-30T11:21:02.179Z,buy,2.8e-07,356393.0,0.09979004
SNM/BTC,1609327268156,2020-12-30T11:21:08.156Z,buy,2.9e-07,4444.0,0.00128876
SNM/BTC,1609327269000,2020-12-30T11:21:09.000Z,buy,2.9e-07,1726.0,0.00050054
SNM/BTC,1609327336598,2020-12-30T11:22:16.598Z,sell,2.8e-07,430047.0,0.12041316
SNM/BTC,1609327345151,2020-12-30T11:22:25.151Z,sell,2.7e-07,2222.0,0.00059994
SNM/BTC,1609327345610,2020-12-30T11:22:25.610Z,sell,2.7e-07,371.0,0.00010017
SNM/BTC,1609327413749,2020-12-30T11:23:33.749Z,buy,2.8e-07,237761.0,0.06657308
SNM/BTC,1609327416958,2020-12-30T11:23:36.958Z,sell,2.8e-07,715.0,0.0002002
SNM/BTC,1609327463676,2020-12-30T11:24:23.676Z,sell,2.8e-07,715.0,0.0002002
SNM/BTC,1609327516757,2020-12-30T11:25:16.757Z,sell,2.8e-07,137823.0,0.03859044
SNM/BTC,1609327565158,2020-12-30T11:26:05.158Z,sell,2.8e-07,204579.0,0.05728212
SNM/BTC,1609327640952,2020-12-30T11:27:20.952Z,buy,2.9e-07,102187.0,0.0296342299999999
SNM/BTC,1609327647722,2020-12-30T11:27:27.722Z,buy,2.9e-07,49269.0,0.0142880099999999
SNM/BTC,1609327806689,2020-12-30T11:30:06.689Z,buy,2.9e-07,10668.0,0.00309372
SNM/BTC,1609328008944,2020-12-30T11:33:28.944Z,buy,2.9e-07,3743.0,0.0010854699999999
SNM/BTC,1609328017196,2020-12-30T11:33:37.196Z,sell,2.8e-07,11437.0,0.00320236
SNM/BTC,1609328088062,2020-12-30T11:34:48.062Z,sell,2.8e-07,8010.0,0.0022428
SNM/BTC,1609328128122,2020-12-30T11:35:28.122Z,sell,2.8e-07,320000.0,0.0896
SNM/BTC,1609328170629,2020-12-30T11:36:10.629Z,sell,2.8e-07,89497.0,0.02505916
SNM/BTC,1609328190905,2020-12-30T11:36:30.905Z,buy,2.9e-07,63588.0,0.01844052
SNM/BTC,1609328916557,2020-12-30T11:48:36.557Z,buy,2.9e-07,1365129.0,0.39588741
SNM/BTC,1609329043275,2020-12-30T11:50:43.275Z,buy,2.9e-07,71356.0,0.0206932399999999
SNM/BTC,1609329490419,2020-12-30T11:58:10.419Z,sell,2.8e-07,3709.0,0.00103852
SNM/BTC,1609329502171,2020-12-30T11:58:22.171Z,buy,2.9e-07,701294.0,0.2033752599999999
SNM/BTC,1609329504046,2020-12-30T11:58:24.046Z,sell,2.9e-07,690.0,0.0002000999999999
SNM/BTC,1609329556244,2020-12-30T11:59:16.244Z,buy,2.9e-07,690.0,0.0002000999999999
SNM/BTC,1609329590871,2020-12-30T11:59:50.871Z,buy,3e-07,641041.0,0.1923123
SNM/BTC,1609329946038,2020-12-30T12:05:46.038Z,sell,2.9e-07,5763.0,0.0016712699999999
SNM/BTC,1609329947045,2020-12-30T12:05:47.045Z,sell,2.9e-07,34286.0,0.0099429399999999
SNM/BTC,1609329993618,2020-12-30T12:06:33.618Z,sell,2.9e-07,4258.0,0.00123482
SNM/BTC,1609329993618,2020-12-30T12:06:33.618Z,sell,2.9e-07,4258.0,0.00123482
SNM/BTC,1609330309907,2020-12-30T12:11:49.907Z,sell,2.9e-07,399.0,0.0001157099999999
SNM/BTC,1609330797909,2020-12-30T12:19:57.909Z,sell,2.9e-07,426729.0,0.1237514099999999
SNM/BTC,1609330958127,2020-12-30T12:22:38.127Z,buy,2.9e-07,9052.0,0.0026250799999999
SNM/BTC,1609331178529,2020-12-30T12:26:18.529Z,buy,2.9e-07,501.0,0.0001452899999999
SNM/BTC,1609331495016,2020-12-30T12:31:35.016Z,buy,2.9e-07,401.0,0.0001162899999999
SNM/BTC,1609331497157,2020-12-30T12:31:37.157Z,buy,2.9e-07,334.0,9.686e-05
SNM/BTC,1609332834215,2020-12-30T12:53:54.215Z,buy,2.9e-07,6897.0,0.0020001299999999
SNM/BTC,1609332868507,2020-12-30T12:54:28.507Z,sell,2.8e-07,10760.0,0.0030128
SNM/BTC,1609332930208,2020-12-30T12:55:30.208Z,buy,2.9e-07,259261.0,0.07518569
SNM/BTC,1609332985266,2020-12-30T12:56:25.266Z,buy,3e-07,2578.0,0.0007733999999999
SNM/BTC,1609333277275,2020-12-30T13:01:17.275Z,sell,2.9e-07,132871.0,0.03853259
SNM/BTC,1609333277275,2020-12-30T13:01:17.275Z,sell,2.9e-07,132871.0,0.03853259
SNM/BTC,1609333724686,2020-12-30T13:08:44.686Z,sell,2.9e-07,46865.0,0.0135908499999999
SNM/BTC,1609333725353,2020-12-30T13:08:45.353Z,sell,2.9e-07,10000.0,0.0029
SNM/BTC,1609333735689,2020-12-30T13:08:55.689Z,sell,2.9e-07,33401.0,0.0096862899999999
SNM/BTC,1609333839473,2020-12-30T13:10:39.473Z,buy,2.9e-07,132672.0,0.0384748799999999
SNM/BTC,1609334036346,2020-12-30T13:13:56.346Z,sell,2.8e-07,1379.0,0.00038612
SNM/BTC,1609334114420,2020-12-30T13:15:14.420Z,sell,2.8e-07,6905.0,0.0019334
SNM/BTC,1609334487962,2020-12-30T13:21:27.962Z,buy,2.9e-07,2000.0,0.00058
SNM/BTC,1609334669872,2020-12-30T13:24:29.872Z,buy,2.9e-07,104215.0,0.03022235
SNM/BTC,1609334680158,2020-12-30T13:24:40.158Z,sell,2.8e-07,941.0,0.00026348
SNM/BTC,1609334761410,2020-12-30T13:26:01.410Z,buy,2.9e-07,2918.0,0.00084622
SNM/BTC,1609334819607,2020-12-30T13:26:59.607Z,sell,2.8e-07,261577.0,0.07324156
SNM/BTC,1609334852030,2020-12-30T13:27:32.030Z,buy,2.9e-07,101297.0,0.0293761299999999
SNM/BTC,1609335982155,2020-12-30T13:46:22.155Z,sell,2.8e-07,488.0,0.00013664
SNM/BTC,1609336030341,2020-12-30T13:47:10.341Z,buy,2.9e-07,2705.0,0.0007844499999999
SNM/BTC,1609336395409,2020-12-30T13:53:15.409Z,sell,2.8e-07,45578.0,0.01276184
SNM/BTC,1609336461093,2020-12-30T13:54:21.093Z,buy,2.9e-07,2000.0,0.00058
SNM/BTC,1609336461093,2020-12-30T13:54:21.093Z,buy,2.9e-07,2000.0,0.00058
SNM/BTC,1609337033812,2020-12-30T14:03:53.812Z,buy,2.9e-07,28830.0,0.0083606999999999
SNM/BTC,1609337698425,2020-12-30T14:14:58.425Z,buy,2.9e-07,5000.0,0.00145
SNM/BTC,1609338145740,2020-12-30T14:22:25.740Z,sell,2.8e-07,2182.0,0.00061096
SNM/BTC,1609338248822,2020-12-30T14:24:08.822Z,buy,2.9e-07,126292.0,0.03662468
SNM/BTC,1609338263837,2020-12-30T14:24:23.837Z,buy,2.9e-07,2626.0,0.0007615399999999
SNM/BTC,1609338285015,2020-12-30T14:24:45.015Z,buy,2.9e-07,461.0,0.00013369
SNM/BTC,1609338698502,2020-12-30T14:31:38.502Z,buy,2.9e-07,344.0,9.976e-05
SNM/BTC,1609338861034,2020-12-30T14:34:21.034Z,sell,2.8e-07,168574.0,0.04720072
SNM/BTC,1609338863066,2020-12-30T14:34:23.066Z,buy,2.9e-07,1000.0,0.00029
SNM/BTC,1609339383272,2020-12-30T14:43:03.272Z,buy,2.9e-07,10516.0,0.0030496399999999
SNM/BTC,1609339383272,2020-12-30T14:43:03.272Z,buy,2.9e-07,10516.0,0.0030496399999999
SNM/BTC,1609340688831,2020-12-30T15:04:48.831Z,buy,2.9e-07,8742.0,0.0025351799999999
SNM/BTC,1609340773426,2020-12-30T15:06:13.426Z,buy,2.9e-07,24461.0,0.00709369
SNM/BTC,1609341279264,2020-12-30T15:14:39.264Z,sell,2.8e-07,85714.0,0.02399992
SNM/BTC,1609341382717,2020-12-30T15:16:22.717Z,buy,2.9e-07,5103.0,0.0014798699999999
SNM/BTC,1609341398262,2020-12-30T15:16:38.262Z,sell,2.8e-07,421539.0,0.11803092
SNM/BTC,1609341628873,2020-12-30T15:20:28.873Z,buy,2.9e-07,3052.0,0.0008850799999999
SNM/BTC,1609341666584,2020-12-30T15:21:06.584Z,buy,2.9e-07,25000.0,0.0072499999999999
SNM/BTC,1609341687990,2020-12-30T15:21:27.990Z,buy,2.9e-07,61071.0,0.01771059
SNM/BTC,1609341829707,2020-12-30T15:23:49.707Z,buy,2.9e-07,11300.0,0.0032769999999999
SNM/BTC,1609341932126,2020-12-30T15:25:32.126Z,buy,2.9e-07,2462.0,0.0007139799999999
SNM/BTC,1609341973790,2020-12-30T15:26:13.790Z,sell,2.8e-07,3900.0,0.001092
SNM/BTC,1609341973790,2020-12-30T15:26:13.790Z,buy,2.9e-07,5000.0,0.00145
SNM/BTC,1609341992746,2020-12-30T15:26:32.746Z,buy,2.9e-07,2462.0,0.0007139799999999
SNM/BTC,1609342029973,2020-12-30T15:27:09.973Z,buy,2.9e-07,3668.0,0.00106372
SNM/BTC,1609342544522,2020-12-30T15:35:44.522Z,sell,2.8e-07,461.0,0.00012908
SNM/BTC,1609342544522,2020-12-30T15:35:44.522Z,buy,2.9e-07,5000.0,0.00145
SNM/BTC,1609342605077,2020-12-30T15:36:45.077Z,sell,2.8e-07,5486.0,0.00153608
SNM/BTC,1609342703996,2020-12-30T15:38:23.996Z,sell,2.8e-07,1949.0,0.00054572
SNM/BTC,1609342774345,2020-12-30T15:39:34.345Z,buy,2.9e-07,13652.0,0.0039590799999999
SNM/BTC,1609342883693,2020-12-30T15:41:23.693Z,buy,2.9e-07,9738.0,0.0028240199999999
SNM/BTC,1609342943774,2020-12-30T15:42:23.774Z,buy,2.9e-07,1395.0,0.0004045499999999
SNM/BTC,1609342943774,2020-12-30T15:42:23.774Z,buy,2.9e-07,1395.0,0.0004045499999999
SNM/BTC,1609342984231,2020-12-30T15:43:04.231Z,sell,2.8e-07,603.0,0.00016884
SNM/BTC,1609342984808,2020-12-30T15:43:04.808Z,sell,2.8e-07,603.0,0.00016884
SNM/BTC,1609343057558,2020-12-30T15:44:17.558Z,sell,2.8e-07,94498.0,0.02645944
SNM/BTC,1609343315403,2020-12-30T15:48:35.403Z,sell,2.8e-07,3000.0,0.00084
SNM/BTC,1609343536304,2020-12-30T15:52:16.304Z,sell,2.8e-07,2394.0,0.00067032
SNM/BTC,1609343554391,2020-12-30T15:52:34.391Z,sell,2.8e-07,4924.0,0.00137872
SNM/BTC,1609344601164,2020-12-30T16:10:01.164Z,sell,2.8e-07,5238.0,0.00146664
SNM/BTC,1609344753448,2020-12-30T16:12:33.448Z,buy,2.9e-07,3701.0,0.00107329
SNM/BTC,1609344759019,2020-12-30T16:12:39.019Z,sell,2.8e-07,47960.0,0.0134288
SNM/BTC,1609345791121,2020-12-30T16:29:51.121Z,sell,2.8e-07,58663.0,0.01642564
SNM/BTC,1609346027792,2020-12-30T16:33:47.792Z,sell,2.8e-07,7801.0,0.00218428
SNM/BTC,1609346126840,2020-12-30T16:35:26.840Z,buy,2.9e-07,23754.0,0.00688866
SNM/BTC,1609346131365,2020-12-30T16:35:31.365Z,buy,2.9e-07,4523.0,0.0013116699999999
SNM/BTC,1609346139627,2020-12-30T16:35:39.627Z,buy,2.9e-07,16587.0,0.0048102299999999
SNM/BTC,1609346287282,2020-12-30T16:38:07.282Z,sell,2.8e-07,21445.0,0.0060046
SNM/BTC,1609346342849,2020-12-30T16:39:02.849Z,buy,2.9e-07,84271.0,0.02443859
SNM/BTC,1609346372022,2020-12-30T16:39:32.022Z,sell,2.8e-07,21446.0,0.00600488
SNM/BTC,1609346372022,2020-12-30T16:39:32.022Z,sell,2.8e-07,21446.0,0.00600488
SNM/BTC,1609346886932,2020-12-30T16:48:06.932Z,buy,2.9e-07,2256.0,0.0006542399999999
SNM/BTC,1609347261450,2020-12-30T16:54:21.450Z,buy,2.9e-07,1064.0,0.00030856
SNM/BTC,1609347830508,2020-12-30T17:03:50.508Z,sell,2.8e-07,36071.0,0.01009988
SNM/BTC,1609348821792,2020-12-30T17:20:21.792Z,sell,2.8e-07,1707.0,0.00047796
SNM/BTC,1609349628652,2020-12-30T17:33:48.652Z,sell,2.8e-07,4518.0,0.00126504
SNM/BTC,1609349830774,2020-12-30T17:37:10.774Z,sell,2.8e-07,37784.0,0.01057952
SNM/BTC,1609349830774,2020-12-30T17:37:10.774Z,sell,2.8e-07,37784.0,0.01057952
SNM/BTC,1609350084031,2020-12-30T17:41:24.031Z,buy,2.9e-07,7000.0,0.0020299999999999
SNM/BTC,1609351336560,2020-12-30T18:02:16.560Z,buy,2.9e-07,699.0,0.00020271
SNM/BTC,1609351606665,2020-12-30T18:06:46.665Z,buy,2.9e-07,1000.0,0.00029
SNM/BTC,1609352093362,2020-12-30T18:14:53.362Z,buy,2.9e-07,2560.0,0.0007423999999999
SNM/BTC,1609352150751,2020-12-30T18:15:50.751Z,buy,2.9e-07,17889.0,0.0051878099999999
SNM/BTC,1609352875372,2020-12-30T18:27:55.372Z,buy,2.9e-07,400.0,0.0001159999999999
SNM/BTC,1609352910075,2020-12-30T18:28:30.075Z,buy,2.9e-07,42338.0,0.0122780199999999
SNM/BTC,1609352937529,2020-12-30T18:28:57.529Z,buy,2.9e-07,2435.0,0.0007061499999999
SNM/BTC,1609353005683,2020-12-30T18:30:05.683Z,buy,2.9e-07,1982.0,0.00057478
SNM/BTC,1609353140215,2020-12-30T18:32:20.215Z,sell,2.8e-07,202198.0,0.05661544
SNM/BTC,1609353140215,2020-12-30T18:32:20.215Z,sell,2.8e-07,202198.0,0.05661544
SNM/BTC,1609353779740,2020-12-30T18:42:59.740Z,buy,2.9e-07,11438.0,0.0033170199999999
SNM/BTC,1609353873253,2020-12-30T18:44:33.253Z,sell,2.8e-07,3982.0,0.00111496
SNM/BTC,1609353955582,2020-12-30T18:45:55.582Z,sell,2.8e-07,145000.0,0.0406
SNM/BTC,1609354365625,2020-12-30T18:52:45.625Z,sell,2.8e-07,796.0,0.00022288
SNM/BTC,1609354667485,2020-12-30T18:57:47.485Z,sell,2.8e-07,2568.0,0.00071904
SNM/BTC,1609355517199,2020-12-30T19:11:57.199Z,sell,2.8e-07,12291.0,0.00344148
SNM/BTC,1609355611208,2020-12-30T19:13:31.208Z,sell,2.8e-07,132672.0,0.03714816
SNM/BTC,1609355742825,2020-12-30T19:15:42.825Z,sell,2.8e-07,114736.0,0.03212608
SNM/BTC,1609355768162,2020-12-30T19:16:08.162Z,sell,2.8e-07,30000.0,0.0084
SNM/BTC,1609355769855,2020-12-30T19:16:09.855Z,sell,2.8e-07,934.0,0.00026152
SNM/BTC,1609356023935,2020-12-30T19:20:23.935Z,sell,2.7e-07,1500.0,0.000405
SNM/BTC,1609356129163,2020-12-30T19:22:09.163Z,sell,2.7e-07,9094.0,0.00245538
SNM/BTC,1609356133351,2020-12-30T19:22:13.351Z,buy,2.8e-07,132473.0,0.03709244
SNM/BTC,1609356284855,2020-12-30T19:24:44.855Z,sell,2.7e-07,635323.0,0.17153721
SNM/BTC,1609356285100,2020-12-30T19:24:45.100Z,buy,2.7e-07,190517.0,0.05143959
SNM/BTC,1609356285104,2020-12-30T19:24:45.104Z,buy,2.7e-07,139265.0,0.03760155
SNM/BTC,1609356298625,2020-12-30T19:24:58.625Z,sell,2.7e-07,20564.0,0.00555228
SNM/BTC,1609356298625,2020-12-30T19:24:58.625Z,sell,2.7e-07,20564.0,0.00555228
SNM/BTC,1609357809312,2020-12-30T19:50:09.312Z,sell,2.7e-07,28976.0,0.00782352
SNM/BTC,1609358178628,2020-12-30T19:56:18.628Z,buy,2.8e-07,4985.0,0.0013958
SNM/BTC,1609358312907,2020-12-30T19:58:32.907Z,buy,2.8e-07,8203.0,0.00229684
SNM/BTC,1609358313294,2020-12-30T19:58:33.294Z,sell,2.7e-07,132473.0,0.03576771
SNM/BTC,1609358324482,2020-12-30T19:58:44.482Z,buy,2.8e-07,201903.0,0.05653284
SNM/BTC,1609358646842,2020-12-30T20:04:06.842Z,buy,2.8e-07,44941.0,0.01258348
SNM/BTC,1609358928511,2020-12-30T20:08:48.511Z,buy,2.8e-07,452.0,0.00012656
SNM/BTC,1609359118659,2020-12-30T20:11:58.659Z,buy,2.8e-07,35714.0,0.00999992
SNM/BTC,1609359515801,2020-12-30T20:18:35.801Z,sell,2.7e-07,18666.0,0.00503982
SNM/BTC,1609359548118,2020-12-30T20:19:08.118Z,sell,2.7e-07,37577.0,0.01014579
SNM/BTC,1609359591078,2020-12-30T20:19:51.078Z,sell,2.7e-07,2108.0,0.00056916
SNM/BTC,1609359653202,2020-12-30T20:20:53.202Z,buy,2.8e-07,3772.0,0.00105616
SNM/BTC,1609359667479,2020-12-30T20:21:07.479Z,buy,2.8e-07,3772.0,0.00105616
SNM/BTC,1609359667479,2020-12-30T20:21:07.479Z,buy,2.8e-07,3772.0,0.00105616
SNM/BTC,1609360034112,2020-12-30T20:27:14.112Z,sell,2.7e-07,83023.0,0.02241621
SNM/BTC,1609361024601,2020-12-30T20:43:44.601Z,buy,2.8e-07,2000.0,0.00056
SNM/BTC,1609361492423,2020-12-30T20:51:32.423Z,buy,2.8e-07,6171.0,0.00172788
SNM/BTC,1609362883565,2020-12-30T21:14:43.565Z,sell,2.7e-07,9304.0,0.00251208
SNM/BTC,1609363245447,2020-12-30T21:20:45.447Z,buy,2.8e-07,5530.0,0.0015484
SNM/BTC,1609363245447,2020-12-30T21:20:45.447Z,buy,2.8e-07,5530.0,0.0015484
SNM/BTC,1609363280737,2020-12-30T21:21:20.737Z,buy,2.8e-07,375.0,0.000105
SNM/BTC,1609363597492,2020-12-30T21:26:37.492Z,buy,2.8e-07,21657.0,0.00606396
SNM/BTC,1609364462516,2020-12-30T21:41:02.516Z,buy,2.8e-07,21657.0,0.00606396
SNM/BTC,1609364852456,2020-12-30T21:47:32.456Z,buy,2.8e-07,19887.0,0.00556836
SNM/BTC,1609364943433,2020-12-30T21:49:03.433Z,sell,2.7e-07,54540.0,0.0147258
SNM/BTC,1609365179259,2020-12-30T21:52:59.259Z,sell,2.7e-07,3479.0,0.00093933
SNM/BTC,1609365264068,2020-12-30T21:54:24.068Z,sell,2.7e-07,7837.0,0.00211599
SNM/BTC,1609365296519,2020-12-30T21:54:56.519Z,sell,2.7e-07,642.0,0.00017334
SNM/BTC,1609365731172,2020-12-30T22:02:11.172Z,buy,2.8e-07,10557.0,0.00295596
SNM/BTC,1609365798053,2020-12-30T22:03:18.053Z,sell,2.7e-07,1680.0,0.0004536
SNM/BTC,1609365955967,2020-12-30T22:05:55.967Z,sell,2.7e-07,44896.0,0.01212192
SNM/BTC,1609366130830,2020-12-30T22:08:50.830Z,buy,2.8e-07,150000.0,0.042
SNM/BTC,1609366152846,2020-12-30T22:09:12.846Z,sell,2.7e-07,10546.0,0.00284742
SNM/BTC,1609366842846,2020-12-30T22:20:42.846Z,sell,2.7e-07,67211.0,0.01814697
SNM/BTC,1609366842846,2020-12-30T22:20:42.846Z,sell,2.7e-07,67211.0,0.01814697
SNM/BTC,1609367130814,2020-12-30T22:25:30.814Z,sell,2.7e-07,2730.0,0.0007371
SNM/BTC,1609367523806,2020-12-30T22:32:03.806Z,sell,2.7e-07,7679.0,0.00207333
SNM/BTC,1609368523921,2020-12-30T22:48:43.921Z,sell,2.7e-07,1600.0,0.000432
SNM/BTC,1609368892909,2020-12-30T22:54:52.909Z,sell,2.7e-07,443.0,0.00011961
SNM/BTC,1609368930211,2020-12-30T22:55:30.211Z,buy,2.8e-07,2000.0,0.00056
SNM/BTC,1609368967536,2020-12-30T22:56:07.536Z,buy,2.8e-07,1447.0,0.00040516
SNM/BTC,1609369062195,2020-12-30T22:57:42.195Z,buy,2.8e-07,13165.0,0.0036862
SNM/BTC,1609369072236,2020-12-30T22:57:52.236Z,buy,2.8e-07,14643.0,0.00410004
SNM/BTC,1609369072236,2020-12-30T22:57:52.236Z,buy,2.8e-07,14643.0,0.00410004
SNM/BTC,1609370665838,2020-12-30T23:24:25.838Z,buy,2.8e-07,180320.0,0.0504896
SNM/BTC,1609371142670,2020-12-30T23:32:22.670Z,buy,2.8e-07,400.0,0.000112
SNM/BTC,1609371200051,2020-12-30T23:33:20.051Z,buy,2.8e-07,12529.0,0.00350812
SNM/BTC,1609371200051,2020-12-30T23:33:20.051Z,buy,2.8e-07,12529.0,0.00350812
SNM/BTC,1609373162217,2020-12-31T00:06:02.217Z,sell,2.7e-07,1562.0,0.00042174
SNM/BTC,1609373549298,2020-12-31T00:12:29.298Z,sell,2.7e-07,166704.0,0.04501008
SNM/BTC,1609373824575,2020-12-31T00:17:04.575Z,sell,2.7e-07,27612.0,0.00745524
SNM/BTC,1609374076528,2020-12-31T00:21:16.528Z,sell,2.7e-07,38805.0,0.01047735
SNM/BTC,1609374440166,2020-12-31T00:27:20.166Z,sell,2.7e-07,9865.0,0.00266355
SNM/BTC,1609374476182,2020-12-31T00:27:56.182Z,sell,2.7e-07,16884.0,0.00455868
SNM/BTC,1609374501060,2020-12-31T00:28:21.060Z,buy,2.7e-07,17240.0,0.0046548
SNM/BTC,1609374501060,2020-12-31T00:28:21.060Z,buy,2.7e-07,17240.0,0.0046548
SNM/BTC,1609375183387,2020-12-31T00:39:43.387Z,sell,2.6e-07,3099.0,0.00080574
SNM/BTC,1609375183387,2020-12-31T00:39:43.387Z,sell,2.6e-07,61448.0,0.01597648
SNM/BTC,1609375183387,2020-12-31T00:39:43.387Z,sell,2.6e-07,61448.0,0.01597648
SNM/BTC,1609375367787,2020-12-31T00:42:47.787Z,buy,2.7e-07,132000.0,0.03564
SNM/BTC,1609375446936,2020-12-31T00:44:06.936Z,buy,2.7e-07,224876.0,0.06071652
SNM/BTC,1609376742507,2020-12-31T01:05:42.507Z,buy,2.7e-07,8000.0,0.00216
SNM/BTC,1609376905483,2020-12-31T01:08:25.483Z,buy,2.7e-07,141000.0,0.03807
SNM/BTC,1609377041293,2020-12-31T01:10:41.293Z,buy,2.7e-07,145558.0,0.03930066
SNM/BTC,1609377262145,2020-12-31T01:14:22.145Z,buy,2.7e-07,5425.0,0.00146475
SNM/BTC,1609377275609,2020-12-31T01:14:35.609Z,buy,2.7e-07,9138.0,0.00246726
SNM/BTC,1609377393810,2020-12-31T01:16:33.810Z,buy,2.7e-07,100400.0,0.027108
SNM/BTC,1609377684012,2020-12-31T01:21:24.012Z,sell,2.6e-07,62397.0,0.01622322
SNM/BTC,1609377720556,2020-12-31T01:22:00.556Z,buy,2.7e-07,3818.0,0.00103086
SNM/BTC,1609377720556,2020-12-31T01:22:00.556Z,buy,2.7e-07,3818.0,0.00103086
SNM/BTC,1609378957619,2020-12-31T01:42:37.619Z,sell,2.6e-07,1665.0,0.0004329
SNM/BTC,1609378992895,2020-12-31T01:43:12.895Z,buy,2.7e-07,630.0,0.0001701
SNM/BTC,1609380695988,2020-12-31T02:11:35.988Z,sell,2.6e-07,16297.0,0.00423722
SNM/BTC,1609380698932,2020-12-31T02:11:38.932Z,sell,2.6e-07,619.0,0.00016094
SNM/BTC,1609380840953,2020-12-31T02:14:00.953Z,sell,2.6e-07,1000.0,0.00026
SNM/BTC,1609380840953,2020-12-31T02:14:00.953Z,sell,2.6e-07,1000.0,0.00026
SNM/BTC,1609381824699,2020-12-31T02:30:24.699Z,sell,2.6e-07,14270.0,0.0037102
SNM/BTC,1609382526362,2020-12-31T02:42:06.362Z,sell,2.6e-07,10294.0,0.00267644
SNM/BTC,1609383221082,2020-12-31T02:53:41.082Z,buy,2.7e-07,429.0,0.00011583
SNM/BTC,1609383230480,2020-12-31T02:53:50.480Z,sell,2.6e-07,667.0,0.00017342
SNM/BTC,1609383474846,2020-12-31T02:57:54.846Z,buy,2.7e-07,20216.0,0.00545832
SNM/BTC,1609383479463,2020-12-31T02:57:59.463Z,sell,2.6e-07,630.0,0.0001638
SNM/BTC,1609383584250,2020-12-31T02:59:44.250Z,sell,2.6e-07,12529.0,0.00325754
SNM/BTC,1609383994631,2020-12-31T03:06:34.631Z,sell,2.6e-07,47063.0,0.01223638
SNM/BTC,1609383994631,2020-12-31T03:06:34.631Z,sell,2.6e-07,47063.0,0.01223638
SNM/BTC,1609384726663,2020-12-31T03:18:46.663Z,buy,2.7e-07,47787.0,0.01290249
SNM/BTC,1609385867182,2020-12-31T03:37:47.182Z,buy,2.7e-07,51147.0,0.01380969
SNM/BTC,1609385964944,2020-12-31T03:39:24.944Z,sell,2.6e-07,340052.0,0.08841352
SNM/BTC,1609385964944,2020-12-31T03:39:24.944Z,sell,2.5e-07,168305.0,0.0420762499999999
SNM/BTC,1609385964944,2020-12-31T03:39:24.944Z,sell,2.5e-07,82594.0,0.0206485
SNM/BTC,1609385965889,2020-12-31T03:39:25.889Z,sell,2.5e-07,400.0,0.0001
SNM/BTC,1609385966050,2020-12-31T03:39:26.050Z,sell,2.5e-07,3064.0,0.000766
SNM/BTC,1609386134038,2020-12-31T03:42:14.038Z,buy,2.6e-07,458870.0,0.1193062
SNM/BTC,1609386134038,2020-12-31T03:42:14.038Z,buy,2.7e-07,62692.0,0.01692684
SNM/BTC,1609386137026,2020-12-31T03:42:17.026Z,buy,2.6e-07,12375.0,0.0032175
SNM/BTC,1609386489197,2020-12-31T03:48:09.197Z,buy,2.6e-07,73607.0,0.01913782
SNM/BTC,1609386489197,2020-12-31T03:48:09.197Z,buy,2.6e-07,73607.0,0.01913782
SNM/BTC,1609388752950,2020-12-31T04:25:52.950Z,sell,2.5e-07,3001.0,0.0007502499999999
SNM/BTC,1609388767898,2020-12-31T04:26:07.898Z,sell,2.5e-07,846.0,0.0002115
SNM/BTC,1609388856583,2020-12-31T04:27:36.583Z,buy,2.6e-07,2000.0,0.00052
SNM/BTC,1609388856583,2020-12-31T04:27:36.583Z,buy,2.6e-07,2000.0,0.00052
SNM/BTC,1609390270660,2020-12-31T04:51:10.660Z,sell,2.5e-07,215085.0,0.05377125
SNM/BTC,1609390277596,2020-12-31T04:51:17.596Z,sell,2.5e-07,16924.0,0.0042309999999999
SNM/BTC,1609390278138,2020-12-31T04:51:18.138Z,sell,2.5e-07,667.0,0.00016675
SNM/BTC,1609390800041,2020-12-31T05:00:00.041Z,buy,2.6e-07,480.0,0.0001248
SNM/BTC,1609390802390,2020-12-31T05:00:02.390Z,buy,2.6e-07,56921.0,0.01479946
SNM/BTC,1609391354747,2020-12-31T05:09:14.747Z,buy,2.6e-07,10000.0,0.0026
SNM/BTC,1609391466491,2020-12-31T05:11:06.491Z,buy,2.6e-07,318145.0,0.0827177
SNM/BTC,1609391483281,2020-12-31T05:11:23.281Z,buy,2.7e-07,5556.0,0.00150012
SNM/BTC,1609391493420,2020-12-31T05:11:33.420Z,sell,2.6e-07,115364.0,0.02999464
SNM/BTC,1609391531172,2020-12-31T05:12:11.172Z,sell,2.5e-07,400.0,0.0001
SNM/BTC,1609391531728,2020-12-31T05:12:11.728Z,sell,2.5e-07,400.0,0.0001
SNM/BTC,1609391547977,2020-12-31T05:12:27.977Z,buy,2.6e-07,264416.0,0.06874816
SNM/BTC,1609391550499,2020-12-31T05:12:30.499Z,sell,2.6e-07,770.0,0.0002002
SNM/BTC,1609391604016,2020-12-31T05:13:24.016Z,sell,2.6e-07,770.0,0.0002002
SNM/BTC,1609391652444,2020-12-31T05:14:12.444Z,sell,2.6e-07,770.0,0.0002002
SNM/BTC,1609391787729,2020-12-31T05:16:27.729Z,sell,2.6e-07,5132.0,0.00133432
SNM/BTC,1609391934641,2020-12-31T05:18:54.641Z,buy,2.7e-07,174421.0,0.04709367
SNM/BTC,1609391935198,2020-12-31T05:18:55.198Z,buy,2.7e-07,6229.0,0.00168183
SNM/BTC,1609392117235,2020-12-31T05:21:57.235Z,buy,2.7e-07,12768.0,0.00344736
SNM/BTC,1609392117235,2020-12-31T05:21:57.235Z,buy,2.7e-07,12768.0,0.00344736
SNM/BTC,1609392693749,2020-12-31T05:31:33.749Z,buy,2.7e-07,645.0,0.00017415
SNM/BTC,1609393607057,2020-12-31T05:46:47.057Z,sell,2.6e-07,9860.0,0.0025636
SNM/BTC,1609395180419,2020-12-31T06:13:00.419Z,buy,2.7e-07,96661.0,0.02609847
SNM/BTC,1609395230735,2020-12-31T06:13:50.735Z,buy,2.7e-07,96662.0,0.02609874
SNM/BTC,1609395397892,2020-12-31T06:16:37.892Z,buy,2.7e-07,126921.0,0.03426867
SNM/BTC,1609395418100,2020-12-31T06:16:58.100Z,buy,2.7e-07,2189.0,0.00059103
SNM/BTC,1609395418100,2020-12-31T06:16:58.100Z,buy,2.7e-07,2189.0,0.00059103
SNM/BTC,1609396180027,2020-12-31T06:29:40.027Z,sell,2.6e-07,201791.0,0.05246566
SNM/BTC,1609396925759,2020-12-31T06:42:05.759Z,buy,2.7e-07,495.0,0.00013365
SNM/BTC,1609398170493,2020-12-31T07:02:50.493Z,buy,2.7e-07,10208.0,0.00275616
SNM/BTC,1609398302008,2020-12-31T07:05:02.008Z,buy,2.7e-07,10687.0,0.00288549
SNM/BTC,1609398703633,2020-12-31T07:11:43.633Z,sell,2.6e-07,1809.0,0.0004703399999999
SNM/BTC,1609398720233,2020-12-31T07:12:00.233Z,sell,2.6e-07,1095.0,0.0002847
SNM/BTC,1609398720814,2020-12-31T07:12:00.814Z,sell,2.6e-07,1095.0,0.0002847
SNM/BTC,1609398751178,2020-12-31T07:12:31.178Z,buy,2.7e-07,1879.0,0.00050733
SNM/BTC,1609398751178,2020-12-31T07:12:31.178Z,buy,2.7e-07,1879.0,0.00050733
SNM/BTC,1609399966739,2020-12-31T07:32:46.739Z,buy,2.7e-07,2616.0,0.00070632
SNM/BTC,1609400135977,2020-12-31T07:35:35.977Z,sell,2.6e-07,758.0,0.00019708
SNM/BTC,1609400169064,2020-12-31T07:36:09.064Z,sell,2.6e-07,5206.0,0.00135356
SNM/BTC,1609400191928,2020-12-31T07:36:31.928Z,sell,2.6e-07,18848.0,0.00490048
SNM/BTC,1609400291191,2020-12-31T07:38:11.191Z,sell,2.6e-07,1238.0,0.00032188
SNM/BTC,1609400650787,2020-12-31T07:44:10.787Z,buy,2.7e-07,43784.0,0.01182168
SNM/BTC,1609401176091,2020-12-31T07:52:56.091Z,sell,2.6e-07,14447.0,0.00375622
SNM/BTC,1609401828751,2020-12-31T08:03:48.751Z,sell,2.6e-07,3697.0,0.00096122
SNM/BTC,1609401828751,2020-12-31T08:03:48.751Z,sell,2.6e-07,3697.0,0.00096122
SNM/BTC,1609402993332,2020-12-31T08:23:13.332Z,sell,2.6e-07,35241.0,0.00916266
SNM/BTC,1609403341609,2020-12-31T08:29:01.609Z,buy,2.7e-07,27161.0,0.00733347
SNM/BTC,1609403478547,2020-12-31T08:31:18.547Z,sell,2.6e-07,3664.0,0.00095264
