symbol,timestamp,datetime,side,price,amount,btc_volume
SNT/BTC,1565467211841,2019-08-10T20:00:11.841Z,sell,1.74e-06,4477.0,0.00778998
SNT/BTC,1565467217099,2019-08-10T20:00:17.099Z,sell,1.74e-06,747.0,0.00129978
SNT/BTC,1565467217099,2019-08-10T20:00:17.099Z,sell,1.73e-06,20141.0,0.03484393
SNT/BTC,1565467220139,2019-08-10T20:00:20.139Z,sell,1.73e-06,6714.0,0.0116152199999999
SNT/BTC,1565467244500,2019-08-10T20:00:44.500Z,sell,1.74e-06,84.0,0.00014616
SNT/BTC,1565467353677,2019-08-10T20:02:33.677Z,buy,1.75e-06,1310.0,0.0022925
SNT/BTC,1565467357518,2019-08-10T20:02:37.518Z,buy,1.75e-06,1310.0,0.0022925
SNT/BTC,1565467362073,2019-08-10T20:02:42.073Z,buy,1.75e-06,1309.0,0.00229075
SNT/BTC,1565467365744,2019-08-10T20:02:45.744Z,buy,1.75e-06,1309.0,0.00229075
SNT/BTC,1565467369720,2019-08-10T20:02:49.720Z,buy,1.75e-06,1310.0,0.0022925
SNT/BTC,1565467373462,2019-08-10T20:02:53.462Z,buy,1.75e-06,1309.0,0.00229075
SNT/BTC,1565467377298,2019-08-10T20:02:57.298Z,buy,1.75e-06,1309.0,0.00229075
SNT/BTC,1565467381758,2019-08-10T20:03:01.758Z,buy,1.75e-06,1310.0,0.0022925
SNT/BTC,1565467385689,2019-08-10T20:03:05.689Z,buy,1.75e-06,1309.0,0.00229075
SNT/BTC,1565467389362,2019-08-10T20:03:09.362Z,buy,1.75e-06,1309.0,0.00229075
SNT/BTC,1565467393519,2019-08-10T20:03:13.519Z,buy,1.75e-06,1309.0,0.00229075
SNT/BTC,1565467397186,2019-08-10T20:03:17.186Z,buy,1.75e-06,1310.0,0.0022925
SNT/BTC,1565467401047,2019-08-10T20:03:21.047Z,buy,1.75e-06,1309.0,0.00229075
SNT/BTC,1565467404780,2019-08-10T20:03:24.780Z,buy,1.75e-06,1309.0,0.00229075
SNT/BTC,1565467408472,2019-08-10T20:03:28.472Z,buy,1.75e-06,1310.0,0.0022925
SNT/BTC,1565467412644,2019-08-10T20:03:32.644Z,buy,1.75e-06,1309.0,0.00229075
SNT/BTC,1565467416406,2019-08-10T20:03:36.406Z,buy,1.75e-06,1309.0,0.00229075
SNT/BTC,1565467420800,2019-08-10T20:03:40.800Z,buy,1.75e-06,1310.0,0.0022925
SNT/BTC,1565467424659,2019-08-10T20:03:44.659Z,buy,1.75e-06,1309.0,0.00229075
SNT/BTC,1565467428682,2019-08-10T20:03:48.682Z,buy,1.75e-06,1309.0,0.00229075
SNT/BTC,1565467437170,2019-08-10T20:03:57.170Z,sell,1.74e-06,900.0,0.001566
SNT/BTC,1565467438277,2019-08-10T20:03:58.277Z,buy,1.75e-06,1310.0,0.0022925
SNT/BTC,1565467438568,2019-08-10T20:03:58.568Z,buy,1.75e-06,1310.0,0.0022925
SNT/BTC,1565467438766,2019-08-10T20:03:58.766Z,buy,1.75e-06,1310.0,0.0022925
SNT/BTC,1565467439263,2019-08-10T20:03:59.263Z,buy,1.75e-06,1310.0,0.0022925
SNT/BTC,1565467439441,2019-08-10T20:03:59.441Z,buy,1.75e-06,1310.0,0.0022925
SNT/BTC,1565467439957,2019-08-10T20:03:59.957Z,buy,1.75e-06,1310.0,0.0022925
SNT/BTC,1565467482443,2019-08-10T20:04:42.443Z,buy,1.75e-06,60.0,0.000105
SNT/BTC,1565468171018,2019-08-10T20:16:11.018Z,buy,1.75e-06,61.0,0.0001067499999999
SNT/BTC,1565468404657,2019-08-10T20:20:04.657Z,sell,1.74e-06,9166.0,0.01594884
SNT/BTC,1565468698884,2019-08-10T20:24:58.884Z,sell,1.74e-06,10636.0,0.01850664
SNT/BTC,1565468939580,2019-08-10T20:28:59.580Z,sell,1.74e-06,40349.0,0.07020726
SNT/BTC,1565470298559,2019-08-10T20:51:38.559Z,sell,1.74e-06,27282.0,0.04747068
SNT/BTC,1565470606845,2019-08-10T20:56:46.845Z,sell,1.74e-06,746.0,0.00129804
SNT/BTC,1565470606845,2019-08-10T20:56:46.845Z,sell,1.74e-06,746.0,0.00129804
SNT/BTC,1565470819744,2019-08-10T21:00:19.744Z,buy,1.75e-06,67.0,0.00011725
SNT/BTC,1565470838912,2019-08-10T21:00:38.912Z,sell,1.74e-06,15389.0,0.02677686
SNT/BTC,1565471536948,2019-08-10T21:12:16.948Z,sell,1.74e-06,1820.0,0.0031668
SNT/BTC,1565471713863,2019-08-10T21:15:13.863Z,buy,1.75e-06,13885.0,0.02429875
SNT/BTC,1565471833492,2019-08-10T21:17:13.492Z,buy,1.75e-06,58.0,0.0001015
SNT/BTC,1565473329455,2019-08-10T21:42:09.455Z,sell,1.74e-06,149.0,0.00025926
SNT/BTC,1565474023115,2019-08-10T21:53:43.115Z,buy,1.75e-06,87.0,0.00015225
SNT/BTC,1565474023115,2019-08-10T21:53:43.115Z,buy,1.75e-06,87.0,0.00015225
SNT/BTC,1565475017682,2019-08-10T22:10:17.682Z,buy,1.75e-06,1619.0,0.00283325
SNT/BTC,1565475438696,2019-08-10T22:17:18.696Z,buy,1.75e-06,60.0,0.000105
SNT/BTC,1565475744638,2019-08-10T22:22:24.638Z,buy,1.75e-06,8746.0,0.0153055
SNT/BTC,1565475746795,2019-08-10T22:22:26.795Z,buy,1.75e-06,2500.0,0.0043749999999999
SNT/BTC,1565475748543,2019-08-10T22:22:28.543Z,buy,1.75e-06,2500.0,0.0043749999999999
SNT/BTC,1565476002372,2019-08-10T22:26:42.372Z,buy,1.75e-06,5367.0,0.00939225
SNT/BTC,1565476023325,2019-08-10T22:27:03.325Z,buy,1.75e-06,4292.0,0.007511
SNT/BTC,1565477057909,2019-08-10T22:44:17.909Z,buy,1.75e-06,417.0,0.00072975
SNT/BTC,1565477615128,2019-08-10T22:53:35.128Z,buy,1.75e-06,68.0,0.0001189999999999
SNT/BTC,1565477615128,2019-08-10T22:53:35.128Z,buy,1.75e-06,68.0,0.0001189999999999
SNT/BTC,1565478652378,2019-08-10T23:10:52.378Z,sell,1.74e-06,2279.0,0.00396546
SNT/BTC,1565478873461,2019-08-10T23:14:33.461Z,buy,1.75e-06,44388.0,0.077679
SNT/BTC,1565478875187,2019-08-10T23:14:35.187Z,sell,1.75e-06,2341.0,0.00409675
SNT/BTC,1565478876676,2019-08-10T23:14:36.676Z,sell,1.75e-06,1091.0,0.00190925
SNT/BTC,1565479009758,2019-08-10T23:16:49.758Z,sell,1.75e-06,2320.0,0.00406
SNT/BTC,1565479033385,2019-08-10T23:17:13.385Z,sell,1.75e-06,118.0,0.0002065
SNT/BTC,1565479047943,2019-08-10T23:17:27.943Z,sell,1.75e-06,1341.0,0.00234675
SNT/BTC,1565479874952,2019-08-10T23:31:14.952Z,sell,1.75e-06,2500.0,0.0043749999999999
SNT/BTC,1565479876712,2019-08-10T23:31:16.712Z,sell,1.75e-06,2500.0,0.0043749999999999
SNT/BTC,1565479877284,2019-08-10T23:31:17.284Z,sell,1.75e-06,13147.0,0.02300725
SNT/BTC,1565479878364,2019-08-10T23:31:18.364Z,sell,1.75e-06,679.0,0.00118825
SNT/BTC,1565479878364,2019-08-10T23:31:18.364Z,sell,1.74e-06,1821.0,0.00316854
SNT/BTC,1565479900791,2019-08-10T23:31:40.791Z,sell,1.74e-06,9882.0,0.01719468
SNT/BTC,1565479912074,2019-08-10T23:31:52.074Z,sell,1.74e-06,61.0,0.00010614
SNT/BTC,1565479919219,2019-08-10T23:31:59.219Z,buy,1.75e-06,788.0,0.001379
SNT/BTC,1565479951292,2019-08-10T23:32:31.292Z,sell,1.74e-06,42041.0,0.07315134
SNT/BTC,1565480021342,2019-08-10T23:33:41.342Z,sell,1.74e-06,1199.0,0.00208626
SNT/BTC,1565480021366,2019-08-10T23:33:41.366Z,sell,1.74e-06,1233.0,0.00214542
SNT/BTC,1565480116070,2019-08-10T23:35:16.070Z,sell,1.74e-06,62.0,0.00010788
SNT/BTC,1565480454605,2019-08-10T23:40:54.605Z,sell,1.74e-06,65.0,0.0001131
SNT/BTC,1565480648400,2019-08-10T23:44:08.400Z,sell,1.74e-06,72.0,0.00012528
SNT/BTC,1565480648400,2019-08-10T23:44:08.400Z,sell,1.74e-06,72.0,0.00012528
SNT/BTC,1565481221037,2019-08-10T23:53:41.037Z,buy,1.75e-06,218.0,0.0003815
SNT/BTC,1565481317701,2019-08-10T23:55:17.701Z,buy,1.75e-06,1149.0,0.00201075
SNT/BTC,1565481687707,2019-08-11T00:01:27.707Z,buy,1.75e-06,1733.0,0.00303275
SNT/BTC,1565481909347,2019-08-11T00:05:09.347Z,sell,1.74e-06,1180.0,0.0020532
SNT/BTC,1565482186823,2019-08-11T00:09:46.823Z,sell,1.74e-06,2289.0,0.00398286
SNT/BTC,1565482540089,2019-08-11T00:15:40.089Z,buy,1.75e-06,4311.0,0.00754425
SNT/BTC,1565482603585,2019-08-11T00:16:43.585Z,buy,1.75e-06,3185.0,0.00557375
SNT/BTC,1565482633938,2019-08-11T00:17:13.938Z,buy,1.76e-06,63.0,0.00011088
SNT/BTC,1565482640829,2019-08-11T00:17:20.829Z,buy,1.76e-06,1724.0,0.00303424
SNT/BTC,1565482913551,2019-08-11T00:21:53.551Z,buy,1.76e-06,2672.0,0.00470272
SNT/BTC,1565482945639,2019-08-11T00:22:25.639Z,sell,1.75e-06,2502.0,0.0043785
SNT/BTC,1565482945731,2019-08-11T00:22:25.731Z,buy,1.75e-06,105.0,0.00018375
SNT/BTC,1565482945988,2019-08-11T00:22:25.988Z,buy,1.75e-06,128.0,0.000224
SNT/BTC,1565482946295,2019-08-11T00:22:26.295Z,buy,1.75e-06,4395.0,0.00769125
SNT/BTC,1565482946413,2019-08-11T00:22:26.413Z,buy,1.75e-06,2186.0,0.0038255
SNT/BTC,1565482947110,2019-08-11T00:22:27.110Z,sell,1.75e-06,72.0,0.000126
SNT/BTC,1565483144447,2019-08-11T00:25:44.447Z,buy,1.76e-06,569.0,0.00100144
SNT/BTC,1565483205869,2019-08-11T00:26:45.869Z,sell,1.75e-06,18692.0,0.032711
SNT/BTC,1565483271100,2019-08-11T00:27:51.100Z,buy,1.75e-06,5851.0,0.01023925
SNT/BTC,1565483289943,2019-08-11T00:28:09.943Z,buy,1.75e-06,209.0,0.0003657499999999
SNT/BTC,1565483297313,2019-08-11T00:28:17.313Z,buy,1.75e-06,126.0,0.0002205
SNT/BTC,1565483300284,2019-08-11T00:28:20.284Z,buy,1.75e-06,141.0,0.00024675
SNT/BTC,1565483302655,2019-08-11T00:28:22.655Z,buy,1.75e-06,631.0,0.00110425
SNT/BTC,1565483305132,2019-08-11T00:28:25.132Z,buy,1.75e-06,123.0,0.00021525
SNT/BTC,1565483306363,2019-08-11T00:28:26.363Z,buy,1.75e-06,3828.0,0.006699
SNT/BTC,1565483309525,2019-08-11T00:28:29.525Z,buy,1.75e-06,200.0,0.00035
SNT/BTC,1565483311280,2019-08-11T00:28:31.280Z,buy,1.75e-06,68.0,0.0001189999999999
SNT/BTC,1565483378444,2019-08-11T00:29:38.444Z,sell,1.75e-06,68.0,0.0001189999999999
SNT/BTC,1565483378444,2019-08-11T00:29:38.444Z,sell,1.75e-06,68.0,0.0001189999999999
SNT/BTC,1565484681879,2019-08-11T00:51:21.879Z,buy,1.75e-06,522.0,0.0009135
SNT/BTC,1565484810665,2019-08-11T00:53:30.665Z,buy,1.75e-06,61600.0,0.1077999999999999
SNT/BTC,1565484814432,2019-08-11T00:53:34.432Z,buy,1.75e-06,138.0,0.0002415
SNT/BTC,1565485065988,2019-08-11T00:57:45.988Z,sell,1.74e-06,5206.0,0.00905844
SNT/BTC,1565485231439,2019-08-11T01:00:31.439Z,buy,1.75e-06,7481.0,0.01309175
SNT/BTC,1565485231619,2019-08-11T01:00:31.619Z,buy,1.75e-06,7699.0,0.0134732499999999
SNT/BTC,1565485232642,2019-08-11T01:00:32.642Z,buy,1.75e-06,10824.0,0.018942
SNT/BTC,1565485233507,2019-08-11T01:00:33.507Z,buy,1.75e-06,8713.0,0.01524775
SNT/BTC,1565485233643,2019-08-11T01:00:33.643Z,buy,1.75e-06,11538.0,0.0201915
SNT/BTC,1565485234636,2019-08-11T01:00:34.636Z,buy,1.75e-06,3649.0,0.00638575
SNT/BTC,1565485235431,2019-08-11T01:00:35.431Z,buy,1.75e-06,903.0,0.00158025
SNT/BTC,1565485235629,2019-08-11T01:00:35.629Z,buy,1.75e-06,708.0,0.001239
SNT/BTC,1565485502028,2019-08-11T01:05:02.028Z,sell,1.75e-06,600.0,0.00105
SNT/BTC,1565485516087,2019-08-11T01:05:16.087Z,sell,1.75e-06,2208.0,0.003864
SNT/BTC,1565485621746,2019-08-11T01:07:01.746Z,sell,1.75e-06,9855.0,0.01724625
SNT/BTC,1565485668976,2019-08-11T01:07:48.976Z,sell,1.75e-06,2914.0,0.0050995
SNT/BTC,1565485674664,2019-08-11T01:07:54.664Z,sell,1.75e-06,66.0,0.0001155
SNT/BTC,1565485970086,2019-08-11T01:12:50.086Z,sell,1.75e-06,64.0,0.000112
SNT/BTC,1565486620788,2019-08-11T01:23:40.788Z,sell,1.75e-06,24850.0,0.0434875
SNT/BTC,1565486768847,2019-08-11T01:26:08.847Z,sell,1.75e-06,1627.0,0.00284725
SNT/BTC,1565486768847,2019-08-11T01:26:08.847Z,sell,1.75e-06,1627.0,0.00284725
SNT/BTC,1565487415195,2019-08-11T01:36:55.195Z,sell,1.75e-06,96.0,0.000168
SNT/BTC,1565487431477,2019-08-11T01:37:11.477Z,buy,1.75e-06,7950.0,0.0139125
SNT/BTC,1565488423253,2019-08-11T01:53:43.253Z,buy,1.75e-06,92.0,0.000161
SNT/BTC,1565488781486,2019-08-11T01:59:41.486Z,sell,1.74e-06,522.0,0.00090828
SNT/BTC,1565488996558,2019-08-11T02:03:16.558Z,sell,1.74e-06,969.0,0.00168606
SNT/BTC,1565488996669,2019-08-11T02:03:16.669Z,sell,1.74e-06,3763.0,0.00654762
SNT/BTC,1565488996739,2019-08-11T02:03:16.739Z,buy,1.75e-06,13366.0,0.0233904999999999
SNT/BTC,1565488996853,2019-08-11T02:03:16.853Z,sell,1.74e-06,2512.0,0.00437088
SNT/BTC,1565488997024,2019-08-11T02:03:17.024Z,buy,1.75e-06,14070.0,0.0246225
SNT/BTC,1565489242609,2019-08-11T02:07:22.609Z,sell,1.74e-06,64.0,0.00011136
SNT/BTC,1565489326341,2019-08-11T02:08:46.341Z,buy,1.75e-06,2762.0,0.0048335
SNT/BTC,1565489328518,2019-08-11T02:08:48.518Z,sell,1.75e-06,510.0,0.0008925
SNT/BTC,1565489334145,2019-08-11T02:08:54.145Z,sell,1.75e-06,934.0,0.0016344999999999
SNT/BTC,1565489334148,2019-08-11T02:08:54.148Z,sell,1.75e-06,1180.0,0.002065
SNT/BTC,1565489382897,2019-08-11T02:09:42.897Z,sell,1.74e-06,907.0,0.00157818
SNT/BTC,1565489628921,2019-08-11T02:13:48.921Z,sell,1.74e-06,600.0,0.001044
SNT/BTC,1565489834181,2019-08-11T02:17:14.181Z,buy,1.75e-06,83.0,0.00014525
SNT/BTC,1565489887114,2019-08-11T02:18:07.114Z,sell,1.74e-06,1182.0,0.00205668
SNT/BTC,1565490297889,2019-08-11T02:24:57.889Z,sell,1.74e-06,366.0,0.00063684
SNT/BTC,1565490297987,2019-08-11T02:24:57.987Z,sell,1.74e-06,366.0,0.00063684
SNT/BTC,1565490297987,2019-08-11T02:24:57.987Z,sell,1.74e-06,366.0,0.00063684
SNT/BTC,1565492782287,2019-08-11T03:06:22.287Z,buy,1.75e-06,114.0,0.0001995
SNT/BTC,1565492782391,2019-08-11T03:06:22.391Z,buy,1.75e-06,93.0,0.00016275
SNT/BTC,1565492786160,2019-08-11T03:06:26.160Z,buy,1.76e-06,681.0,0.00119856
SNT/BTC,1565492979103,2019-08-11T03:09:39.103Z,sell,1.75e-06,75.0,0.00013125
SNT/BTC,1565493016569,2019-08-11T03:10:16.569Z,sell,1.75e-06,5889.0,0.01030575
SNT/BTC,1565493437041,2019-08-11T03:17:17.041Z,buy,1.76e-06,65.0,0.0001144
SNT/BTC,1565493446416,2019-08-11T03:17:26.416Z,sell,1.75e-06,72.0,0.000126
SNT/BTC,1565493670252,2019-08-11T03:21:10.252Z,buy,1.76e-06,1134.0,0.00199584
SNT/BTC,1565493724267,2019-08-11T03:22:04.267Z,sell,1.75e-06,11215.0,0.01962625
SNT/BTC,1565493724267,2019-08-11T03:22:04.267Z,sell,1.75e-06,11215.0,0.01962625
SNT/BTC,1565493968456,2019-08-11T03:26:08.456Z,sell,1.75e-06,321.0,0.00056175
SNT/BTC,1565494369554,2019-08-11T03:32:49.554Z,sell,1.75e-06,2500.0,0.0043749999999999
SNT/BTC,1565494371318,2019-08-11T03:32:51.318Z,sell,1.75e-06,2500.0,0.0043749999999999
SNT/BTC,1565494373497,2019-08-11T03:32:53.497Z,sell,1.75e-06,2500.0,0.0043749999999999
SNT/BTC,1565494512273,2019-08-11T03:35:12.273Z,sell,1.75e-06,69.0,0.00012075
SNT/BTC,1565495058887,2019-08-11T03:44:18.887Z,sell,1.75e-06,65.0,0.00011375
SNT/BTC,1565495297491,2019-08-11T03:48:17.491Z,sell,1.75e-06,3614.0,0.0063245
SNT/BTC,1565495795882,2019-08-11T03:56:35.882Z,sell,1.75e-06,584.0,0.001022
SNT/BTC,1565496395219,2019-08-11T04:06:35.219Z,sell,1.75e-06,101.0,0.00017675
SNT/BTC,1565496464115,2019-08-11T04:07:44.115Z,sell,1.75e-06,67.0,0.00011725
SNT/BTC,1565496917321,2019-08-11T04:15:17.321Z,sell,1.75e-06,71.0,0.00012425
SNT/BTC,1565496917321,2019-08-11T04:15:17.321Z,sell,1.75e-06,71.0,0.00012425
SNT/BTC,1565497524625,2019-08-11T04:25:24.625Z,sell,1.75e-06,21350.0,0.0373625
SNT/BTC,1565497914713,2019-08-11T04:31:54.713Z,sell,1.75e-06,14053.0,0.02459275
SNT/BTC,1565498237369,2019-08-11T04:37:17.369Z,sell,1.75e-06,1724.0,0.003017
SNT/BTC,1565498244158,2019-08-11T04:37:24.158Z,sell,1.75e-06,3042.0,0.0053235
SNT/BTC,1565498244700,2019-08-11T04:37:24.700Z,sell,1.75e-06,68.0,0.0001189999999999
SNT/BTC,1565498290977,2019-08-11T04:38:10.977Z,buy,1.76e-06,909.0,0.00159984
SNT/BTC,1565498403915,2019-08-11T04:40:03.915Z,buy,1.76e-06,100.0,0.000176
SNT/BTC,1565499593810,2019-08-11T04:59:53.810Z,sell,1.75e-06,11636.0,0.020363
SNT/BTC,1565499594016,2019-08-11T04:59:54.016Z,sell,1.75e-06,64.0,0.000112
SNT/BTC,1565499627548,2019-08-11T05:00:27.548Z,buy,1.76e-06,10511.0,0.01849936
SNT/BTC,1565499684708,2019-08-11T05:01:24.708Z,sell,1.75e-06,10501.0,0.01837675
SNT/BTC,1565500510094,2019-08-11T05:15:10.094Z,buy,1.76e-06,22894.0,0.04029344
SNT/BTC,1565500510094,2019-08-11T05:15:10.094Z,buy,1.77e-06,212280.0,0.3757356
SNT/BTC,1565500511161,2019-08-11T05:15:11.161Z,buy,1.76e-06,9203.0,0.01619728
SNT/BTC,1565500511833,2019-08-11T05:15:11.833Z,sell,1.76e-06,345.0,0.0006072
SNT/BTC,1565500511833,2019-08-11T05:15:11.833Z,sell,1.75e-06,444.0,0.000777
SNT/BTC,1565500512773,2019-08-11T05:15:12.773Z,buy,1.77e-06,597.0,0.00105669
SNT/BTC,1565500512773,2019-08-11T05:15:12.773Z,buy,1.77e-06,597.0,0.00105669
SNT/BTC,1565500526329,2019-08-11T05:15:26.329Z,buy,1.77e-06,786.0,0.00139122
SNT/BTC,1565500556759,2019-08-11T05:15:56.759Z,buy,1.77e-06,786.0,0.00139122
SNT/BTC,1565500568763,2019-08-11T05:16:08.763Z,sell,1.76e-06,440.0,0.0007744
SNT/BTC,1565500572781,2019-08-11T05:16:12.781Z,sell,1.76e-06,4256.0,0.00749056
SNT/BTC,1565500572925,2019-08-11T05:16:12.925Z,sell,1.76e-06,1597.0,0.00281072
SNT/BTC,1565500574603,2019-08-11T05:16:14.603Z,sell,1.76e-06,5324.0,0.00937024
SNT/BTC,1565500588519,2019-08-11T05:16:28.519Z,buy,1.77e-06,786.0,0.00139122
SNT/BTC,1565500714863,2019-08-11T05:18:34.863Z,sell,1.76e-06,953.0,0.00167728
SNT/BTC,1565500804903,2019-08-11T05:20:04.903Z,sell,1.76e-06,70.0,0.0001232
SNT/BTC,1565501075797,2019-08-11T05:24:35.797Z,sell,1.76e-06,73.0,0.00012848
SNT/BTC,1565501329243,2019-08-11T05:28:49.243Z,buy,1.77e-06,11753.0,0.02080281
SNT/BTC,1565501329795,2019-08-11T05:28:49.795Z,buy,1.77e-06,5243.0,0.00928011
SNT/BTC,1565501462379,2019-08-11T05:31:02.379Z,sell,1.76e-06,3143.0,0.00553168
SNT/BTC,1565501880166,2019-08-11T05:38:00.166Z,buy,1.77e-06,679.0,0.00120183
SNT/BTC,1565502052212,2019-08-11T05:40:52.212Z,sell,1.76e-06,69.0,0.00012144
SNT/BTC,1565502307989,2019-08-11T05:45:07.989Z,sell,1.76e-06,73.0,0.00012848
SNT/BTC,1565502307993,2019-08-11T05:45:07.993Z,sell,1.76e-06,70.0,0.0001232
SNT/BTC,1565502559630,2019-08-11T05:49:19.630Z,sell,1.76e-06,1075.0,0.001892
SNT/BTC,1565502560172,2019-08-11T05:49:20.172Z,sell,1.76e-06,600.0,0.001056
SNT/BTC,1565502710226,2019-08-11T05:51:50.226Z,sell,1.76e-06,74.0,0.00013024
SNT/BTC,1565502877284,2019-08-11T05:54:37.284Z,sell,1.76e-06,1052.0,0.00185152
SNT/BTC,1565502887745,2019-08-11T05:54:47.745Z,sell,1.75e-06,449.0,0.00078575
SNT/BTC,1565502888941,2019-08-11T05:54:48.941Z,sell,1.75e-06,1441.0,0.00252175
SNT/BTC,1565502894389,2019-08-11T05:54:54.389Z,sell,1.75e-06,3464.0,0.006062
SNT/BTC,1565502904359,2019-08-11T05:55:04.359Z,sell,1.75e-06,6659.0,0.01165325
SNT/BTC,1565502904424,2019-08-11T05:55:04.424Z,sell,1.75e-06,6659.0,0.01165325
SNT/BTC,1565502904485,2019-08-11T05:55:04.485Z,sell,1.75e-06,232.0,0.000406
SNT/BTC,1565502925582,2019-08-11T05:55:25.582Z,sell,1.75e-06,3409.0,0.00596575
SNT/BTC,1565502931796,2019-08-11T05:55:31.796Z,buy,1.76e-06,1308.0,0.00230208
SNT/BTC,1565502931849,2019-08-11T05:55:31.849Z,sell,1.76e-06,2082.0,0.00366432
SNT/BTC,1565503277006,2019-08-11T06:01:17.006Z,buy,1.76e-06,583.0,0.00102608
SNT/BTC,1565503277006,2019-08-11T06:01:17.006Z,buy,1.76e-06,583.0,0.00102608
SNT/BTC,1565504235090,2019-08-11T06:17:15.090Z,buy,1.76e-06,96.0,0.00016896
SNT/BTC,1565505017274,2019-08-11T06:30:17.274Z,buy,1.76e-06,112849.0,0.19861424
SNT/BTC,1565505017327,2019-08-11T06:30:17.327Z,sell,1.76e-06,6623.0,0.01165648
SNT/BTC,1565505017390,2019-08-11T06:30:17.390Z,sell,1.76e-06,3615.0,0.0063624
SNT/BTC,1565505017408,2019-08-11T06:30:17.408Z,sell,1.76e-06,4047.0,0.00712272
SNT/BTC,1565505017457,2019-08-11T06:30:17.457Z,sell,1.76e-06,6621.0,0.01165296
SNT/BTC,1565505017518,2019-08-11T06:30:17.518Z,sell,1.76e-06,2157.0,0.00379632
SNT/BTC,1565505017590,2019-08-11T06:30:17.590Z,sell,1.76e-06,7698.0,0.01354848
SNT/BTC,1565505017713,2019-08-11T06:30:17.713Z,sell,1.76e-06,4589.0,0.00807664
SNT/BTC,1565505383837,2019-08-11T06:36:23.837Z,sell,1.75e-06,161009.0,0.28176575
SNT/BTC,1565505383934,2019-08-11T06:36:23.934Z,buy,1.75e-06,2857.0,0.00499975
SNT/BTC,1565505383959,2019-08-11T06:36:23.959Z,buy,1.75e-06,127.0,0.00022225
SNT/BTC,1565505384038,2019-08-11T06:36:24.038Z,buy,1.75e-06,1841.0,0.00322175
SNT/BTC,1565505384742,2019-08-11T06:36:24.742Z,buy,1.75e-06,24482.0,0.0428435
SNT/BTC,1565505384870,2019-08-11T06:36:24.870Z,buy,1.75e-06,5698.0,0.0099715
SNT/BTC,1565505384883,2019-08-11T06:36:24.883Z,buy,1.75e-06,1299.0,0.00227325
SNT/BTC,1565505384974,2019-08-11T06:36:24.974Z,buy,1.75e-06,1446.0,0.0025304999999999
SNT/BTC,1565505385100,2019-08-11T06:36:25.100Z,buy,1.75e-06,14198.0,0.0248465
SNT/BTC,1565505385104,2019-08-11T06:36:25.104Z,buy,1.75e-06,4323.0,0.00756525
SNT/BTC,1565505385120,2019-08-11T06:36:25.120Z,buy,1.75e-06,45881.0,0.08029175
SNT/BTC,1565505385302,2019-08-11T06:36:25.302Z,sell,1.75e-06,70.0,0.0001225
SNT/BTC,1565505385304,2019-08-11T06:36:25.304Z,sell,1.75e-06,144.0,0.000252
SNT/BTC,1565505385310,2019-08-11T06:36:25.310Z,sell,1.75e-06,97.0,0.00016975
SNT/BTC,1565505410673,2019-08-11T06:36:50.673Z,sell,1.75e-06,6305.0,0.01103375
SNT/BTC,1565505411468,2019-08-11T06:36:51.468Z,buy,1.75e-06,5908.0,0.010339
SNT/BTC,1565506401834,2019-08-11T06:53:21.834Z,sell,1.75e-06,102165.0,0.17878875
SNT/BTC,1565506401962,2019-08-11T06:53:21.962Z,buy,1.75e-06,1017.0,0.0017797499999999
SNT/BTC,1565506402029,2019-08-11T06:53:22.029Z,buy,1.75e-06,17191.0,0.03008425
SNT/BTC,1565506402070,2019-08-11T06:53:22.070Z,buy,1.75e-06,103.0,0.00018025
SNT/BTC,1565506409226,2019-08-11T06:53:29.226Z,buy,1.76e-06,18311.0,0.03222736
SNT/BTC,1565506411944,2019-08-11T06:53:31.944Z,buy,1.76e-06,1578.0,0.00277728
SNT/BTC,1565506411944,2019-08-11T06:53:31.944Z,buy,1.76e-06,1578.0,0.00277728
SNT/BTC,1565507563494,2019-08-11T07:12:43.494Z,sell,1.75e-06,114.0,0.0001995
SNT/BTC,1565507756028,2019-08-11T07:15:56.028Z,sell,1.75e-06,222.0,0.0003885
SNT/BTC,1565507834208,2019-08-11T07:17:14.208Z,buy,1.76e-06,58.0,0.00010208
SNT/BTC,1565508509150,2019-08-11T07:28:29.150Z,buy,1.76e-06,2487.0,0.00437712
SNT/BTC,1565508560013,2019-08-11T07:29:20.013Z,buy,1.77e-06,1971.0,0.00348867
SNT/BTC,1565508998210,2019-08-11T07:36:38.210Z,buy,1.77e-06,132531.0,0.23457987
SNT/BTC,1565509561100,2019-08-11T07:46:01.100Z,sell,1.76e-06,387.0,0.00068112
SNT/BTC,1565509790262,2019-08-11T07:49:50.262Z,buy,1.77e-06,4000.0,0.00708
SNT/BTC,1565509858272,2019-08-11T07:50:58.272Z,sell,1.76e-06,2586.0,0.00455136
SNT/BTC,1565509858272,2019-08-11T07:50:58.272Z,sell,1.76e-06,2586.0,0.00455136
SNT/BTC,1565510024451,2019-08-11T07:53:44.451Z,buy,1.77e-06,193.0,0.00034161
SNT/BTC,1565510175460,2019-08-11T07:56:15.460Z,sell,1.76e-06,64.0,0.00011264
SNT/BTC,1565510322838,2019-08-11T07:58:42.838Z,buy,1.76e-06,2394.0,0.00421344
SNT/BTC,1565510324135,2019-08-11T07:58:44.135Z,sell,1.76e-06,74.0,0.00013024
SNT/BTC,1565510459574,2019-08-11T08:00:59.574Z,sell,1.76e-06,2061.0,0.00362736
SNT/BTC,1565510483447,2019-08-11T08:01:23.447Z,sell,1.76e-06,2391.0,0.00420816
SNT/BTC,1565510639335,2019-08-11T08:03:59.335Z,buy,1.76e-06,2391.0,0.00420816
SNT/BTC,1565510640171,2019-08-11T08:04:00.171Z,sell,1.76e-06,202.0,0.00035552
SNT/BTC,1565510645052,2019-08-11T08:04:05.052Z,sell,1.76e-06,457.0,0.00080432
SNT/BTC,1565510645989,2019-08-11T08:04:05.989Z,sell,1.76e-06,11119.0,0.01956944
SNT/BTC,1565510848450,2019-08-11T08:07:28.450Z,buy,1.76e-06,698.0,0.00122848
SNT/BTC,1565510887117,2019-08-11T08:08:07.117Z,buy,1.76e-06,4645.0,0.0081752
SNT/BTC,1565511005462,2019-08-11T08:10:05.462Z,sell,1.76e-06,15050.0,0.026488
SNT/BTC,1565511005526,2019-08-11T08:10:05.526Z,sell,1.76e-06,248.0,0.00043648
SNT/BTC,1565511198281,2019-08-11T08:13:18.281Z,sell,1.75e-06,714.0,0.0012495
SNT/BTC,1565511198303,2019-08-11T08:13:18.303Z,sell,1.75e-06,701.0,0.00122675
SNT/BTC,1565511249688,2019-08-11T08:14:09.688Z,sell,1.75e-06,718.0,0.0012565
SNT/BTC,1565511313399,2019-08-11T08:15:13.399Z,sell,1.75e-06,699.0,0.00122325
SNT/BTC,1565511321646,2019-08-11T08:15:21.646Z,buy,1.76e-06,66.0,0.00011616
SNT/BTC,1565511351742,2019-08-11T08:15:51.742Z,sell,1.75e-06,2500.0,0.0043749999999999
SNT/BTC,1565511514686,2019-08-11T08:18:34.686Z,buy,1.76e-06,115354.0,0.20302304
SNT/BTC,1565512218627,2019-08-11T08:30:18.627Z,buy,1.76e-06,173.0,0.00030448
SNT/BTC,1565512218724,2019-08-11T08:30:18.724Z,sell,1.76e-06,151.0,0.00026576
SNT/BTC,1565512218786,2019-08-11T08:30:18.786Z,sell,1.76e-06,151.0,0.00026576
SNT/BTC,1565512218924,2019-08-11T08:30:18.924Z,sell,1.76e-06,151.0,0.00026576
SNT/BTC,1565512219057,2019-08-11T08:30:19.057Z,sell,1.76e-06,151.0,0.00026576
SNT/BTC,1565512219203,2019-08-11T08:30:19.203Z,sell,1.76e-06,151.0,0.00026576
SNT/BTC,1565512219335,2019-08-11T08:30:19.335Z,sell,1.76e-06,151.0,0.00026576
SNT/BTC,1565512219511,2019-08-11T08:30:19.511Z,sell,1.76e-06,151.0,0.00026576
SNT/BTC,1565512219649,2019-08-11T08:30:19.649Z,sell,1.76e-06,151.0,0.00026576
SNT/BTC,1565512236462,2019-08-11T08:30:36.462Z,sell,1.76e-06,200.0,0.000352
SNT/BTC,1565512236554,2019-08-11T08:30:36.554Z,sell,1.76e-06,6471.0,0.01138896
SNT/BTC,1565512236992,2019-08-11T08:30:36.992Z,sell,1.75e-06,6108.0,0.010689
SNT/BTC,1565512612392,2019-08-11T08:36:52.392Z,buy,1.76e-06,174.0,0.00030624
SNT/BTC,1565513120252,2019-08-11T08:45:20.252Z,buy,1.76e-06,600.0,0.001056
SNT/BTC,1565513122244,2019-08-11T08:45:22.244Z,buy,1.76e-06,6359.0,0.01119184
SNT/BTC,1565513123336,2019-08-11T08:45:23.336Z,buy,1.76e-06,600.0,0.001056
SNT/BTC,1565513128038,2019-08-11T08:45:28.038Z,buy,1.76e-06,600.0,0.001056
SNT/BTC,1565513129342,2019-08-11T08:45:29.342Z,buy,1.76e-06,682.0,0.00120032
SNT/BTC,1565513169869,2019-08-11T08:46:09.869Z,sell,1.76e-06,4400.0,0.007744
SNT/BTC,1565513310106,2019-08-11T08:48:30.106Z,sell,1.76e-06,2403.0,0.00422928
SNT/BTC,1565513311268,2019-08-11T08:48:31.268Z,buy,1.76e-06,5979.0,0.01052304
SNT/BTC,1565513312009,2019-08-11T08:48:32.009Z,buy,1.76e-06,3354.0,0.00590304
SNT/BTC,1565513312774,2019-08-11T08:48:32.774Z,buy,1.76e-06,873.0,0.00153648
SNT/BTC,1565513336851,2019-08-11T08:48:56.851Z,sell,1.76e-06,666.0,0.00117216
SNT/BTC,1565513378438,2019-08-11T08:49:38.438Z,buy,1.76e-06,600.0,0.001056
SNT/BTC,1565513454250,2019-08-11T08:50:54.250Z,buy,1.76e-06,439.0,0.00077264
SNT/BTC,1565513454250,2019-08-11T08:50:54.250Z,buy,1.76e-06,439.0,0.00077264
SNT/BTC,1565513598164,2019-08-11T08:53:18.164Z,buy,1.76e-06,2293.0,0.00403568
SNT/BTC,1565513599089,2019-08-11T08:53:19.089Z,buy,1.76e-06,1417.0,0.00249392
SNT/BTC,1565513606798,2019-08-11T08:53:26.798Z,buy,1.76e-06,1766.0,0.00310816
SNT/BTC,1565513607710,2019-08-11T08:53:27.710Z,buy,1.76e-06,4328.0,0.00761728
SNT/BTC,1565513608630,2019-08-11T08:53:28.630Z,buy,1.76e-06,1428.0,0.00251328
SNT/BTC,1565513609700,2019-08-11T08:53:29.700Z,buy,1.76e-06,1692.0,0.00297792
SNT/BTC,1565513611678,2019-08-11T08:53:31.678Z,buy,1.76e-06,600.0,0.001056
SNT/BTC,1565513739888,2019-08-11T08:55:39.888Z,buy,1.76e-06,40.0,7.04e-05
SNT/BTC,1565513888151,2019-08-11T08:58:08.151Z,sell,1.76e-06,1095.0,0.0019272
SNT/BTC,1565514103541,2019-08-11T09:01:43.541Z,buy,1.76e-06,609.0,0.00107184
SNT/BTC,1565514104533,2019-08-11T09:01:44.533Z,buy,1.76e-06,700.0,0.001232
SNT/BTC,1565514106541,2019-08-11T09:01:46.541Z,buy,1.76e-06,844.0,0.00148544
SNT/BTC,1565514139278,2019-08-11T09:02:19.278Z,buy,1.76e-06,1165.0,0.0020504
SNT/BTC,1565514140279,2019-08-11T09:02:20.279Z,buy,1.76e-06,600.0,0.001056
SNT/BTC,1565514158998,2019-08-11T09:02:38.998Z,buy,1.76e-06,4765.0,0.0083864
SNT/BTC,1565514159954,2019-08-11T09:02:39.954Z,buy,1.76e-06,1612.0,0.00283712
SNT/BTC,1565514181727,2019-08-11T09:03:01.727Z,sell,1.76e-06,200.0,0.000352
SNT/BTC,1565514182956,2019-08-11T09:03:02.956Z,sell,1.76e-06,98.0,0.00017248
SNT/BTC,1565514314182,2019-08-11T09:05:14.182Z,sell,1.76e-06,8432.0,0.01484032
SNT/BTC,1565514627003,2019-08-11T09:10:27.003Z,sell,1.76e-06,899.0,0.00158224
SNT/BTC,1565514829379,2019-08-11T09:13:49.379Z,sell,1.76e-06,25566.0,0.04499616
SNT/BTC,1565514915929,2019-08-11T09:15:15.929Z,buy,1.77e-06,71843.0,0.12716211
SNT/BTC,1565514918481,2019-08-11T09:15:18.481Z,buy,1.77e-06,17026.0,0.03013602
SNT/BTC,1565514920788,2019-08-11T09:15:20.788Z,buy,1.77e-06,5360.0,0.0094872
SNT/BTC,1565514946260,2019-08-11T09:15:46.260Z,buy,1.77e-06,14067.0,0.0248985899999999
SNT/BTC,1565514955070,2019-08-11T09:15:55.070Z,buy,1.77e-06,4150.0,0.0073455
SNT/BTC,1565515138032,2019-08-11T09:18:58.032Z,sell,1.76e-06,4995.0,0.0087912
SNT/BTC,1565515342255,2019-08-11T09:22:22.255Z,buy,1.77e-06,2224.0,0.00393648
SNT/BTC,1565515479662,2019-08-11T09:24:39.662Z,buy,1.77e-06,65.0,0.00011505
SNT/BTC,1565515480679,2019-08-11T09:24:40.679Z,sell,1.77e-06,1082.0,0.00191514
SNT/BTC,1565515832964,2019-08-11T09:30:32.964Z,sell,1.77e-06,701.0,0.00124077
SNT/BTC,1565515854777,2019-08-11T09:30:54.777Z,sell,1.77e-06,14335.0,0.02537295
SNT/BTC,1565515864895,2019-08-11T09:31:04.895Z,sell,1.77e-06,259.0,0.00045843
SNT/BTC,1565515868420,2019-08-11T09:31:08.420Z,sell,1.77e-06,11299.0,0.01999923
SNT/BTC,1565515917409,2019-08-11T09:31:57.409Z,sell,1.77e-06,15312.0,0.02710224
SNT/BTC,1565515918311,2019-08-11T09:31:58.311Z,sell,1.77e-06,27826.0,0.04925202
SNT/BTC,1565516358093,2019-08-11T09:39:18.093Z,sell,1.76e-06,74200.0,0.130592
SNT/BTC,1565516469228,2019-08-11T09:41:09.228Z,sell,1.76e-06,20000.0,0.0352
SNT/BTC,1565516469228,2019-08-11T09:41:09.228Z,sell,1.76e-06,20000.0,0.0352
SNT/BTC,1565517209088,2019-08-11T09:53:29.088Z,sell,1.76e-06,14225.0,0.025036
SNT/BTC,1565517209264,2019-08-11T09:53:29.264Z,sell,1.76e-06,4956.0,0.00872256
SNT/BTC,1565517210691,2019-08-11T09:53:30.691Z,sell,1.76e-06,30514.0,0.05370464
SNT/BTC,1565517281629,2019-08-11T09:54:41.629Z,sell,1.75e-06,403.0,0.00070525
SNT/BTC,1565517663798,2019-08-11T10:01:03.798Z,sell,1.75e-06,2419.0,0.00423325
SNT/BTC,1565519170770,2019-08-11T10:26:10.770Z,sell,1.74e-06,19250.0,0.033495
SNT/BTC,1565519226631,2019-08-11T10:27:06.631Z,buy,1.74e-06,8315.0,0.0144681
SNT/BTC,1565519537334,2019-08-11T10:32:17.334Z,buy,1.75e-06,114.0,0.0001995
SNT/BTC,1565519679109,2019-08-11T10:34:39.109Z,buy,1.75e-06,70.0,0.0001225
SNT/BTC,1565519679109,2019-08-11T10:34:39.109Z,buy,1.75e-06,70.0,0.0001225
SNT/BTC,1565522365313,2019-08-11T11:19:25.313Z,sell,1.73e-06,702.0,0.0012144599999999
SNT/BTC,1565522365313,2019-08-11T11:19:25.313Z,sell,1.73e-06,4000.0,0.00692
SNT/BTC,1565522408873,2019-08-11T11:20:08.873Z,buy,1.74e-06,86.0,0.00014964
SNT/BTC,1565522861528,2019-08-11T11:27:41.528Z,buy,1.74e-06,283.0,0.00049242
SNT/BTC,1565522861577,2019-08-11T11:27:41.577Z,buy,1.74e-06,123.0,0.00021402
SNT/BTC,1565522861607,2019-08-11T11:27:41.607Z,buy,1.74e-06,123.0,0.00021402
SNT/BTC,1565522861823,2019-08-11T11:27:41.823Z,buy,1.74e-06,17936.0,0.03120864
SNT/BTC,1565522900546,2019-08-11T11:28:20.546Z,buy,1.75e-06,13238.0,0.0231665
SNT/BTC,1565522900546,2019-08-11T11:28:20.546Z,buy,1.75e-06,13238.0,0.0231665
SNT/BTC,1565523964270,2019-08-11T11:46:04.270Z,sell,1.74e-06,13249.0,0.02305326
SNT/BTC,1565524048149,2019-08-11T11:47:28.149Z,sell,1.74e-06,58.0,0.00010092
SNT/BTC,1565524103177,2019-08-11T11:48:23.177Z,buy,1.74e-06,3267.0,0.00568458
SNT/BTC,1565524105613,2019-08-11T11:48:25.613Z,buy,1.74e-06,4644.0,0.00808056
SNT/BTC,1565524113346,2019-08-11T11:48:33.346Z,buy,1.74e-06,12403.0,0.02158122
SNT/BTC,1565524114892,2019-08-11T11:48:34.892Z,buy,1.74e-06,2424.0,0.00421776
SNT/BTC,1565524407463,2019-08-11T11:53:27.463Z,buy,1.75e-06,107.0,0.00018725
SNT/BTC,1565524595566,2019-08-11T11:56:35.566Z,sell,1.74e-06,86.0,0.00014964
SNT/BTC,1565524745773,2019-08-11T11:59:05.773Z,buy,1.74e-06,1578.0,0.00274572
SNT/BTC,1565525263344,2019-08-11T12:07:43.344Z,buy,1.74e-06,522.0,0.00090828
SNT/BTC,1565525468937,2019-08-11T12:11:08.937Z,sell,1.73e-06,1321.0,0.00228533
SNT/BTC,1565525471066,2019-08-11T12:11:11.066Z,sell,1.73e-06,5946.0,0.01028658
SNT/BTC,1565525474569,2019-08-11T12:11:14.569Z,buy,1.74e-06,58.0,0.00010092
SNT/BTC,1565526095971,2019-08-11T12:21:35.971Z,buy,1.74e-06,522.0,0.00090828
SNT/BTC,1565526124786,2019-08-11T12:22:04.786Z,sell,1.73e-06,119212.0,0.20623676
SNT/BTC,1565526124827,2019-08-11T12:22:04.827Z,buy,1.73e-06,124.0,0.00021452
SNT/BTC,1565526124839,2019-08-11T12:22:04.839Z,buy,1.73e-06,60000.0,0.1038
SNT/BTC,1565526124922,2019-08-11T12:22:04.922Z,buy,1.73e-06,16242.0,0.0280986599999999
SNT/BTC,1565526125020,2019-08-11T12:22:05.020Z,sell,1.73e-06,9547.0,0.01651631
SNT/BTC,1565526159007,2019-08-11T12:22:39.007Z,buy,1.74e-06,44543.0,0.07750482
SNT/BTC,1565526159007,2019-08-11T12:22:39.007Z,buy,1.75e-06,3825.0,0.00669375
SNT/BTC,1565526293754,2019-08-11T12:24:53.754Z,buy,1.74e-06,4235.0,0.0073689
SNT/BTC,1565526294690,2019-08-11T12:24:54.690Z,buy,1.74e-06,5941.0,0.01033734
SNT/BTC,1565526295878,2019-08-11T12:24:55.878Z,buy,1.74e-06,4873.0,0.00847902
SNT/BTC,1565526296865,2019-08-11T12:24:56.865Z,buy,1.74e-06,5628.0,0.00979272
SNT/BTC,1565526302989,2019-08-11T12:25:02.989Z,buy,1.74e-06,600.0,0.001044
SNT/BTC,1565526368608,2019-08-11T12:26:08.608Z,sell,1.73e-06,698.0,0.00120754
SNT/BTC,1565526430382,2019-08-11T12:27:10.382Z,buy,1.74e-06,8605.0,0.0149727
SNT/BTC,1565526430382,2019-08-11T12:27:10.382Z,buy,1.74e-06,8605.0,0.0149727
SNT/BTC,1565526594615,2019-08-11T12:29:54.615Z,buy,1.74e-06,1724.0,0.00299976
SNT/BTC,1565526863634,2019-08-11T12:34:23.634Z,buy,1.74e-06,12976.0,0.02257824
SNT/BTC,1565526864612,2019-08-11T12:34:24.612Z,buy,1.74e-06,12976.0,0.02257824
SNT/BTC,1565526865753,2019-08-11T12:34:25.753Z,buy,1.74e-06,12976.0,0.02257824
SNT/BTC,1565526866629,2019-08-11T12:34:26.629Z,buy,1.74e-06,12976.0,0.02257824
SNT/BTC,1565526880085,2019-08-11T12:34:40.085Z,buy,1.74e-06,8424.0,0.01465776
SNT/BTC,1565526939427,2019-08-11T12:35:39.427Z,buy,1.74e-06,522.0,0.00090828
SNT/BTC,1565527021578,2019-08-11T12:37:01.578Z,buy,1.74e-06,6794.0,0.01182156
SNT/BTC,1565527022577,2019-08-11T12:37:02.577Z,buy,1.74e-06,5072.0,0.00882528
SNT/BTC,1565527058117,2019-08-11T12:37:38.117Z,buy,1.74e-06,8070.0,0.0140418
SNT/BTC,1565527059250,2019-08-11T12:37:39.250Z,buy,1.74e-06,4492.0,0.00781608
SNT/BTC,1565527060152,2019-08-11T12:37:40.152Z,buy,1.74e-06,1655.0,0.0028797
SNT/BTC,1565527061134,2019-08-11T12:37:41.134Z,buy,1.74e-06,609.0,0.00105966
SNT/BTC,1565527804550,2019-08-11T12:50:04.550Z,buy,1.74e-06,529.0,0.00092046
SNT/BTC,1565527806137,2019-08-11T12:50:06.137Z,buy,1.74e-06,132.0,0.00022968
SNT/BTC,1565528021951,2019-08-11T12:53:41.951Z,buy,1.74e-06,160.0,0.0002784
SNT/BTC,1565528157614,2019-08-11T12:55:57.614Z,buy,1.74e-06,5684.0,0.00989016
SNT/BTC,1565528158562,2019-08-11T12:55:58.562Z,buy,1.74e-06,1571.0,0.00273354
SNT/BTC,1565528159576,2019-08-11T12:55:59.576Z,buy,1.74e-06,600.0,0.001044
SNT/BTC,1565528160556,2019-08-11T12:56:00.556Z,buy,1.74e-06,600.0,0.001044
SNT/BTC,1565528417300,2019-08-11T13:00:17.300Z,buy,1.74e-06,1347.0,0.00234378
SNT/BTC,1565528418300,2019-08-11T13:00:18.300Z,buy,1.74e-06,600.0,0.001044
SNT/BTC,1565528737095,2019-08-11T13:05:37.095Z,buy,1.74e-06,9802.0,0.01705548
SNT/BTC,1565528738159,2019-08-11T13:05:38.159Z,buy,1.74e-06,11029.0,0.01919046
SNT/BTC,1565528738990,2019-08-11T13:05:38.990Z,buy,1.74e-06,11000.0,0.01914
SNT/BTC,1565528739142,2019-08-11T13:05:39.142Z,buy,1.74e-06,4150.0,0.007221
SNT/BTC,1565528740108,2019-08-11T13:05:40.108Z,buy,1.74e-06,1333.0,0.00231942
SNT/BTC,1565528751486,2019-08-11T13:05:51.486Z,buy,1.74e-06,681.0,0.00118494
SNT/BTC,1565528899037,2019-08-11T13:08:19.037Z,buy,1.74e-06,580.0,0.0010092
SNT/BTC,1565529395230,2019-08-11T13:16:35.230Z,buy,1.74e-06,710.0,0.0012354
SNT/BTC,1565529412479,2019-08-11T13:16:52.479Z,sell,1.74e-06,24524.0,0.04267176
SNT/BTC,1565529431788,2019-08-11T13:17:11.788Z,sell,1.74e-06,83.0,0.00014442
SNT/BTC,1565529468313,2019-08-11T13:17:48.313Z,sell,1.74e-06,18465.0,0.0321291
SNT/BTC,1565529578567,2019-08-11T13:19:38.567Z,sell,1.74e-06,1000.0,0.00174
SNT/BTC,1565529824297,2019-08-11T13:23:44.297Z,buy,1.74e-06,9956.0,0.01732344
SNT/BTC,1565529824297,2019-08-11T13:23:44.297Z,buy,1.74e-06,9956.0,0.01732344
SNT/BTC,1565530683838,2019-08-11T13:38:03.838Z,buy,1.74e-06,600.0,0.001044
SNT/BTC,1565530683956,2019-08-11T13:38:03.956Z,buy,1.74e-06,144.0,0.00025056
SNT/BTC,1565530701907,2019-08-11T13:38:21.907Z,buy,1.74e-06,109.0,0.00018966
SNT/BTC,1565530767905,2019-08-11T13:39:27.905Z,buy,1.74e-06,10851.0,0.01888074
SNT/BTC,1565530768803,2019-08-11T13:39:28.803Z,sell,1.74e-06,2382.0,0.00414468
SNT/BTC,1565531195729,2019-08-11T13:46:35.729Z,buy,1.75e-06,173.0,0.00030275
SNT/BTC,1565531618762,2019-08-11T13:53:38.762Z,buy,1.75e-06,67.0,0.00011725
SNT/BTC,1565532640842,2019-08-11T14:10:40.842Z,buy,1.75e-06,201692.0,0.3529609999999999
SNT/BTC,1565532709354,2019-08-11T14:11:49.354Z,buy,1.75e-06,500.0,0.000875
SNT/BTC,1565532709354,2019-08-11T14:11:49.354Z,buy,1.75e-06,500.0,0.000875
SNT/BTC,1565533519604,2019-08-11T14:25:19.604Z,buy,1.75e-06,142714.0,0.2497494999999999
SNT/BTC,1565533714974,2019-08-11T14:28:34.974Z,buy,1.75e-06,50000.0,0.0875
SNT/BTC,1565533964763,2019-08-11T14:32:44.763Z,sell,1.74e-06,49021.0,0.08529654
SNT/BTC,1565534806220,2019-08-11T14:46:46.220Z,buy,1.75e-06,80121.0,0.14021175
SNT/BTC,1565534863800,2019-08-11T14:47:43.800Z,buy,1.75e-06,74505.0,0.13038375
SNT/BTC,1565534864727,2019-08-11T14:47:44.727Z,buy,1.75e-06,83.0,0.00014525
SNT/BTC,1565534953725,2019-08-11T14:49:13.725Z,buy,1.76e-06,55561.0,0.09778736
SNT/BTC,1565534963251,2019-08-11T14:49:23.251Z,sell,1.75e-06,4759.0,0.00832825
SNT/BTC,1565534965087,2019-08-11T14:49:25.087Z,sell,1.75e-06,5727.0,0.01002225
SNT/BTC,1565534968548,2019-08-11T14:49:28.548Z,sell,1.75e-06,4702.0,0.0082285
SNT/BTC,1565536095077,2019-08-11T15:08:15.077Z,buy,1.75e-06,601.0,0.00105175
SNT/BTC,1565536095114,2019-08-11T15:08:15.114Z,sell,1.75e-06,5113.0,0.0089477499999999
SNT/BTC,1565536095114,2019-08-11T15:08:15.114Z,sell,1.75e-06,5113.0,0.0089477499999999
SNT/BTC,1565537482116,2019-08-11T15:31:22.116Z,buy,1.75e-06,943.0,0.00165025
SNT/BTC,1565537482263,2019-08-11T15:31:22.263Z,buy,1.75e-06,1116.0,0.0019529999999999
SNT/BTC,1565537786335,2019-08-11T15:36:26.335Z,sell,1.75e-06,2236.0,0.003913
SNT/BTC,1565538047681,2019-08-11T15:40:47.681Z,sell,1.75e-06,14937.0,0.02613975
SNT/BTC,1565538052038,2019-08-11T15:40:52.038Z,sell,1.74e-06,3139.0,0.00546186
SNT/BTC,1565538824277,2019-08-11T15:53:44.277Z,buy,1.76e-06,110.0,0.0001936
SNT/BTC,1565539442502,2019-08-11T16:04:02.502Z,buy,1.75e-06,115212.0,0.201621
SNT/BTC,1565539445097,2019-08-11T16:04:05.097Z,sell,1.75e-06,1430.0,0.0025025
SNT/BTC,1565539447377,2019-08-11T16:04:07.377Z,sell,1.75e-06,982.0,0.0017185
SNT/BTC,1565539464388,2019-08-11T16:04:24.388Z,sell,1.75e-06,2500.0,0.0043749999999999
SNT/BTC,1565539465683,2019-08-11T16:04:25.683Z,sell,1.75e-06,2527.0,0.00442225
SNT/BTC,1565539465693,2019-08-11T16:04:25.693Z,sell,1.75e-06,2700.0,0.004725
SNT/BTC,1565539465925,2019-08-11T16:04:25.925Z,sell,1.74e-06,2500.0,0.00435
SNT/BTC,1565539465925,2019-08-11T16:04:25.925Z,sell,1.74e-06,2500.0,0.00435
SNT/BTC,1565540237487,2019-08-11T16:17:17.487Z,buy,1.75e-06,61.0,0.0001067499999999
SNT/BTC,1565540248941,2019-08-11T16:17:28.941Z,buy,1.75e-06,2412.0,0.004221
SNT/BTC,1565540249022,2019-08-11T16:17:29.022Z,sell,1.75e-06,428.0,0.000749
SNT/BTC,1565540249892,2019-08-11T16:17:29.892Z,sell,1.75e-06,164.0,0.000287
SNT/BTC,1565540262342,2019-08-11T16:17:42.342Z,sell,1.75e-06,1741.0,0.00304675
SNT/BTC,1565540722154,2019-08-11T16:25:22.154Z,sell,1.75e-06,2432.0,0.004256
SNT/BTC,1565541273817,2019-08-11T16:34:33.817Z,buy,1.76e-06,60.0,0.0001056
SNT/BTC,1565542428252,2019-08-11T16:53:48.252Z,buy,1.76e-06,860.0,0.0015136
SNT/BTC,1565542809450,2019-08-11T17:00:09.450Z,buy,1.76e-06,901.0,0.00158576
SNT/BTC,1565542818897,2019-08-11T17:00:18.897Z,sell,1.75e-06,1308.0,0.002289
SNT/BTC,1565542820585,2019-08-11T17:00:20.585Z,sell,1.74e-06,900.0,0.001566
SNT/BTC,1565542910672,2019-08-11T17:01:50.672Z,sell,1.75e-06,1045.0,0.00182875
SNT/BTC,1565542910782,2019-08-11T17:01:50.782Z,sell,1.75e-06,3864.0,0.006762
SNT/BTC,1565542910782,2019-08-11T17:01:50.782Z,sell,1.75e-06,3864.0,0.006762
SNT/BTC,1565543689224,2019-08-11T17:14:49.224Z,sell,1.75e-06,314.0,0.0005495
SNT/BTC,1565543837681,2019-08-11T17:17:17.681Z,buy,1.76e-06,71.0,0.00012496
SNT/BTC,1565544062672,2019-08-11T17:21:02.672Z,buy,1.76e-06,743.0,0.00130768
SNT/BTC,1565544422706,2019-08-11T17:27:02.706Z,buy,1.76e-06,61.0,0.00010736
SNT/BTC,1565545126890,2019-08-11T17:38:46.890Z,buy,1.76e-06,3610.0,0.0063536
SNT/BTC,1565545331045,2019-08-11T17:42:11.045Z,buy,1.76e-06,1571.0,0.00276496
SNT/BTC,1565545595657,2019-08-11T17:46:35.657Z,buy,1.76e-06,1134.0,0.00199584
SNT/BTC,1565545769198,2019-08-11T17:49:29.198Z,buy,1.76e-06,132.0,0.00023232
SNT/BTC,1565545871805,2019-08-11T17:51:11.805Z,buy,1.76e-06,19989.0,0.03518064
SNT/BTC,1565546023483,2019-08-11T17:53:43.483Z,buy,1.77e-06,3287.0,0.00581799
SNT/BTC,1565546024093,2019-08-11T17:53:44.093Z,buy,1.77e-06,4225.0,0.00747825
SNT/BTC,1565546024230,2019-08-11T17:53:44.230Z,sell,1.76e-06,83.0,0.00014608
SNT/BTC,1565546024525,2019-08-11T17:53:44.525Z,buy,1.77e-06,378.0,0.00066906
SNT/BTC,1565546082079,2019-08-11T17:54:42.079Z,buy,1.77e-06,5665.0,0.01002705
SNT/BTC,1565546082542,2019-08-11T17:54:42.542Z,buy,1.77e-06,83.0,0.00014691
SNT/BTC,1565546082542,2019-08-11T17:54:42.542Z,buy,1.77e-06,83.0,0.00014691
SNT/BTC,1565546585901,2019-08-11T18:03:05.901Z,buy,1.77e-06,192.0,0.00033984
SNT/BTC,1565546809979,2019-08-11T18:06:49.979Z,sell,1.76e-06,62650.0,0.110264
SNT/BTC,1565546810263,2019-08-11T18:06:50.263Z,sell,1.76e-06,14357.0,0.02526832
SNT/BTC,1565546810804,2019-08-11T18:06:50.804Z,sell,1.76e-06,60550.0,0.106568
SNT/BTC,1565546937196,2019-08-11T18:08:57.196Z,sell,1.76e-06,249.0,0.00043824
SNT/BTC,1565546937227,2019-08-11T18:08:57.227Z,buy,1.76e-06,249.0,0.00043824
SNT/BTC,1565546938183,2019-08-11T18:08:58.183Z,buy,1.76e-06,11600.0,0.020416
SNT/BTC,1565547084293,2019-08-11T18:11:24.293Z,buy,1.76e-06,1682.0,0.00296032
SNT/BTC,1565547206544,2019-08-11T18:13:26.544Z,buy,1.76e-06,140.0,0.0002464
SNT/BTC,1565547436831,2019-08-11T18:17:16.831Z,buy,1.77e-06,157.0,0.00027789
SNT/BTC,1565548744712,2019-08-11T18:39:04.712Z,sell,1.76e-06,249.0,0.00043824
SNT/BTC,1565548744890,2019-08-11T18:39:04.890Z,sell,1.76e-06,5928.0,0.01043328
SNT/BTC,1565548744892,2019-08-11T18:39:04.892Z,sell,1.76e-06,13063.0,0.02299088
SNT/BTC,1565548903169,2019-08-11T18:41:43.169Z,buy,1.76e-06,5681.0,0.00999856
SNT/BTC,1565548951985,2019-08-11T18:42:31.985Z,buy,1.76e-06,6269.0,0.01103344
SNT/BTC,1565549048580,2019-08-11T18:44:08.580Z,sell,1.76e-06,2583.0,0.00454608
SNT/BTC,1565549049880,2019-08-11T18:44:09.880Z,sell,1.76e-06,1478.0,0.00260128
SNT/BTC,1565549080486,2019-08-11T18:44:40.486Z,sell,1.76e-06,1000.0,0.00176
SNT/BTC,1565549163121,2019-08-11T18:46:03.121Z,sell,1.76e-06,2386.0,0.00419936
SNT/BTC,1565549276115,2019-08-11T18:47:56.115Z,buy,1.76e-06,4793.0,0.00843568
SNT/BTC,1565549310339,2019-08-11T18:48:30.339Z,buy,1.76e-06,2386.0,0.00419936
SNT/BTC,1565549345743,2019-08-11T18:49:05.743Z,sell,1.76e-06,1967.0,0.00346192
SNT/BTC,1565549458082,2019-08-11T18:50:58.082Z,sell,1.76e-06,2385.0,0.0041976
SNT/BTC,1565549612703,2019-08-11T18:53:32.703Z,buy,1.76e-06,2385.0,0.0041976
SNT/BTC,1565549620339,2019-08-11T18:53:40.339Z,buy,1.77e-06,487.0,0.00086199
SNT/BTC,1565549620339,2019-08-11T18:53:40.339Z,buy,1.77e-06,487.0,0.00086199
SNT/BTC,1565549699624,2019-08-11T18:54:59.624Z,sell,1.76e-06,71.0,0.00012496
SNT/BTC,1565549754689,2019-08-11T18:55:54.689Z,sell,1.76e-06,2385.0,0.0041976
SNT/BTC,1565550261314,2019-08-11T19:04:21.314Z,sell,1.76e-06,14748.0,0.02595648
SNT/BTC,1565550278120,2019-08-11T19:04:38.120Z,buy,1.76e-06,2544.0,0.00447744
SNT/BTC,1565550278251,2019-08-11T19:04:38.251Z,buy,1.76e-06,122.0,0.00021472
SNT/BTC,1565550280230,2019-08-11T19:04:40.230Z,buy,1.76e-06,2538.0,0.00446688
SNT/BTC,1565550291877,2019-08-11T19:04:51.877Z,buy,1.76e-06,17664.0,0.03108864
SNT/BTC,1565550336506,2019-08-11T19:05:36.506Z,buy,1.76e-06,106.0,0.00018656
SNT/BTC,1565550394460,2019-08-11T19:06:34.460Z,buy,1.76e-06,106.0,0.00018656
SNT/BTC,1565550420965,2019-08-11T19:07:00.965Z,buy,1.76e-06,80000.0,0.1408
SNT/BTC,1565550453499,2019-08-11T19:07:33.499Z,buy,1.76e-06,106.0,0.00018656
SNT/BTC,1565550513136,2019-08-11T19:08:33.136Z,buy,1.76e-06,106.0,0.00018656
SNT/BTC,1565550513402,2019-08-11T19:08:33.402Z,buy,1.76e-06,3000.0,0.00528
SNT/BTC,1565550572135,2019-08-11T19:09:32.135Z,buy,1.76e-06,106.0,0.00018656
SNT/BTC,1565550600995,2019-08-11T19:10:00.995Z,buy,1.76e-06,9850.0,0.017336
SNT/BTC,1565550632108,2019-08-11T19:10:32.108Z,buy,1.77e-06,106.0,0.00018762
SNT/BTC,1565550693389,2019-08-11T19:11:33.389Z,buy,1.77e-06,105.0,0.00018585
SNT/BTC,1565550752783,2019-08-11T19:12:32.783Z,buy,1.77e-06,105.0,0.00018585
SNT/BTC,1565550813917,2019-08-11T19:13:33.917Z,buy,1.77e-06,91.0,0.00016107
SNT/BTC,1565550920008,2019-08-11T19:15:20.008Z,sell,1.76e-06,6187.0,0.01088912
SNT/BTC,1565550920054,2019-08-11T19:15:20.054Z,sell,1.76e-06,122.0,0.00021472
SNT/BTC,1565551331146,2019-08-11T19:22:11.146Z,buy,1.77e-06,225.0,0.00039825
SNT/BTC,1565551606873,2019-08-11T19:26:46.873Z,sell,1.76e-06,10000.0,0.0176
SNT/BTC,1565551607057,2019-08-11T19:26:47.057Z,sell,1.76e-06,3524.0,0.00620224
SNT/BTC,1565551771349,2019-08-11T19:29:31.349Z,buy,1.77e-06,112170.0,0.1985409
SNT/BTC,1565551794441,2019-08-11T19:29:54.441Z,buy,1.77e-06,54128.0,0.09580656
SNT/BTC,1565552124391,2019-08-11T19:35:24.391Z,sell,1.76e-06,720.0,0.0012672
SNT/BTC,1565552759285,2019-08-11T19:45:59.285Z,sell,1.76e-06,1149.0,0.00202224
SNT/BTC,1565553103816,2019-08-11T19:51:43.816Z,sell,1.76e-06,2800.0,0.004928
SNT/BTC,1565553103949,2019-08-11T19:51:43.949Z,sell,1.76e-06,71.0,0.00012496
SNT/BTC,1565553103954,2019-08-11T19:51:43.954Z,sell,1.76e-06,70.0,0.0001232
SNT/BTC,1565553103954,2019-08-11T19:51:43.954Z,sell,1.76e-06,70.0,0.0001232
SNT/BTC,1565553221438,2019-08-11T19:53:41.438Z,buy,1.77e-06,106.0,0.00018762
SNT/BTC,1565553887756,2019-08-11T20:04:47.756Z,sell,1.76e-06,68.0,0.00011968
SNT/BTC,1565554773480,2019-08-11T20:19:33.480Z,sell,1.76e-06,10000.0,0.0176
SNT/BTC,1565554773679,2019-08-11T20:19:33.679Z,sell,1.76e-06,20086.0,0.03535136
SNT/BTC,1565554773830,2019-08-11T20:19:33.830Z,sell,1.76e-06,2096.0,0.00368896
SNT/BTC,1565554775877,2019-08-11T20:19:35.877Z,sell,1.76e-06,600.0,0.001056
SNT/BTC,1565554788853,2019-08-11T20:19:48.853Z,sell,1.76e-06,5563.0,0.00979088
SNT/BTC,1565554914171,2019-08-11T20:21:54.171Z,sell,1.75e-06,852.0,0.001491
SNT/BTC,1565554998430,2019-08-11T20:23:18.430Z,buy,1.76e-06,14005.0,0.0246488
SNT/BTC,1565554998681,2019-08-11T20:23:18.681Z,sell,1.76e-06,22136.0,0.03895936
SNT/BTC,1565555006783,2019-08-11T20:23:26.783Z,buy,1.77e-06,119847.0,0.21212919
SNT/BTC,1565555012906,2019-08-11T20:23:32.906Z,buy,1.77e-06,29962.0,0.05303274
SNT/BTC,1565555017538,2019-08-11T20:23:37.538Z,buy,1.77e-06,22471.0,0.03977367
SNT/BTC,1565555018306,2019-08-11T20:23:38.306Z,sell,1.76e-06,13759.0,0.02421584
SNT/BTC,1565555021495,2019-08-11T20:23:41.495Z,buy,1.77e-06,33707.0,0.05966139
SNT/BTC,1565555025066,2019-08-11T20:23:45.066Z,buy,1.77e-06,33708.0,0.05966316
SNT/BTC,1565555066568,2019-08-11T20:24:26.568Z,buy,1.77e-06,80783.0,0.14298591
SNT/BTC,1565555082955,2019-08-11T20:24:42.955Z,buy,1.77e-06,71312.0,0.12622224
SNT/BTC,1565555631271,2019-08-11T20:33:51.271Z,sell,1.76e-06,191.0,0.00033616
SNT/BTC,1565556612123,2019-08-11T20:50:12.123Z,sell,1.76e-06,1998.0,0.00351648
SNT/BTC,1565556612123,2019-08-11T20:50:12.123Z,sell,1.76e-06,1998.0,0.00351648
SNT/BTC,1565556819734,2019-08-11T20:53:39.734Z,buy,1.77e-06,108.0,0.00019116
SNT/BTC,1565557204617,2019-08-11T21:00:04.617Z,sell,1.76e-06,200.0,0.000352
SNT/BTC,1565558172978,2019-08-11T21:16:12.978Z,buy,1.77e-06,61.0,0.00010797
SNT/BTC,1565558230961,2019-08-11T21:17:10.961Z,sell,1.75e-06,74.0,0.0001295
SNT/BTC,1565558540161,2019-08-11T21:22:20.161Z,sell,1.75e-06,4333.0,0.00758275
SNT/BTC,1565558851389,2019-08-11T21:27:31.389Z,buy,1.76e-06,30000.0,0.0528
SNT/BTC,1565558851516,2019-08-11T21:27:31.516Z,buy,1.76e-06,122.0,0.00021472
SNT/BTC,1565558851524,2019-08-11T21:27:31.524Z,buy,1.76e-06,122.0,0.00021472
SNT/BTC,1565558851525,2019-08-11T21:27:31.525Z,buy,1.76e-06,122.0,0.00021472
SNT/BTC,1565558851534,2019-08-11T21:27:31.534Z,buy,1.76e-06,122.0,0.00021472
SNT/BTC,1565559415211,2019-08-11T21:36:55.211Z,sell,1.75e-06,9494.0,0.0166145
SNT/BTC,1565559416073,2019-08-11T21:36:56.073Z,sell,1.75e-06,69.0,0.00012075
SNT/BTC,1565559461695,2019-08-11T21:37:41.695Z,sell,1.75e-06,4117.0,0.00720475
SNT/BTC,1565559486200,2019-08-11T21:38:06.200Z,sell,1.75e-06,1976.0,0.003458
SNT/BTC,1565559487410,2019-08-11T21:38:07.410Z,sell,1.75e-06,4802.0,0.0084035
SNT/BTC,1565559487730,2019-08-11T21:38:07.730Z,sell,1.75e-06,861.0,0.00150675
SNT/BTC,1565559488232,2019-08-11T21:38:08.232Z,sell,1.75e-06,1132.0,0.001981
SNT/BTC,1565559490934,2019-08-11T21:38:10.934Z,sell,1.75e-06,200.0,0.00035
SNT/BTC,1565559491545,2019-08-11T21:38:11.545Z,sell,1.75e-06,28882.0,0.0505435
SNT/BTC,1565559569316,2019-08-11T21:39:29.316Z,sell,1.74e-06,11585.0,0.0201579
SNT/BTC,1565559827699,2019-08-11T21:43:47.699Z,sell,1.74e-06,426.0,0.00074124
SNT/BTC,1565559904154,2019-08-11T21:45:04.154Z,sell,1.74e-06,4540.0,0.0078996
SNT/BTC,1565559904154,2019-08-11T21:45:04.154Z,sell,1.74e-06,4540.0,0.0078996
SNT/BTC,1565560916386,2019-08-11T22:01:56.386Z,buy,1.75e-06,17518.0,0.0306565
SNT/BTC,1565560949358,2019-08-11T22:02:29.358Z,sell,1.75e-06,600.0,0.00105
SNT/BTC,1565560995298,2019-08-11T22:03:15.298Z,sell,1.75e-06,1776.0,0.003108
SNT/BTC,1565561175903,2019-08-11T22:06:15.903Z,buy,1.75e-06,4044.0,0.007077
SNT/BTC,1565561175942,2019-08-11T22:06:15.942Z,buy,1.75e-06,123.0,0.00021525
SNT/BTC,1565561271906,2019-08-11T22:07:51.906Z,sell,1.75e-06,10913.0,0.01909775
SNT/BTC,1565561833577,2019-08-11T22:17:13.577Z,buy,1.75e-06,12145.0,0.02125375
SNT/BTC,1565561833616,2019-08-11T22:17:13.616Z,buy,1.75e-06,123.0,0.00021525
SNT/BTC,1565561838095,2019-08-11T22:17:18.095Z,sell,1.74e-06,103.0,0.00017922
SNT/BTC,1565561839190,2019-08-11T22:17:19.190Z,buy,1.75e-06,3791.0,0.0066342499999999
SNT/BTC,1565561841526,2019-08-11T22:17:21.526Z,sell,1.75e-06,192.0,0.000336
SNT/BTC,1565561843103,2019-08-11T22:17:23.103Z,sell,1.75e-06,1001.0,0.00175175
SNT/BTC,1565561843640,2019-08-11T22:17:23.640Z,sell,1.75e-06,600.0,0.00105
SNT/BTC,1565561860996,2019-08-11T22:17:40.996Z,sell,1.75e-06,69.0,0.00012075
SNT/BTC,1565561987321,2019-08-11T22:19:47.321Z,sell,1.75e-06,600.0,0.00105
SNT/BTC,1565561998844,2019-08-11T22:19:58.844Z,buy,1.75e-06,12284.0,0.021497
SNT/BTC,1565562026084,2019-08-11T22:20:26.084Z,sell,1.75e-06,108.0,0.0001889999999999
SNT/BTC,1565562131674,2019-08-11T22:22:11.674Z,sell,1.75e-06,64.0,0.000112
SNT/BTC,1565562834934,2019-08-11T22:33:54.934Z,buy,1.76e-06,1130.0,0.0019888
SNT/BTC,1565562835038,2019-08-11T22:33:55.038Z,buy,1.76e-06,18430.0,0.0324368
SNT/BTC,1565562864631,2019-08-11T22:34:24.631Z,sell,1.75e-06,1307.0,0.00228725
SNT/BTC,1565562864635,2019-08-11T22:34:24.635Z,sell,1.75e-06,1339.0,0.00234325
SNT/BTC,1565563087423,2019-08-11T22:38:07.423Z,sell,1.75e-06,141.0,0.00024675
SNT/BTC,1565563144558,2019-08-11T22:39:04.558Z,buy,1.76e-06,211.0,0.00037136
SNT/BTC,1565563144558,2019-08-11T22:39:04.558Z,buy,1.76e-06,211.0,0.00037136
SNT/BTC,1565563574136,2019-08-11T22:46:14.136Z,sell,1.75e-06,1777.0,0.00310975
SNT/BTC,1565563670092,2019-08-11T22:47:50.092Z,sell,1.75e-06,4571.0,0.00799925
SNT/BTC,1565563670153,2019-08-11T22:47:50.153Z,buy,1.75e-06,1485.0,0.00259875
SNT/BTC,1565563680834,2019-08-11T22:48:00.834Z,buy,1.75e-06,8890.0,0.0155575
SNT/BTC,1565563971201,2019-08-11T22:52:51.201Z,sell,1.75e-06,19410.0,0.0339675
SNT/BTC,1565563971367,2019-08-11T22:52:51.367Z,sell,1.74e-06,11207.0,0.01950018
SNT/BTC,1565563991006,2019-08-11T22:53:11.006Z,buy,1.75e-06,9338.0,0.0163415
SNT/BTC,1565563991042,2019-08-11T22:53:11.042Z,buy,1.75e-06,123.0,0.00021525
SNT/BTC,1565565903991,2019-08-11T23:25:03.991Z,sell,1.74e-06,449.0,0.00078126
SNT/BTC,1565566576397,2019-08-11T23:36:16.397Z,buy,1.75e-06,953.0,0.00166775
SNT/BTC,1565566576397,2019-08-11T23:36:16.397Z,buy,1.75e-06,953.0,0.00166775
SNT/BTC,1565567382889,2019-08-11T23:49:42.889Z,sell,1.74e-06,352.0,0.00061248
SNT/BTC,1565567410863,2019-08-11T23:50:10.863Z,sell,1.74e-06,5665.0,0.0098571
SNT/BTC,1565567995643,2019-08-11T23:59:55.643Z,sell,1.74e-06,14771.0,0.02570154
SNT/BTC,1565568128585,2019-08-12T00:02:08.585Z,sell,1.74e-06,11423.0,0.01987602
SNT/BTC,1565568160250,2019-08-12T00:02:40.250Z,sell,1.74e-06,4226.0,0.00735324
SNT/BTC,1565568260382,2019-08-12T00:04:20.382Z,sell,1.74e-06,102.0,0.00017748
SNT/BTC,1565568265721,2019-08-12T00:04:25.721Z,sell,1.74e-06,11192.0,0.01947408
SNT/BTC,1565568421285,2019-08-12T00:07:01.285Z,buy,1.75e-06,10505.0,0.01838375
SNT/BTC,1565568423506,2019-08-12T00:07:03.506Z,buy,1.75e-06,5632.0,0.009856
SNT/BTC,1565570115720,2019-08-12T00:35:15.720Z,sell,1.74e-06,782.0,0.00136068
SNT/BTC,1565570115720,2019-08-12T00:35:15.720Z,sell,1.74e-06,782.0,0.00136068
SNT/BTC,1565570467645,2019-08-12T00:41:07.645Z,sell,1.75e-06,162.0,0.0002835
SNT/BTC,1565570468256,2019-08-12T00:41:08.256Z,sell,1.75e-06,9859.0,0.01725325
SNT/BTC,1565570475916,2019-08-12T00:41:15.916Z,sell,1.75e-06,1379.0,0.00241325
SNT/BTC,1565570688525,2019-08-12T00:44:48.525Z,buy,1.75e-06,7231.0,0.01265425
SNT/BTC,1565570980487,2019-08-12T00:49:40.487Z,sell,1.75e-06,10000.0,0.0174999999999999
SNT/BTC,1565572192323,2019-08-12T01:09:52.323Z,buy,1.76e-06,24100.0,0.042416
SNT/BTC,1565572195017,2019-08-12T01:09:55.017Z,buy,1.77e-06,1130.0,0.0020001
SNT/BTC,1565572211065,2019-08-12T01:10:11.065Z,sell,1.76e-06,123.0,0.00021648
SNT/BTC,1565572211446,2019-08-12T01:10:11.446Z,sell,1.76e-06,11298.0,0.01988448
SNT/BTC,1565572214496,2019-08-12T01:10:14.496Z,buy,1.77e-06,95000.0,0.16815
SNT/BTC,1565572237869,2019-08-12T01:10:37.869Z,buy,1.77e-06,23597.0,0.04176669
SNT/BTC,1565572253359,2019-08-12T01:10:53.359Z,buy,1.77e-06,17311.0,0.03064047
SNT/BTC,1565572272873,2019-08-12T01:11:12.873Z,sell,1.76e-06,200.0,0.000352
SNT/BTC,1565572290929,2019-08-12T01:11:30.929Z,sell,1.76e-06,1530.0,0.0026928
SNT/BTC,1565572325343,2019-08-12T01:12:05.343Z,sell,1.76e-06,200.0,0.000352
SNT/BTC,1565572325774,2019-08-12T01:12:05.774Z,sell,1.76e-06,200.0,0.000352
SNT/BTC,1565572336669,2019-08-12T01:12:16.669Z,sell,1.76e-06,60.0,0.0001056
SNT/BTC,1565572571034,2019-08-12T01:16:11.034Z,sell,1.76e-06,119.0,0.00020944
SNT/BTC,1565572630025,2019-08-12T01:17:10.025Z,sell,1.76e-06,150.0,0.000264
SNT/BTC,1565572755028,2019-08-12T01:19:15.028Z,sell,1.76e-06,64.0,0.00011264
SNT/BTC,1565572757912,2019-08-12T01:19:17.912Z,sell,1.76e-06,11363.0,0.01999888
SNT/BTC,1565572796982,2019-08-12T01:19:56.982Z,sell,1.76e-06,1614.0,0.00284064
SNT/BTC,1565572826120,2019-08-12T01:20:26.120Z,sell,1.76e-06,74.0,0.00013024
SNT/BTC,1565572972766,2019-08-12T01:22:52.766Z,sell,1.76e-06,18117.0,0.03188592
SNT/BTC,1565572986913,2019-08-12T01:23:06.913Z,sell,1.76e-06,10292.0,0.01811392
SNT/BTC,1565573398741,2019-08-12T01:29:58.741Z,sell,1.75e-06,12247.0,0.02143225
SNT/BTC,1565573398741,2019-08-12T01:29:58.741Z,sell,1.75e-06,12247.0,0.02143225
SNT/BTC,1565574198785,2019-08-12T01:43:18.785Z,sell,1.75e-06,3661.0,0.00640675
SNT/BTC,1565575162570,2019-08-12T01:59:22.570Z,buy,1.76e-06,1129.0,0.00198704
SNT/BTC,1565576240135,2019-08-12T02:17:20.135Z,buy,1.76e-06,61.0,0.00010736
SNT/BTC,1565576240135,2019-08-12T02:17:20.135Z,buy,1.76e-06,61.0,0.00010736
SNT/BTC,1565578206361,2019-08-12T02:50:06.361Z,buy,1.76e-06,2020.0,0.0035552
SNT/BTC,1565578206545,2019-08-12T02:50:06.545Z,buy,1.76e-06,553.0,0.00097328
SNT/BTC,1565578223418,2019-08-12T02:50:23.418Z,buy,1.77e-06,68.0,0.0001203599999999
SNT/BTC,1565578373855,2019-08-12T02:52:53.855Z,sell,1.76e-06,73.0,0.00012848
SNT/BTC,1565578408424,2019-08-12T02:53:28.424Z,sell,1.76e-06,316.0,0.00055616
SNT/BTC,1565578615270,2019-08-12T02:56:55.270Z,sell,1.76e-06,9854.0,0.01734304
SNT/BTC,1565579784033,2019-08-12T03:16:24.033Z,sell,1.76e-06,2420.0,0.0042592
SNT/BTC,1565579784134,2019-08-12T03:16:24.134Z,sell,1.76e-06,2305.0,0.0040568
SNT/BTC,1565579784182,2019-08-12T03:16:24.182Z,sell,1.76e-06,5697.0,0.01002672
SNT/BTC,1565579830956,2019-08-12T03:17:10.956Z,sell,1.76e-06,84.0,0.00014784
SNT/BTC,1565579830956,2019-08-12T03:17:10.956Z,sell,1.76e-06,84.0,0.00014784
SNT/BTC,1565579853050,2019-08-12T03:17:33.050Z,sell,1.76e-06,6023.0,0.01060048
SNT/BTC,1565579854075,2019-08-12T03:17:34.075Z,buy,1.76e-06,5902.0,0.01038752
SNT/BTC,1565580172552,2019-08-12T03:22:52.552Z,buy,1.76e-06,2372.0,0.00417472
SNT/BTC,1565580172820,2019-08-12T03:22:52.820Z,sell,1.76e-06,7454.0,0.01311904
SNT/BTC,1565580172919,2019-08-12T03:22:52.919Z,sell,1.76e-06,8998.0,0.01583648
SNT/BTC,1565580173122,2019-08-12T03:22:53.122Z,sell,1.76e-06,1403.0,0.00246928
SNT/BTC,1565580864069,2019-08-12T03:34:24.069Z,buy,1.76e-06,86.0,0.00015136
SNT/BTC,1565580918613,2019-08-12T03:35:18.613Z,sell,1.75e-06,91652.0,0.160391
SNT/BTC,1565580918710,2019-08-12T03:35:18.710Z,sell,1.75e-06,29750.0,0.0520625
SNT/BTC,1565580918749,2019-08-12T03:35:18.749Z,sell,1.75e-06,67.0,0.00011725
SNT/BTC,1565580951277,2019-08-12T03:35:51.277Z,sell,1.75e-06,11364.0,0.019887
SNT/BTC,1565581308403,2019-08-12T03:41:48.403Z,buy,1.76e-06,62125.0,0.10934
SNT/BTC,1565582020220,2019-08-12T03:53:40.220Z,buy,1.76e-06,68.0,0.00011968
SNT/BTC,1565582058645,2019-08-12T03:54:18.645Z,sell,1.75e-06,7662.0,0.0134085
SNT/BTC,1565583233405,2019-08-12T04:13:53.405Z,sell,1.75e-06,22839.0,0.03996825
SNT/BTC,1565583236268,2019-08-12T04:13:56.268Z,buy,1.75e-06,107.0,0.00018725
SNT/BTC,1565583373292,2019-08-12T04:16:13.292Z,buy,1.75e-06,77.0,0.00013475
SNT/BTC,1565583373292,2019-08-12T04:16:13.292Z,buy,1.75e-06,77.0,0.00013475
SNT/BTC,1565583435837,2019-08-12T04:17:15.837Z,buy,1.75e-06,193.0,0.00033775
SNT/BTC,1565583782399,2019-08-12T04:23:02.399Z,buy,1.75e-06,123.0,0.00021525
SNT/BTC,1565584762590,2019-08-12T04:39:22.590Z,buy,1.75e-06,120000.0,0.21
SNT/BTC,1565584762643,2019-08-12T04:39:22.643Z,buy,1.75e-06,123.0,0.00021525
SNT/BTC,1565584762651,2019-08-12T04:39:22.651Z,buy,1.75e-06,123.0,0.00021525
SNT/BTC,1565584762655,2019-08-12T04:39:22.655Z,buy,1.75e-06,123.0,0.00021525
SNT/BTC,1565584898074,2019-08-12T04:41:38.074Z,buy,1.75e-06,1190.0,0.0020825
SNT/BTC,1565584901268,2019-08-12T04:41:41.268Z,buy,1.75e-06,763.0,0.00133525
SNT/BTC,1565585147547,2019-08-12T04:45:47.547Z,buy,1.75e-06,872.0,0.001526
SNT/BTC,1565585301281,2019-08-12T04:48:21.281Z,buy,1.75e-06,18146.0,0.0317555
SNT/BTC,1565585301312,2019-08-12T04:48:21.312Z,buy,1.75e-06,6000.0,0.0105
SNT/BTC,1565585301433,2019-08-12T04:48:21.433Z,buy,1.75e-06,1756.0,0.0030729999999999
SNT/BTC,1565585992680,2019-08-12T04:59:52.680Z,sell,1.75e-06,1294.0,0.0022645
SNT/BTC,1565585992712,2019-08-12T04:59:52.712Z,sell,1.75e-06,122.0,0.0002134999999999
SNT/BTC,1565586489376,2019-08-12T05:08:09.376Z,sell,1.75e-06,1654.0,0.0028945
SNT/BTC,1565586489376,2019-08-12T05:08:09.376Z,sell,1.75e-06,1654.0,0.0028945
SNT/BTC,1565586982449,2019-08-12T05:16:22.449Z,sell,1.75e-06,68.0,0.0001189999999999
SNT/BTC,1565587036408,2019-08-12T05:17:16.408Z,sell,1.75e-06,61.0,0.0001067499999999
SNT/BTC,1565589334368,2019-08-12T05:55:34.368Z,sell,1.75e-06,58612.0,0.102571
SNT/BTC,1565589334702,2019-08-12T05:55:34.702Z,buy,1.75e-06,14711.0,0.02574425
SNT/BTC,1565589434250,2019-08-12T05:57:14.250Z,buy,1.75e-06,5005.0,0.00875875
SNT/BTC,1565589434686,2019-08-12T05:57:14.686Z,buy,1.75e-06,5000.0,0.0087499999999999
SNT/BTC,1565589441389,2019-08-12T05:57:21.389Z,buy,1.75e-06,4892.0,0.008561
SNT/BTC,1565589441436,2019-08-12T05:57:21.436Z,buy,1.75e-06,12245.0,0.02142875
SNT/BTC,1565589442427,2019-08-12T05:57:22.427Z,buy,1.75e-06,12245.0,0.02142875
SNT/BTC,1565589443478,2019-08-12T05:57:23.478Z,buy,1.75e-06,11071.0,0.01937425
SNT/BTC,1565589444412,2019-08-12T05:57:24.412Z,buy,1.75e-06,11079.0,0.01938825
SNT/BTC,1565589450955,2019-08-12T05:57:30.955Z,buy,1.75e-06,3237.0,0.00566475
SNT/BTC,1565589453843,2019-08-12T05:57:33.843Z,buy,1.75e-06,813.0,0.00142275
SNT/BTC,1565589494915,2019-08-12T05:58:14.915Z,buy,1.75e-06,1419.0,0.0024832499999999
SNT/BTC,1565589689258,2019-08-12T06:01:29.258Z,buy,1.75e-06,14041.0,0.02457175
SNT/BTC,1565589689473,2019-08-12T06:01:29.473Z,buy,1.75e-06,5775.0,0.01010625
SNT/BTC,1565589690244,2019-08-12T06:01:30.244Z,buy,1.75e-06,14208.0,0.024864
SNT/BTC,1565589690619,2019-08-12T06:01:30.619Z,buy,1.75e-06,10000.0,0.0174999999999999
SNT/BTC,1565589691591,2019-08-12T06:01:31.591Z,buy,1.75e-06,1077.0,0.00188475
SNT/BTC,1565589704891,2019-08-12T06:01:44.891Z,buy,1.75e-06,10257.0,0.01794975
SNT/BTC,1565589704891,2019-08-12T06:01:44.891Z,buy,1.75e-06,10257.0,0.01794975
SNT/BTC,1565590201967,2019-08-12T06:10:01.967Z,buy,1.75e-06,675.0,0.00118125
SNT/BTC,1565590522244,2019-08-12T06:15:22.244Z,buy,1.75e-06,54663.0,0.09566025
SNT/BTC,1565590636013,2019-08-12T06:17:16.013Z,buy,1.75e-06,127.0,0.00022225
SNT/BTC,1565590761333,2019-08-12T06:19:21.333Z,buy,1.75e-06,85.0,0.00014875
SNT/BTC,1565591222045,2019-08-12T06:27:02.045Z,sell,1.74e-06,3219.0,0.00560106
SNT/BTC,1565591222045,2019-08-12T06:27:02.045Z,sell,1.74e-06,1129.0,0.00196446
SNT/BTC,1565591436704,2019-08-12T06:30:36.704Z,buy,1.75e-06,3428.0,0.005999
SNT/BTC,1565591478408,2019-08-12T06:31:18.408Z,buy,1.75e-06,3982.0,0.0069685
SNT/BTC,1565591480602,2019-08-12T06:31:20.602Z,buy,1.75e-06,9185.0,0.01607375
SNT/BTC,1565591481775,2019-08-12T06:31:21.775Z,buy,1.75e-06,10379.0,0.01816325
SNT/BTC,1565591485241,2019-08-12T06:31:25.241Z,buy,1.75e-06,2398.0,0.0041965
SNT/BTC,1565591487693,2019-08-12T06:31:27.693Z,buy,1.75e-06,1899.0,0.00332325
SNT/BTC,1565591495397,2019-08-12T06:31:35.397Z,buy,1.75e-06,2112.0,0.003696
SNT/BTC,1565591503082,2019-08-12T06:31:43.082Z,buy,1.75e-06,1443.0,0.00252525
SNT/BTC,1565591509565,2019-08-12T06:31:49.565Z,sell,1.74e-06,828.0,0.00144072
SNT/BTC,1565591519708,2019-08-12T06:31:59.708Z,buy,1.75e-06,781.0,0.00136675
SNT/BTC,1565591532374,2019-08-12T06:32:12.374Z,buy,1.75e-06,2160.0,0.00378
SNT/BTC,1565591619337,2019-08-12T06:33:39.337Z,buy,1.75e-06,810.0,0.0014175
SNT/BTC,1565591620399,2019-08-12T06:33:40.399Z,buy,1.75e-06,600.0,0.00105
SNT/BTC,1565591625491,2019-08-12T06:33:45.491Z,buy,1.75e-06,2437.0,0.00426475
SNT/BTC,1565591631894,2019-08-12T06:33:51.894Z,buy,1.75e-06,148.0,0.000259
SNT/BTC,1565591665784,2019-08-12T06:34:25.784Z,buy,1.75e-06,349422.0,0.6114885
SNT/BTC,1565592274635,2019-08-12T06:44:34.635Z,buy,1.75e-06,17486.0,0.0306005
SNT/BTC,1565592789147,2019-08-12T06:53:09.147Z,buy,1.75e-06,10784.0,0.018872
SNT/BTC,1565592790411,2019-08-12T06:53:10.411Z,buy,1.75e-06,20167.0,0.03529225
SNT/BTC,1565592790530,2019-08-12T06:53:10.530Z,buy,1.75e-06,11464.0,0.020062
SNT/BTC,1565592792891,2019-08-12T06:53:12.891Z,buy,1.75e-06,2374.0,0.0041545
SNT/BTC,1565592793898,2019-08-12T06:53:13.898Z,buy,1.75e-06,4325.0,0.00756875
SNT/BTC,1565592793986,2019-08-12T06:53:13.986Z,buy,1.75e-06,1752.0,0.003066
SNT/BTC,1565592795073,2019-08-12T06:53:15.073Z,buy,1.75e-06,846.0,0.0014805
SNT/BTC,1565592815637,2019-08-12T06:53:35.637Z,buy,1.75e-06,62.0,0.0001085
SNT/BTC,1565592816314,2019-08-12T06:53:36.314Z,buy,1.75e-06,9343.0,0.01635025
SNT/BTC,1565592816314,2019-08-12T06:53:36.314Z,buy,1.75e-06,9343.0,0.01635025
SNT/BTC,1565593908305,2019-08-12T07:11:48.305Z,sell,1.75e-06,205.0,0.00035875
SNT/BTC,1565594214204,2019-08-12T07:16:54.204Z,sell,1.75e-06,7896.0,0.013818
SNT/BTC,1565594232728,2019-08-12T07:17:12.728Z,sell,1.75e-06,77.0,0.00013475
SNT/BTC,1565594929769,2019-08-12T07:28:49.769Z,sell,1.75e-06,14186.0,0.0248255
SNT/BTC,1565595048794,2019-08-12T07:30:48.794Z,sell,1.75e-06,4738.0,0.0082915
SNT/BTC,1565595054277,2019-08-12T07:30:54.277Z,sell,1.75e-06,4459.0,0.00780325
SNT/BTC,1565595197483,2019-08-12T07:33:17.483Z,sell,1.75e-06,679.0,0.00118825
SNT/BTC,1565595757865,2019-08-12T07:42:37.865Z,buy,1.75e-06,4051.0,0.00708925
SNT/BTC,1565595757895,2019-08-12T07:42:37.895Z,buy,1.75e-06,185.0,0.00032375
SNT/BTC,1565595758847,2019-08-12T07:42:38.847Z,buy,1.75e-06,5990.0,0.0104825
SNT/BTC,1565595759863,2019-08-12T07:42:39.863Z,buy,1.75e-06,3997.0,0.00699475
SNT/BTC,1565595760523,2019-08-12T07:42:40.523Z,buy,1.75e-06,846.0,0.0014805
SNT/BTC,1565595768485,2019-08-12T07:42:48.485Z,buy,1.76e-06,1439.0,0.00253264
SNT/BTC,1565595777112,2019-08-12T07:42:57.112Z,buy,1.76e-06,600.0,0.001056
SNT/BTC,1565596028076,2019-08-12T07:47:08.076Z,buy,1.76e-06,533.0,0.00093808
SNT/BTC,1565596035443,2019-08-12T07:47:15.443Z,buy,1.76e-06,12226.0,0.02151776
SNT/BTC,1565596053865,2019-08-12T07:47:33.865Z,buy,1.76e-06,13243.0,0.02330768
SNT/BTC,1565596053865,2019-08-12T07:47:33.865Z,buy,1.77e-06,2821.0,0.00499317
SNT/BTC,1565596065059,2019-08-12T07:47:45.059Z,sell,1.75e-06,6113.0,0.01069775
SNT/BTC,1565596069234,2019-08-12T07:47:49.234Z,buy,1.76e-06,88.0,0.00015488
SNT/BTC,1565596073939,2019-08-12T07:47:53.939Z,buy,1.76e-06,8442.0,0.01485792
SNT/BTC,1565596086185,2019-08-12T07:48:06.185Z,buy,1.76e-06,4642.0,0.00816992
SNT/BTC,1565596103523,2019-08-12T07:48:23.523Z,buy,1.76e-06,3070.0,0.0054032
SNT/BTC,1565596103559,2019-08-12T07:48:23.559Z,buy,1.76e-06,184.0,0.00032384
SNT/BTC,1565596115873,2019-08-12T07:48:35.873Z,buy,1.76e-06,610.0,0.0010736
SNT/BTC,1565596128989,2019-08-12T07:48:48.989Z,buy,1.76e-06,318.0,0.00055968
SNT/BTC,1565596141211,2019-08-12T07:49:01.211Z,buy,1.76e-06,58.0,0.00010208
SNT/BTC,1565596272893,2019-08-12T07:51:12.893Z,sell,1.75e-06,33801.0,0.0591517499999999
SNT/BTC,1565596296078,2019-08-12T07:51:36.078Z,sell,1.75e-06,600.0,0.00105
SNT/BTC,1565596296078,2019-08-12T07:51:36.078Z,sell,1.75e-06,600.0,0.00105
SNT/BTC,1565597806321,2019-08-12T08:16:46.321Z,sell,1.75e-06,9500.0,0.016625
SNT/BTC,1565598087610,2019-08-12T08:21:27.610Z,buy,1.76e-06,1456.0,0.00256256
SNT/BTC,1565598096106,2019-08-12T08:21:36.106Z,buy,1.76e-06,1687.0,0.00296912
SNT/BTC,1565598098052,2019-08-12T08:21:38.052Z,buy,1.76e-06,922.0,0.00162272
SNT/BTC,1565598104835,2019-08-12T08:21:44.835Z,buy,1.76e-06,3074.0,0.00541024
SNT/BTC,1565598106385,2019-08-12T08:21:46.385Z,buy,1.76e-06,1425.0,0.002508
SNT/BTC,1565598108357,2019-08-12T08:21:48.357Z,buy,1.76e-06,774.0,0.00136224
SNT/BTC,1565598130372,2019-08-12T08:22:10.372Z,buy,1.76e-06,201.0,0.00035376
SNT/BTC,1565598801853,2019-08-12T08:33:21.853Z,buy,1.77e-06,338.0,0.00059826
SNT/BTC,1565599051454,2019-08-12T08:37:31.454Z,sell,1.76e-06,122.0,0.00021472
SNT/BTC,1565599263109,2019-08-12T08:41:03.109Z,sell,1.76e-06,4048.0,0.00712448
SNT/BTC,1565599263150,2019-08-12T08:41:03.150Z,sell,1.76e-06,183.0,0.00032208
SNT/BTC,1565599263153,2019-08-12T08:41:03.153Z,sell,1.76e-06,183.0,0.00032208
SNT/BTC,1565599806370,2019-08-12T08:50:06.370Z,buy,1.76e-06,4697.0,0.00826672
SNT/BTC,1565599806402,2019-08-12T08:50:06.402Z,buy,1.76e-06,184.0,0.00032384
SNT/BTC,1565599806402,2019-08-12T08:50:06.402Z,buy,1.76e-06,184.0,0.00032384
SNT/BTC,1565599942961,2019-08-12T08:52:22.961Z,buy,1.76e-06,340.0,0.0005984
SNT/BTC,1565600743949,2019-08-12T09:05:43.949Z,buy,1.76e-06,3601.0,0.00633776
SNT/BTC,1565600749785,2019-08-12T09:05:49.785Z,buy,1.76e-06,1225.0,0.002156
SNT/BTC,1565600753561,2019-08-12T09:05:53.561Z,buy,1.76e-06,1256.0,0.00221056
SNT/BTC,1565600824521,2019-08-12T09:07:04.521Z,buy,1.76e-06,3055.0,0.0053768
SNT/BTC,1565600928171,2019-08-12T09:08:48.171Z,buy,1.76e-06,10725.0,0.018876
SNT/BTC,1565600929222,2019-08-12T09:08:49.222Z,buy,1.76e-06,4160.0,0.0073216
SNT/BTC,1565600930184,2019-08-12T09:08:50.184Z,buy,1.76e-06,11353.0,0.01998128
SNT/BTC,1565600931229,2019-08-12T09:08:51.229Z,buy,1.76e-06,11361.0,0.01999536
SNT/BTC,1565600932166,2019-08-12T09:08:52.166Z,buy,1.76e-06,2942.0,0.00517792
SNT/BTC,1565601300459,2019-08-12T09:15:00.459Z,sell,1.76e-06,2409.0,0.00423984
SNT/BTC,1565602354800,2019-08-12T09:32:34.800Z,buy,1.76e-06,13300.0,0.023408
SNT/BTC,1565602354834,2019-08-12T09:32:34.834Z,buy,1.76e-06,184.0,0.00032384
SNT/BTC,1565602354842,2019-08-12T09:32:34.842Z,buy,1.76e-06,184.0,0.00032384
SNT/BTC,1565602354842,2019-08-12T09:32:34.842Z,buy,1.76e-06,184.0,0.00032384
SNT/BTC,1565603792691,2019-08-12T09:56:32.691Z,buy,1.76e-06,580.0,0.0010208
SNT/BTC,1565603855446,2019-08-12T09:57:35.446Z,buy,1.77e-06,37050.0,0.0655785
SNT/BTC,1565603855478,2019-08-12T09:57:35.478Z,sell,1.77e-06,15453.0,0.02735181
SNT/BTC,1565603855579,2019-08-12T09:57:35.579Z,sell,1.77e-06,108.0,0.00019116
SNT/BTC,1565603856171,2019-08-12T09:57:36.171Z,sell,1.77e-06,1418.0,0.00250986
SNT/BTC,1565603856280,2019-08-12T09:57:36.280Z,sell,1.77e-06,2040.0,0.0036108
SNT/BTC,1565603856381,2019-08-12T09:57:36.381Z,sell,1.77e-06,48171.0,0.08526267
SNT/BTC,1565603856398,2019-08-12T09:57:36.398Z,sell,1.77e-06,4436.0,0.00785172
SNT/BTC,1565603856405,2019-08-12T09:57:36.405Z,sell,1.77e-06,3865.0,0.0068410499999999
SNT/BTC,1565603857455,2019-08-12T09:57:37.455Z,sell,1.77e-06,600.0,0.001062
SNT/BTC,1565603858172,2019-08-12T09:57:38.172Z,sell,1.77e-06,1474.0,0.00260898
SNT/BTC,1565603862889,2019-08-12T09:57:42.889Z,sell,1.77e-06,29527.0,0.0522627899999999
SNT/BTC,1565603865545,2019-08-12T09:57:45.545Z,sell,1.77e-06,8288.0,0.01466976
SNT/BTC,1565603868763,2019-08-12T09:57:48.763Z,sell,1.77e-06,4553.0,0.00805881
SNT/BTC,1565603869217,2019-08-12T09:57:49.217Z,sell,1.77e-06,315.0,0.00055755
SNT/BTC,1565603873408,2019-08-12T09:57:53.408Z,sell,1.77e-06,1059.0,0.00187443
SNT/BTC,1565603889027,2019-08-12T09:58:09.027Z,sell,1.77e-06,57.0,0.00010089
SNT/BTC,1565603923619,2019-08-12T09:58:43.619Z,sell,1.77e-06,529.0,0.00093633
SNT/BTC,1565604426916,2019-08-12T10:07:06.916Z,sell,1.77e-06,600.0,0.001062
SNT/BTC,1565604466311,2019-08-12T10:07:46.311Z,buy,1.78e-06,227256.0,0.40451568
SNT/BTC,1565604466345,2019-08-12T10:07:46.345Z,sell,1.78e-06,3141.0,0.00559098
SNT/BTC,1565604466376,2019-08-12T10:07:46.376Z,sell,1.78e-06,1562.0,0.00278036
SNT/BTC,1565604466382,2019-08-12T10:07:46.382Z,sell,1.78e-06,1382.0,0.0024599599999999
SNT/BTC,1565604466460,2019-08-12T10:07:46.460Z,sell,1.78e-06,32104.0,0.0571451199999999
SNT/BTC,1565604466490,2019-08-12T10:07:46.490Z,sell,1.78e-06,1578.0,0.00280884
SNT/BTC,1565604466490,2019-08-12T10:07:46.490Z,sell,1.78e-06,45131.0,0.0803331799999999
SNT/BTC,1565604466537,2019-08-12T10:07:46.537Z,sell,1.78e-06,17931.0,0.0319171799999999
SNT/BTC,1565604466575,2019-08-12T10:07:46.575Z,sell,1.78e-06,19383.0,0.0345017399999999
SNT/BTC,1565604466579,2019-08-12T10:07:46.579Z,sell,1.78e-06,8397.0,0.0149466599999999
SNT/BTC,1565604466579,2019-08-12T10:07:46.579Z,sell,1.78e-06,5915.0,0.0105287
SNT/BTC,1565604466585,2019-08-12T10:07:46.585Z,sell,1.78e-06,23240.0,0.0413672
SNT/BTC,1565604466593,2019-08-12T10:07:46.593Z,sell,1.78e-06,60000.0,0.1067999999999999
SNT/BTC,1565604466596,2019-08-12T10:07:46.596Z,sell,1.78e-06,12824.0,0.0228267199999999
SNT/BTC,1565604466596,2019-08-12T10:07:46.596Z,sell,1.78e-06,15346.0,0.0273158799999999
SNT/BTC,1565604466682,2019-08-12T10:07:46.682Z,sell,1.78e-06,8525.0,0.0151744999999999
SNT/BTC,1565604466698,2019-08-12T10:07:46.698Z,sell,1.78e-06,30605.0,0.0544768999999999
SNT/BTC,1565604466729,2019-08-12T10:07:46.729Z,sell,1.78e-06,1059.0,0.0018850199999999
SNT/BTC,1565604466786,2019-08-12T10:07:46.786Z,sell,1.78e-06,60000.0,0.1067999999999999
SNT/BTC,1565604466793,2019-08-12T10:07:46.793Z,sell,1.78e-06,4392.0,0.00781776
SNT/BTC,1565604466872,2019-08-12T10:07:46.872Z,sell,1.78e-06,5157.0,0.0091794599999999
SNT/BTC,1565604467006,2019-08-12T10:07:47.006Z,sell,1.78e-06,60000.0,0.1067999999999999
SNT/BTC,1565604467096,2019-08-12T10:07:47.096Z,sell,1.78e-06,73850.0,0.131453
SNT/BTC,1565604467207,2019-08-12T10:07:47.207Z,sell,1.78e-06,134407.0,0.23924446
SNT/BTC,1565604469860,2019-08-12T10:07:49.860Z,buy,1.78e-06,11523.0,0.02051094
SNT/BTC,1565604470100,2019-08-12T10:07:50.100Z,buy,1.78e-06,7700.0,0.013706
SNT/BTC,1565604470902,2019-08-12T10:07:50.902Z,buy,1.78e-06,14762.0,0.02627636
SNT/BTC,1565604474561,2019-08-12T10:07:54.561Z,sell,1.78e-06,5155.0,0.0091758999999999
SNT/BTC,1565604475014,2019-08-12T10:07:55.014Z,sell,1.78e-06,10737.0,0.0191118599999999
SNT/BTC,1565604477372,2019-08-12T10:07:57.372Z,sell,1.77e-06,35625.0,0.06305625
SNT/BTC,1565604477879,2019-08-12T10:07:57.879Z,sell,1.77e-06,2093.0,0.00370461
SNT/BTC,1565604478355,2019-08-12T10:07:58.355Z,sell,1.77e-06,2825.0,0.00500025
SNT/BTC,1565604478395,2019-08-12T10:07:58.395Z,buy,1.77e-06,1473.0,0.00260721
SNT/BTC,1565604479014,2019-08-12T10:07:59.014Z,sell,1.77e-06,1288.0,0.00227976
SNT/BTC,1565604480743,2019-08-12T10:08:00.743Z,buy,1.78e-06,448.0,0.00079744
SNT/BTC,1565604573095,2019-08-12T10:09:33.095Z,buy,1.78e-06,13853.0,0.0246583399999999
SNT/BTC,1565604573899,2019-08-12T10:09:33.899Z,sell,1.78e-06,2887.0,0.0051388599999999
SNT/BTC,1565604579508,2019-08-12T10:09:39.508Z,sell,1.78e-06,2766.0,0.00492348
SNT/BTC,1565604580814,2019-08-12T10:09:40.814Z,sell,1.78e-06,522.0,0.00092916
SNT/BTC,1565604584094,2019-08-12T10:09:44.094Z,sell,1.78e-06,522.0,0.00092916
SNT/BTC,1565604584107,2019-08-12T10:09:44.107Z,sell,1.78e-06,522.0,0.00092916
SNT/BTC,1565604589529,2019-08-12T10:09:49.529Z,sell,1.78e-06,600.0,0.001068
SNT/BTC,1565604608595,2019-08-12T10:10:08.595Z,sell,1.78e-06,57.0,0.00010146
SNT/BTC,1565604609143,2019-08-12T10:10:09.143Z,buy,1.79e-06,49219.0,0.08810201
SNT/BTC,1565604609180,2019-08-12T10:10:09.180Z,buy,1.79e-06,181.0,0.00032399
SNT/BTC,1565604611075,2019-08-12T10:10:11.075Z,sell,1.78e-06,83.0,0.00014774
SNT/BTC,1565604612924,2019-08-12T10:10:12.924Z,buy,1.79e-06,2053.0,0.00367487
SNT/BTC,1565604643725,2019-08-12T10:10:43.725Z,buy,1.79e-06,7341.0,0.01314039
SNT/BTC,1565604643725,2019-08-12T10:10:43.725Z,buy,1.8e-06,9659.0,0.0173861999999999
SNT/BTC,1565604654264,2019-08-12T10:10:54.264Z,sell,1.78e-06,1163.0,0.00207014
SNT/BTC,1565604654427,2019-08-12T10:10:54.427Z,sell,1.78e-06,1149.0,0.00204522
SNT/BTC,1565604663621,2019-08-12T10:11:03.621Z,sell,1.78e-06,11017.0,0.0196102599999999
SNT/BTC,1565604665428,2019-08-12T10:11:05.428Z,buy,1.79e-06,88.0,0.00015752
SNT/BTC,1565604684458,2019-08-12T10:11:24.458Z,sell,1.79e-06,5529.0,0.00989691
SNT/BTC,1565604684490,2019-08-12T10:11:24.490Z,sell,1.79e-06,69042.0,0.12358518
SNT/BTC,1565604710225,2019-08-12T10:11:50.225Z,sell,1.79e-06,666.0,0.00119214
SNT/BTC,1565604710333,2019-08-12T10:11:50.333Z,sell,1.79e-06,867.0,0.00155193
SNT/BTC,1565604710429,2019-08-12T10:11:50.429Z,sell,1.79e-06,931.0,0.00166649
SNT/BTC,1565604739515,2019-08-12T10:12:19.515Z,sell,1.79e-06,813.0,0.00145527
SNT/BTC,1565604739628,2019-08-12T10:12:19.628Z,sell,1.79e-06,36149.0,0.06470671
SNT/BTC,1565604925229,2019-08-12T10:15:25.229Z,buy,1.79e-06,2793.0,0.00499947
SNT/BTC,1565604972042,2019-08-12T10:16:12.042Z,sell,1.78e-06,67.0,0.0001192599999999
SNT/BTC,1565604974643,2019-08-12T10:16:14.643Z,sell,1.78e-06,1130.0,0.0020114
SNT/BTC,1565604981475,2019-08-12T10:16:21.475Z,sell,1.78e-06,12202.0,0.02171956
SNT/BTC,1565605031608,2019-08-12T10:17:11.608Z,sell,1.78e-06,322.0,0.00057316
SNT/BTC,1565605035575,2019-08-12T10:17:15.575Z,sell,1.78e-06,447.0,0.0007956599999999
SNT/BTC,1565605294626,2019-08-12T10:21:34.626Z,sell,1.78e-06,64.0,0.00011392
SNT/BTC,1565605301138,2019-08-12T10:21:41.138Z,sell,1.78e-06,10671.0,0.0189943799999999
SNT/BTC,1565605526103,2019-08-12T10:25:26.103Z,sell,1.78e-06,7042.0,0.0125347599999999
SNT/BTC,1565605526666,2019-08-12T10:25:26.666Z,sell,1.78e-06,10946.0,0.01948388
SNT/BTC,1565605532295,2019-08-12T10:25:32.295Z,buy,1.79e-06,50000.0,0.0895
SNT/BTC,1565605533096,2019-08-12T10:25:33.096Z,sell,1.78e-06,14058.0,0.02502324
SNT/BTC,1565605537942,2019-08-12T10:25:37.942Z,sell,1.78e-06,1850.0,0.003293
SNT/BTC,1565605615308,2019-08-12T10:26:55.308Z,sell,1.78e-06,67.0,0.0001192599999999
SNT/BTC,1565605711800,2019-08-12T10:28:31.800Z,sell,1.78e-06,118.0,0.00021004
SNT/BTC,1565605722723,2019-08-12T10:28:42.723Z,sell,1.78e-06,51516.0,0.09169848
SNT/BTC,1565605722775,2019-08-12T10:28:42.775Z,sell,1.78e-06,7154.0,0.01273412
SNT/BTC,1565605748251,2019-08-12T10:29:08.251Z,sell,1.77e-06,3425.0,0.00606225
SNT/BTC,1565605748251,2019-08-12T10:29:08.251Z,sell,1.77e-06,11652.0,0.02062404
SNT/BTC,1565605748251,2019-08-12T10:29:08.251Z,sell,1.76e-06,17601.0,0.03097776
SNT/BTC,1565605749495,2019-08-12T10:29:09.495Z,buy,1.77e-06,4696.0,0.00831192
SNT/BTC,1565605749536,2019-08-12T10:29:09.536Z,sell,1.76e-06,176.0,0.00030976
SNT/BTC,1565605749620,2019-08-12T10:29:09.620Z,buy,1.77e-06,4795.0,0.00848715
SNT/BTC,1565605749721,2019-08-12T10:29:09.721Z,sell,1.76e-06,176.0,0.00030976
SNT/BTC,1565605750600,2019-08-12T10:29:10.600Z,buy,1.77e-06,996.0,0.00176292
SNT/BTC,1565605751565,2019-08-12T10:29:11.565Z,buy,1.77e-06,709.0,0.00125493
SNT/BTC,1565605751607,2019-08-12T10:29:11.607Z,buy,1.77e-06,545.0,0.00096465
SNT/BTC,1565605758059,2019-08-12T10:29:18.059Z,buy,1.78e-06,279.0,0.0004966199999999
SNT/BTC,1565605760112,2019-08-12T10:29:20.112Z,buy,1.78e-06,6200.0,0.0110359999999999
SNT/BTC,1565605760112,2019-08-12T10:29:20.112Z,buy,1.79e-06,3979.0,0.00712241
SNT/BTC,1565605760457,2019-08-12T10:29:20.457Z,buy,1.77e-06,1405.0,0.00248685
SNT/BTC,1565605762205,2019-08-12T10:29:22.205Z,buy,1.78e-06,1308.0,0.0023282399999999
SNT/BTC,1565605779345,2019-08-12T10:29:39.345Z,buy,1.78e-06,88.0,0.00015664
SNT/BTC,1565605782132,2019-08-12T10:29:42.132Z,sell,1.77e-06,88.0,0.00015576
SNT/BTC,1565605782132,2019-08-12T10:29:42.132Z,sell,1.77e-06,88.0,0.00015576
SNT/BTC,1565605992627,2019-08-12T10:33:12.627Z,buy,1.78e-06,1680.0,0.0029904
SNT/BTC,1565605993998,2019-08-12T10:33:13.998Z,buy,1.78e-06,1124.0,0.00200072
SNT/BTC,1565606209362,2019-08-12T10:36:49.362Z,buy,1.78e-06,4937.0,0.00878786
SNT/BTC,1565606209367,2019-08-12T10:36:49.367Z,buy,1.78e-06,4605.0,0.0081969
SNT/BTC,1565606210422,2019-08-12T10:36:50.422Z,buy,1.78e-06,9603.0,0.01709334
SNT/BTC,1565606211505,2019-08-12T10:36:51.505Z,buy,1.78e-06,10187.0,0.01813286
SNT/BTC,1565606212548,2019-08-12T10:36:52.548Z,buy,1.78e-06,5875.0,0.0104575
SNT/BTC,1565606238024,2019-08-12T10:37:18.024Z,sell,1.77e-06,583.0,0.00103191
SNT/BTC,1565606722915,2019-08-12T10:45:22.915Z,buy,1.78e-06,13779.0,0.02452662
SNT/BTC,1565606787567,2019-08-12T10:46:27.567Z,buy,1.78e-06,1681.0,0.0029921799999999
SNT/BTC,1565606787578,2019-08-12T10:46:27.578Z,buy,1.78e-06,783.0,0.0013937399999999
SNT/BTC,1565606807745,2019-08-12T10:46:47.745Z,sell,1.78e-06,11235.0,0.0199983
SNT/BTC,1565606818865,2019-08-12T10:46:58.865Z,buy,1.78e-06,11362.0,0.02022436
SNT/BTC,1565606819844,2019-08-12T10:46:59.844Z,buy,1.78e-06,7599.0,0.0135262199999999
SNT/BTC,1565606820817,2019-08-12T10:47:00.817Z,buy,1.78e-06,7599.0,0.0135262199999999
SNT/BTC,1565606959071,2019-08-12T10:49:19.071Z,sell,1.78e-06,124.0,0.00022072
SNT/BTC,1565607200274,2019-08-12T10:53:20.274Z,sell,1.78e-06,1758.0,0.0031292399999999
SNT/BTC,1565607200371,2019-08-12T10:53:20.371Z,sell,1.78e-06,181.0,0.00032218
SNT/BTC,1565607267595,2019-08-12T10:54:27.595Z,sell,1.78e-06,4494.0,0.0079993199999999
SNT/BTC,1565607312997,2019-08-12T10:55:12.997Z,sell,1.78e-06,6251.0,0.01112678
SNT/BTC,1565607321699,2019-08-12T10:55:21.699Z,buy,1.79e-06,106376.0,0.19041304
SNT/BTC,1565607741313,2019-08-12T11:02:21.313Z,sell,1.78e-06,4092.0,0.0072837599999999
SNT/BTC,1565607769689,2019-08-12T11:02:49.689Z,sell,1.78e-06,15967.0,0.0284212599999999
SNT/BTC,1565607769723,2019-08-12T11:02:49.723Z,sell,1.78e-06,1.0,1.78e-06
SNT/BTC,1565607847400,2019-08-12T11:04:07.400Z,sell,1.78e-06,18389.0,0.03273242
SNT/BTC,1565607847402,2019-08-12T11:04:07.402Z,sell,1.78e-06,1418.0,0.00252404
SNT/BTC,1565608110376,2019-08-12T11:08:30.376Z,buy,1.78e-06,10209.0,0.01817202
SNT/BTC,1565608110566,2019-08-12T11:08:30.566Z,buy,1.78e-06,182.0,0.00032396
SNT/BTC,1565608110579,2019-08-12T11:08:30.579Z,buy,1.78e-06,182.0,0.00032396
SNT/BTC,1565608110588,2019-08-12T11:08:30.588Z,buy,1.78e-06,182.0,0.00032396
SNT/BTC,1565608132784,2019-08-12T11:08:52.784Z,buy,1.78e-06,809.0,0.00144002
SNT/BTC,1565608153138,2019-08-12T11:09:13.138Z,buy,1.78e-06,3018.0,0.00537204
SNT/BTC,1565608294926,2019-08-12T11:11:34.926Z,buy,1.78e-06,1659.0,0.0029530199999999
SNT/BTC,1565608541358,2019-08-12T11:15:41.358Z,buy,1.79e-06,19710.0,0.0352809
SNT/BTC,1565608971024,2019-08-12T11:22:51.024Z,buy,1.79e-06,18475.0,0.03307025
SNT/BTC,1565608971024,2019-08-12T11:22:51.024Z,buy,1.8e-06,210407.0,0.3787326
SNT/BTC,1565608971056,2019-08-12T11:22:51.056Z,sell,1.8e-06,4226.0,0.0076067999999999
SNT/BTC,1565608971060,2019-08-12T11:22:51.060Z,sell,1.8e-06,3142.0,0.0056555999999999
SNT/BTC,1565608971061,2019-08-12T11:22:51.061Z,sell,1.8e-06,8000.0,0.0144
SNT/BTC,1565608971065,2019-08-12T11:22:51.065Z,sell,1.8e-06,10665.0,0.019197
SNT/BTC,1565608971067,2019-08-12T11:22:51.067Z,sell,1.8e-06,12499.0,0.0224982
SNT/BTC,1565608971070,2019-08-12T11:22:51.070Z,sell,1.8e-06,6987.0,0.0125766
SNT/BTC,1565608971074,2019-08-12T11:22:51.074Z,sell,1.8e-06,3376.0,0.0060767999999999
SNT/BTC,1565608971116,2019-08-12T11:22:51.116Z,sell,1.78e-06,22862.0,0.04069436
SNT/BTC,1565608971398,2019-08-12T11:22:51.398Z,sell,1.79e-06,2451.0,0.00438729
SNT/BTC,1565608977626,2019-08-12T11:22:57.626Z,buy,1.79e-06,3376.0,0.00604304
SNT/BTC,1565608981416,2019-08-12T11:23:01.416Z,sell,1.78e-06,12499.0,0.02224822
SNT/BTC,1565608981628,2019-08-12T11:23:01.628Z,sell,1.78e-06,72.0,0.00012816
SNT/BTC,1565608983353,2019-08-12T11:23:03.353Z,sell,1.78e-06,34226.0,0.0609222799999999
SNT/BTC,1565608992494,2019-08-12T11:23:12.494Z,buy,1.79e-06,88.0,0.00015752
SNT/BTC,1565609001983,2019-08-12T11:23:21.983Z,sell,1.78e-06,2831.0,0.00503918
SNT/BTC,1565609010155,2019-08-12T11:23:30.155Z,sell,1.78e-06,25374.0,0.04516572
SNT/BTC,1565609019382,2019-08-12T11:23:39.382Z,buy,1.79e-06,4142.0,0.00741418
SNT/BTC,1565609070131,2019-08-12T11:24:30.131Z,buy,1.79e-06,279.0,0.00049941
SNT/BTC,1565609070131,2019-08-12T11:24:30.131Z,buy,1.79e-06,279.0,0.00049941
SNT/BTC,1565609528565,2019-08-12T11:32:08.565Z,buy,1.79e-06,14307.0,0.02560953
SNT/BTC,1565609715888,2019-08-12T11:35:15.888Z,buy,1.79e-06,223.0,0.00039917
SNT/BTC,1565610009898,2019-08-12T11:40:09.898Z,sell,1.78e-06,154.0,0.00027412
SNT/BTC,1565610122597,2019-08-12T11:42:02.597Z,sell,1.78e-06,74.0,0.00013172
SNT/BTC,1565610325607,2019-08-12T11:45:25.607Z,sell,1.78e-06,106376.0,0.1893492799999999
SNT/BTC,1565610468599,2019-08-12T11:47:48.599Z,sell,1.78e-06,60.0,0.0001068
SNT/BTC,1565610827292,2019-08-12T11:53:47.292Z,buy,1.79e-06,2006.0,0.00359074
SNT/BTC,1565610834939,2019-08-12T11:53:54.939Z,buy,1.79e-06,3337.0,0.00597323
SNT/BTC,1565610936161,2019-08-12T11:55:36.161Z,sell,1.78e-06,73.0,0.00012994
SNT/BTC,1565611091575,2019-08-12T11:58:11.575Z,sell,1.78e-06,101.0,0.00017978
SNT/BTC,1565611125428,2019-08-12T11:58:45.428Z,buy,1.79e-06,200.0,0.000358
SNT/BTC,1565611200544,2019-08-12T12:00:00.544Z,sell,1.78e-06,57.0,0.00010146
SNT/BTC,1565611315726,2019-08-12T12:01:55.726Z,buy,1.79e-06,10508.0,0.01880932
SNT/BTC,1565611327694,2019-08-12T12:02:07.694Z,buy,1.79e-06,91680.0,0.1641072
SNT/BTC,1565611331210,2019-08-12T12:02:11.210Z,sell,1.79e-06,600.0,0.001074
SNT/BTC,1565611341700,2019-08-12T12:02:21.700Z,sell,1.79e-06,7700.0,0.013783
SNT/BTC,1565611341758,2019-08-12T12:02:21.758Z,sell,1.79e-06,180.0,0.0003222
SNT/BTC,1565611341767,2019-08-12T12:02:21.767Z,sell,1.79e-06,8.0,1.432e-05
SNT/BTC,1565611400298,2019-08-12T12:03:20.298Z,sell,1.79e-06,8474.0,0.01516846
SNT/BTC,1565611420031,2019-08-12T12:03:40.031Z,sell,1.79e-06,600.0,0.001074
SNT/BTC,1565611427075,2019-08-12T12:03:47.075Z,sell,1.79e-06,3330.0,0.0059607
SNT/BTC,1565611427094,2019-08-12T12:03:47.094Z,sell,1.79e-06,5429.0,0.00971791
SNT/BTC,1565611450422,2019-08-12T12:04:10.422Z,sell,1.78e-06,62063.0,0.11047214
SNT/BTC,1565611526916,2019-08-12T12:05:26.916Z,sell,1.78e-06,92.0,0.00016376
SNT/BTC,1565611812593,2019-08-12T12:10:12.593Z,sell,1.78e-06,64.0,0.00011392
SNT/BTC,1565612159305,2019-08-12T12:15:59.305Z,sell,1.77e-06,1132.0,0.00200364
SNT/BTC,1565612160050,2019-08-12T12:16:00.050Z,buy,1.78e-06,178.0,0.00031684
SNT/BTC,1565612196906,2019-08-12T12:16:36.906Z,sell,1.78e-06,88.0,0.00015664
SNT/BTC,1565612196906,2019-08-12T12:16:36.906Z,sell,1.78e-06,88.0,0.00015664
SNT/BTC,1565612788639,2019-08-12T12:26:28.639Z,sell,1.78e-06,2741.0,0.00487898
SNT/BTC,1565612788799,2019-08-12T12:26:28.799Z,sell,1.78e-06,181.0,0.00032218
SNT/BTC,1565612809432,2019-08-12T12:26:49.432Z,sell,1.78e-06,67.0,0.0001192599999999
SNT/BTC,1565612822012,2019-08-12T12:27:02.012Z,sell,1.78e-06,69.0,0.00012282
SNT/BTC,1565613203778,2019-08-12T12:33:23.778Z,sell,1.78e-06,200.0,0.000356
SNT/BTC,1565613500746,2019-08-12T12:38:20.746Z,sell,1.78e-06,5159.0,0.00918302
SNT/BTC,1565613725796,2019-08-12T12:42:05.796Z,buy,1.78e-06,18911.0,0.0336615799999999
SNT/BTC,1565614717772,2019-08-12T12:58:37.772Z,buy,1.78e-06,200.0,0.000356
SNT/BTC,1565614812480,2019-08-12T13:00:12.480Z,buy,1.78e-06,3949.0,0.0070292199999999
SNT/BTC,1565614825943,2019-08-12T13:00:25.943Z,buy,1.79e-06,838.0,0.00150002
SNT/BTC,1565614870033,2019-08-12T13:01:10.033Z,sell,1.78e-06,69.0,0.00012282
SNT/BTC,1565615740512,2019-08-12T13:15:40.512Z,buy,1.79e-06,104987.0,0.18792673
SNT/BTC,1565615740512,2019-08-12T13:15:40.512Z,buy,1.79e-06,104987.0,0.18792673
SNT/BTC,1565615833016,2019-08-12T13:17:13.016Z,sell,1.78e-06,66.0,0.00011748
SNT/BTC,1565616389658,2019-08-12T13:26:29.658Z,buy,1.79e-06,2480.0,0.0044392
SNT/BTC,1565616389830,2019-08-12T13:26:29.830Z,sell,1.79e-06,5087.0,0.00910573
SNT/BTC,1565616389830,2019-08-12T13:26:29.830Z,sell,1.79e-06,2470.0,0.0044213
SNT/BTC,1565616389850,2019-08-12T13:26:29.850Z,sell,1.79e-06,4615.0,0.00826085
SNT/BTC,1565616692113,2019-08-12T13:31:32.113Z,sell,1.78e-06,69485.0,0.1236833
SNT/BTC,1565617033775,2019-08-12T13:37:13.775Z,sell,1.78e-06,324.0,0.00057672
SNT/BTC,1565617265491,2019-08-12T13:41:05.491Z,buy,1.78e-06,4354.0,0.0077501199999999
SNT/BTC,1565617265491,2019-08-12T13:41:05.491Z,buy,1.79e-06,75646.0,0.13540634
SNT/BTC,1565617369735,2019-08-12T13:42:49.735Z,buy,1.79e-06,57.0,0.00010203
SNT/BTC,1565617403027,2019-08-12T13:43:23.027Z,sell,1.78e-06,7976.0,0.01419728
SNT/BTC,1565617616399,2019-08-12T13:46:56.399Z,buy,1.78e-06,170.0,0.0003026
SNT/BTC,1565617621199,2019-08-12T13:47:01.199Z,sell,1.78e-06,925.0,0.0016465
SNT/BTC,1565617645634,2019-08-12T13:47:25.634Z,sell,1.78e-06,3093.0,0.00550554
SNT/BTC,1565617943582,2019-08-12T13:52:23.582Z,sell,1.78e-06,4889.0,0.0087024199999999
SNT/BTC,1565618204774,2019-08-12T13:56:44.774Z,buy,1.78e-06,1517.0,0.00270026
SNT/BTC,1565618539458,2019-08-12T14:02:19.458Z,buy,1.78e-06,14467.0,0.0257512599999999
SNT/BTC,1565619081092,2019-08-12T14:11:21.092Z,sell,1.77e-06,25061.0,0.04435797
SNT/BTC,1565619213129,2019-08-12T14:13:33.129Z,buy,1.78e-06,15702.0,0.02794956
SNT/BTC,1565619213442,2019-08-12T14:13:33.442Z,buy,1.78e-06,2255.0,0.0040139
SNT/BTC,1565619226404,2019-08-12T14:13:46.404Z,buy,1.78e-06,4950.0,0.008811
SNT/BTC,1565619232674,2019-08-12T14:13:52.674Z,buy,1.78e-06,2785.0,0.0049572999999999
SNT/BTC,1565619247316,2019-08-12T14:14:07.316Z,sell,1.78e-06,150.0,0.000267
SNT/BTC,1565619247316,2019-08-12T14:14:07.316Z,sell,1.78e-06,150.0,0.000267
SNT/BTC,1565619403124,2019-08-12T14:16:43.124Z,sell,1.78e-06,2361.0,0.00420258
SNT/BTC,1565619550003,2019-08-12T14:19:10.003Z,sell,1.78e-06,18042.0,0.03211476
SNT/BTC,1565619646953,2019-08-12T14:20:46.953Z,buy,1.79e-06,3978.0,0.00712062
SNT/BTC,1565619683851,2019-08-12T14:21:23.851Z,sell,1.78e-06,1396.0,0.00248488
SNT/BTC,1565619822238,2019-08-12T14:23:42.238Z,buy,1.78e-06,4286.0,0.00762908
SNT/BTC,1565619824180,2019-08-12T14:23:44.180Z,sell,1.78e-06,3120.0,0.0055536
SNT/BTC,1565619836875,2019-08-12T14:23:56.875Z,sell,1.78e-06,2254.0,0.00401212
SNT/BTC,1565619837832,2019-08-12T14:23:57.832Z,sell,1.78e-06,3379.0,0.00601462
SNT/BTC,1565619838887,2019-08-12T14:23:58.887Z,sell,1.78e-06,2895.0,0.0051531
SNT/BTC,1565619839606,2019-08-12T14:23:59.606Z,sell,1.78e-06,1279.0,0.00227662
SNT/BTC,1565619977290,2019-08-12T14:26:17.290Z,buy,1.78e-06,4494.0,0.0079993199999999
SNT/BTC,1565620025190,2019-08-12T14:27:05.190Z,sell,1.77e-06,4651.0,0.00823227
SNT/BTC,1565620102423,2019-08-12T14:28:22.423Z,buy,1.78e-06,1860.0,0.0033108
SNT/BTC,1565620102423,2019-08-12T14:28:22.423Z,buy,1.79e-06,19356.0,0.03464724
SNT/BTC,1565620226311,2019-08-12T14:30:26.311Z,sell,1.78e-06,6000.0,0.0106799999999999
SNT/BTC,1565620236725,2019-08-12T14:30:36.725Z,sell,1.78e-06,3230.0,0.0057494
SNT/BTC,1565620270449,2019-08-12T14:31:10.449Z,sell,1.78e-06,7930.0,0.0141153999999999
SNT/BTC,1565620413699,2019-08-12T14:33:33.699Z,buy,1.78e-06,7854.0,0.0139801199999999
SNT/BTC,1565620546357,2019-08-12T14:35:46.357Z,sell,1.78e-06,2359.0,0.0041990199999999
SNT/BTC,1565621630845,2019-08-12T14:53:50.845Z,buy,1.78e-06,8426.0,0.01499828
SNT/BTC,1565621708692,2019-08-12T14:55:08.692Z,buy,1.78e-06,1685.0,0.0029993
SNT/BTC,1565621839456,2019-08-12T14:57:19.456Z,buy,1.78e-06,2984.0,0.00531152
SNT/BTC,1565621853028,2019-08-12T14:57:33.028Z,buy,1.78e-06,2106.0,0.00374868
SNT/BTC,1565622515788,2019-08-12T15:08:35.788Z,buy,1.78e-06,5000.0,0.0089
SNT/BTC,1565622515788,2019-08-12T15:08:35.788Z,buy,1.78e-06,5000.0,0.0089
SNT/BTC,1565623037302,2019-08-12T15:17:17.302Z,buy,1.78e-06,60.0,0.0001068
SNT/BTC,1565624780152,2019-08-12T15:46:20.152Z,sell,1.77e-06,93.0,0.00016461
SNT/BTC,1565625086104,2019-08-12T15:51:26.104Z,sell,1.77e-06,80.0,0.0001416
SNT/BTC,1565625138334,2019-08-12T15:52:18.334Z,sell,1.77e-06,156.0,0.00027612
SNT/BTC,1565625223208,2019-08-12T15:53:43.208Z,buy,1.78e-06,247.0,0.00043966
SNT/BTC,1565625491313,2019-08-12T15:58:11.313Z,buy,1.78e-06,213.0,0.00037914
SNT/BTC,1565625742598,2019-08-12T16:02:22.598Z,buy,1.78e-06,1124.0,0.00200072
SNT/BTC,1565625883180,2019-08-12T16:04:43.180Z,buy,1.78e-06,57.0,0.00010146
SNT/BTC,1565626001267,2019-08-12T16:06:41.267Z,sell,1.77e-06,4651.0,0.00823227
SNT/BTC,1565626001267,2019-08-12T16:06:41.267Z,sell,1.77e-06,4651.0,0.00823227
SNT/BTC,1565626758102,2019-08-12T16:19:18.102Z,sell,1.77e-06,209.0,0.00036993
SNT/BTC,1565627176040,2019-08-12T16:26:16.040Z,sell,1.77e-06,2445.0,0.00432765
SNT/BTC,1565627538937,2019-08-12T16:32:18.937Z,sell,1.77e-06,21035.0,0.03723195
SNT/BTC,1565627555030,2019-08-12T16:32:35.030Z,sell,1.77e-06,7529.0,0.01332633
SNT/BTC,1565627557441,2019-08-12T16:32:37.441Z,buy,1.77e-06,8718.0,0.01543086
SNT/BTC,1565627665906,2019-08-12T16:34:25.906Z,sell,1.77e-06,1618.0,0.00286386
SNT/BTC,1565628148206,2019-08-12T16:42:28.206Z,sell,1.77e-06,3831.0,0.00678087
SNT/BTC,1565628263085,2019-08-12T16:44:23.085Z,sell,1.77e-06,200.0,0.000354
SNT/BTC,1565628263142,2019-08-12T16:44:23.142Z,sell,1.76e-06,200.0,0.000352
SNT/BTC,1565628732048,2019-08-12T16:52:12.048Z,sell,1.77e-06,2385.0,0.00422145
SNT/BTC,1565628732048,2019-08-12T16:52:12.048Z,sell,1.76e-06,9198.0,0.01618848
SNT/BTC,1565628913829,2019-08-12T16:55:13.829Z,buy,1.77e-06,88.0,0.00015576
SNT/BTC,1565628913829,2019-08-12T16:55:13.829Z,buy,1.78e-06,199912.0,0.35584336
SNT/BTC,1565628956733,2019-08-12T16:55:56.733Z,sell,1.77e-06,88.0,0.00015576
SNT/BTC,1565628956733,2019-08-12T16:55:56.733Z,sell,1.76e-06,12.0,2.112e-05
SNT/BTC,1565629012889,2019-08-12T16:56:52.889Z,sell,1.77e-06,499.0,0.00088323
SNT/BTC,1565629012889,2019-08-12T16:56:52.889Z,sell,1.77e-06,499.0,0.00088323
SNT/BTC,1565630129597,2019-08-12T17:15:29.597Z,sell,1.77e-06,196.0,0.00034692
SNT/BTC,1565630276352,2019-08-12T17:17:56.352Z,buy,1.77e-06,11279.0,0.01996383
SNT/BTC,1565630968089,2019-08-12T17:29:28.089Z,sell,1.76e-06,32622.0,0.05741472
SNT/BTC,1565630969003,2019-08-12T17:29:29.003Z,sell,1.76e-06,60017.0,0.10562992
SNT/BTC,1565630969310,2019-08-12T17:29:29.310Z,sell,1.76e-06,59723.0,0.10511248
SNT/BTC,1565630975338,2019-08-12T17:29:35.338Z,buy,1.77e-06,223.0,0.00039471
SNT/BTC,1565631101123,2019-08-12T17:31:41.123Z,sell,1.77e-06,64.0,0.00011328
SNT/BTC,1565631258494,2019-08-12T17:34:18.494Z,sell,1.77e-06,67.0,0.00011859
SNT/BTC,1565631729319,2019-08-12T17:42:09.319Z,buy,1.77e-06,7753.0,0.01372281
SNT/BTC,1565632333750,2019-08-12T17:52:13.750Z,sell,1.77e-06,553.0,0.00097881
SNT/BTC,1565632333750,2019-08-12T17:52:13.750Z,sell,1.77e-06,553.0,0.00097881
SNT/BTC,1565632744668,2019-08-12T17:59:04.668Z,sell,1.77e-06,969.0,0.00171513
SNT/BTC,1565633207890,2019-08-12T18:06:47.890Z,sell,1.77e-06,3452.0,0.00611004
SNT/BTC,1565633467334,2019-08-12T18:11:07.334Z,sell,1.77e-06,232.0,0.00041064
SNT/BTC,1565633467334,2019-08-12T18:11:07.334Z,sell,1.76e-06,14619.0,0.02572944
SNT/BTC,1565633695497,2019-08-12T18:14:55.497Z,buy,1.78e-06,28458.0,0.05065524
SNT/BTC,1565633760778,2019-08-12T18:16:00.778Z,buy,1.79e-06,518.0,0.00092722
SNT/BTC,1565633779111,2019-08-12T18:16:19.111Z,buy,1.79e-06,6322.0,0.01131638
SNT/BTC,1565633780800,2019-08-12T18:16:20.800Z,sell,1.78e-06,600.0,0.001068
SNT/BTC,1565633780818,2019-08-12T18:16:20.818Z,sell,1.78e-06,708.0,0.00126024
SNT/BTC,1565633780819,2019-08-12T18:16:20.819Z,sell,1.77e-06,1308.0,0.00231516
SNT/BTC,1565633831412,2019-08-12T18:17:11.412Z,sell,1.78e-06,88.0,0.00015664
SNT/BTC,1565633833100,2019-08-12T18:17:13.100Z,sell,1.77e-06,72.0,0.0001274399999999
SNT/BTC,1565634508467,2019-08-12T18:28:28.467Z,sell,1.78e-06,4518.0,0.00804204
SNT/BTC,1565634519233,2019-08-12T18:28:39.233Z,sell,1.77e-06,4518.0,0.00799686
SNT/BTC,1565634525197,2019-08-12T18:28:45.197Z,sell,1.77e-06,682.0,0.00120714
SNT/BTC,1565635083494,2019-08-12T18:38:03.494Z,buy,1.78e-06,100000.0,0.178
SNT/BTC,1565635239414,2019-08-12T18:40:39.414Z,buy,1.78e-06,129301.0,0.2301557799999999
SNT/BTC,1565635297695,2019-08-12T18:41:37.695Z,buy,1.78e-06,66976.0,0.11921728
SNT/BTC,1565635869147,2019-08-12T18:51:09.147Z,buy,1.78e-06,207.0,0.00036846
SNT/BTC,1565635871487,2019-08-12T18:51:11.487Z,sell,1.78e-06,376.0,0.00066928
SNT/BTC,1565635932344,2019-08-12T18:52:12.344Z,sell,1.78e-06,6507.0,0.01158246
SNT/BTC,1565635933364,2019-08-12T18:52:13.364Z,sell,1.78e-06,15303.0,0.0272393399999999
SNT/BTC,1565635933364,2019-08-12T18:52:13.364Z,sell,1.78e-06,15303.0,0.0272393399999999
SNT/BTC,1565636168151,2019-08-12T18:56:08.151Z,sell,1.77e-06,92.0,0.00016284
SNT/BTC,1565636688211,2019-08-12T19:04:48.211Z,buy,1.78e-06,62.0,0.00011036
SNT/BTC,1565636895808,2019-08-12T19:08:15.808Z,buy,1.78e-06,2291.0,0.00407798
SNT/BTC,1565636901817,2019-08-12T19:08:21.817Z,sell,1.78e-06,2353.0,0.00418834
SNT/BTC,1565636913371,2019-08-12T19:08:33.371Z,buy,1.78e-06,60000.0,0.1067999999999999
SNT/BTC,1565638105887,2019-08-12T19:28:25.887Z,buy,1.78e-06,28247.0,0.05027966
SNT/BTC,1565638146238,2019-08-12T19:29:06.238Z,sell,1.77e-06,196.0,0.00034692
SNT/BTC,1565638721932,2019-08-12T19:38:41.932Z,sell,1.77e-06,77.0,0.00013629
SNT/BTC,1565639048088,2019-08-12T19:44:08.088Z,sell,1.77e-06,96.0,0.00016992
SNT/BTC,1565639048088,2019-08-12T19:44:08.088Z,sell,1.77e-06,96.0,0.00016992
SNT/BTC,1565639540219,2019-08-12T19:52:20.219Z,buy,1.78e-06,100000.0,0.178
SNT/BTC,1565639609337,2019-08-12T19:53:29.337Z,sell,1.77e-06,302.0,0.00053454
SNT/BTC,1565639858098,2019-08-12T19:57:38.098Z,sell,1.77e-06,5000.0,0.00885
SNT/BTC,1565639950792,2019-08-12T19:59:10.792Z,buy,1.78e-06,15212.0,0.0270773599999999
SNT/BTC,1565639997763,2019-08-12T19:59:57.763Z,buy,1.78e-06,7796.0,0.01387688
SNT/BTC,1565639998105,2019-08-12T19:59:58.105Z,sell,1.78e-06,6109.0,0.01087402
SNT/BTC,1565640123049,2019-08-12T20:02:03.049Z,sell,1.77e-06,514.0,0.00090978
SNT/BTC,1565640142186,2019-08-12T20:02:22.186Z,buy,1.78e-06,252.0,0.00044856
SNT/BTC,1565640142186,2019-08-12T20:02:22.186Z,buy,1.79e-06,225.0,0.00040275
SNT/BTC,1565640654637,2019-08-12T20:10:54.637Z,sell,1.77e-06,381.0,0.00067437
SNT/BTC,1565640655463,2019-08-12T20:10:55.463Z,sell,1.77e-06,5950.0,0.0105315
SNT/BTC,1565640655607,2019-08-12T20:10:55.607Z,sell,1.77e-06,70.0,0.0001239
SNT/BTC,1565640657907,2019-08-12T20:10:57.907Z,sell,1.77e-06,6989.0,0.01237053
SNT/BTC,1565640829252,2019-08-12T20:13:49.252Z,sell,1.77e-06,15519.0,0.02746863
SNT/BTC,1565641002951,2019-08-12T20:16:42.951Z,sell,1.76e-06,36028.0,0.06340928
SNT/BTC,1565641036929,2019-08-12T20:17:16.929Z,buy,1.77e-06,71.0,0.00012567
SNT/BTC,1565641439108,2019-08-12T20:23:59.108Z,sell,1.76e-06,9362.0,0.01647712
SNT/BTC,1565641672022,2019-08-12T20:27:52.022Z,sell,1.76e-06,500.0,0.00088
SNT/BTC,1565641872618,2019-08-12T20:31:12.618Z,buy,1.77e-06,114.0,0.00020178
SNT/BTC,1565642054036,2019-08-12T20:34:14.036Z,sell,1.77e-06,71.0,0.00012567
SNT/BTC,1565642054036,2019-08-12T20:34:14.036Z,sell,1.77e-06,71.0,0.00012567
SNT/BTC,1565642789136,2019-08-12T20:46:29.136Z,sell,1.77e-06,73.0,0.00012921
SNT/BTC,1565643208395,2019-08-12T20:53:28.395Z,sell,1.77e-06,223.0,0.00039471
SNT/BTC,1565643969957,2019-08-12T21:06:09.957Z,buy,1.78e-06,78651.0,0.13999878
SNT/BTC,1565644798498,2019-08-12T21:19:58.498Z,buy,1.78e-06,1123.0,0.00199894
SNT/BTC,1565645350537,2019-08-12T21:29:10.537Z,sell,1.77e-06,61.0,0.00010797
SNT/BTC,1565645350537,2019-08-12T21:29:10.537Z,sell,1.77e-06,61.0,0.00010797
SNT/BTC,1565645700345,2019-08-12T21:35:00.345Z,buy,1.78e-06,14995.0,0.0266911
SNT/BTC,1565645725386,2019-08-12T21:35:25.386Z,buy,1.78e-06,57.0,0.00010146
SNT/BTC,1565646807118,2019-08-12T21:53:27.118Z,sell,1.77e-06,67.0,0.00011859
SNT/BTC,1565648231961,2019-08-12T22:17:11.961Z,sell,1.77e-06,57.0,0.00010089
SNT/BTC,1565648231961,2019-08-12T22:17:11.961Z,sell,1.77e-06,57.0,0.00010089
SNT/BTC,1565649139766,2019-08-12T22:32:19.766Z,sell,1.77e-06,54936.0,0.09723672
SNT/BTC,1565650168746,2019-08-12T22:49:28.746Z,sell,1.77e-06,4769.0,0.00844113
SNT/BTC,1565651372919,2019-08-12T23:09:32.919Z,sell,1.77e-06,92.0,0.00016284
SNT/BTC,1565651372919,2019-08-12T23:09:32.919Z,sell,1.77e-06,92.0,0.00016284
SNT/BTC,1565652017699,2019-08-12T23:20:17.699Z,buy,1.78e-06,100.0,0.000178
SNT/BTC,1565652225086,2019-08-12T23:23:45.086Z,buy,1.78e-06,57.0,0.00010146
SNT/BTC,1565652225946,2019-08-12T23:23:45.946Z,buy,1.78e-06,157.0,0.00027946
SNT/BTC,1565652874951,2019-08-12T23:34:34.951Z,sell,1.77e-06,2702.0,0.00478254
SNT/BTC,1565654865377,2019-08-13T00:07:45.377Z,buy,1.78e-06,29941.0,0.05329498
SNT/BTC,1565654865377,2019-08-13T00:07:45.377Z,buy,1.78e-06,29941.0,0.05329498
SNT/BTC,1565655438995,2019-08-13T00:17:18.995Z,buy,1.78e-06,57.0,0.00010146
SNT/BTC,1565655491288,2019-08-13T00:18:11.288Z,buy,1.78e-06,43732.0,0.0778429599999999
SNT/BTC,1565655887894,2019-08-13T00:24:47.894Z,sell,1.77e-06,391.0,0.00069207
SNT/BTC,1565655891617,2019-08-13T00:24:51.617Z,sell,1.77e-06,595.0,0.00105315
SNT/BTC,1565655973087,2019-08-13T00:26:13.087Z,sell,1.77e-06,2519.0,0.00445863
SNT/BTC,1565655973222,2019-08-13T00:26:13.222Z,buy,1.77e-06,521.0,0.00092217
SNT/BTC,1565655974102,2019-08-13T00:26:14.102Z,buy,1.77e-06,7035.0,0.01245195
SNT/BTC,1565655975101,2019-08-13T00:26:15.101Z,buy,1.77e-06,11254.0,0.01991958
SNT/BTC,1565656536303,2019-08-13T00:35:36.303Z,buy,1.78e-06,101215.0,0.1801626999999999
SNT/BTC,1565656583052,2019-08-13T00:36:23.052Z,buy,1.78e-06,70121.0,0.1248153799999999
SNT/BTC,1565656724685,2019-08-13T00:38:44.685Z,sell,1.77e-06,5926.0,0.01048902
SNT/BTC,1565656816001,2019-08-13T00:40:16.001Z,sell,1.77e-06,2050.0,0.0036284999999999
SNT/BTC,1565658167901,2019-08-13T01:02:47.901Z,sell,1.77e-06,9350.0,0.0165494999999999
SNT/BTC,1565658225139,2019-08-13T01:03:45.139Z,sell,1.77e-06,14131.0,0.02501187
SNT/BTC,1565658229746,2019-08-13T01:03:49.746Z,sell,1.77e-06,12307.0,0.02178339
SNT/BTC,1565658235573,2019-08-13T01:03:55.573Z,sell,1.77e-06,4916.0,0.00870132
SNT/BTC,1565658235573,2019-08-13T01:03:55.573Z,sell,1.77e-06,4916.0,0.00870132
SNT/BTC,1565658755549,2019-08-13T01:12:35.549Z,sell,1.77e-06,361.0,0.00063897
SNT/BTC,1565659022532,2019-08-13T01:17:02.532Z,sell,1.77e-06,130.0,0.0002301
SNT/BTC,1565659412913,2019-08-13T01:23:32.913Z,sell,1.77e-06,11938.0,0.02113026
SNT/BTC,1565661213079,2019-08-13T01:53:33.079Z,sell,1.77e-06,176.0,0.00031152
SNT/BTC,1565661213079,2019-08-13T01:53:33.079Z,sell,1.77e-06,176.0,0.00031152
SNT/BTC,1565662268125,2019-08-13T02:11:08.125Z,sell,1.77e-06,62.0,0.00010974
SNT/BTC,1565662755906,2019-08-13T02:19:15.906Z,sell,1.77e-06,212.0,0.00037524
SNT/BTC,1565663917845,2019-08-13T02:38:37.845Z,buy,1.78e-06,3475.0,0.0061855
SNT/BTC,1565663917890,2019-08-13T02:38:37.890Z,buy,1.78e-06,182.0,0.00032396
SNT/BTC,1565663917890,2019-08-13T02:38:37.890Z,buy,1.78e-06,182.0,0.00032396
SNT/BTC,1565665774824,2019-08-13T03:09:34.824Z,sell,1.77e-06,18295.0,0.03238215
SNT/BTC,1565665774992,2019-08-13T03:09:34.992Z,sell,1.77e-06,65.0,0.00011505
SNT/BTC,1565665776090,2019-08-13T03:09:36.090Z,sell,1.77e-06,73.0,0.00012921
SNT/BTC,1565666156756,2019-08-13T03:15:56.756Z,buy,1.78e-06,776.0,0.00138128
SNT/BTC,1565666157560,2019-08-13T03:15:57.560Z,buy,1.78e-06,4747.0,0.00844966
SNT/BTC,1565666157846,2019-08-13T03:15:57.846Z,buy,1.78e-06,777.0,0.00138306
SNT/BTC,1565666162047,2019-08-13T03:16:02.047Z,buy,1.78e-06,3146.0,0.00559988
SNT/BTC,1565666162793,2019-08-13T03:16:02.793Z,buy,1.78e-06,6300.0,0.011214
SNT/BTC,1565666176836,2019-08-13T03:16:16.836Z,buy,1.78e-06,4974.0,0.0088537199999999
SNT/BTC,1565666190942,2019-08-13T03:16:30.942Z,buy,1.78e-06,868.0,0.00154504
SNT/BTC,1565666699288,2019-08-13T03:24:59.288Z,sell,1.77e-06,5096.0,0.00901992
SNT/BTC,1565666846715,2019-08-13T03:27:26.715Z,sell,1.77e-06,1277.0,0.00226029
SNT/BTC,1565667172157,2019-08-13T03:32:52.157Z,sell,1.77e-06,3032.0,0.00536664
SNT/BTC,1565667177157,2019-08-13T03:32:57.157Z,sell,1.77e-06,5149.0,0.00911373
SNT/BTC,1565667245925,2019-08-13T03:34:05.925Z,sell,1.76e-06,70843.0,0.12468368
SNT/BTC,1565667245925,2019-08-13T03:34:05.925Z,sell,1.76e-06,70843.0,0.12468368
SNT/BTC,1565667564165,2019-08-13T03:39:24.165Z,buy,1.77e-06,119.0,0.00021063
SNT/BTC,1565667564242,2019-08-13T03:39:24.242Z,buy,1.77e-06,3000.0,0.00531
SNT/BTC,1565667565209,2019-08-13T03:39:25.209Z,buy,1.77e-06,63.0,0.00011151
SNT/BTC,1565667565560,2019-08-13T03:39:25.560Z,sell,1.77e-06,3412.0,0.00603924
SNT/BTC,1565669761600,2019-08-13T04:16:01.600Z,buy,1.77e-06,95.0,0.00016815
SNT/BTC,1565669761600,2019-08-13T04:16:01.600Z,buy,1.77e-06,95.0,0.00016815
SNT/BTC,1565671165286,2019-08-13T04:39:25.286Z,sell,1.77e-06,18244.0,0.03229188
SNT/BTC,1565671174751,2019-08-13T04:39:34.751Z,sell,1.77e-06,2951.0,0.00522327
SNT/BTC,1565671234420,2019-08-13T04:40:34.420Z,sell,1.77e-06,5360.0,0.0094872
SNT/BTC,1565671489838,2019-08-13T04:44:49.838Z,sell,1.77e-06,17072.0,0.0302174399999999
SNT/BTC,1565671492416,2019-08-13T04:44:52.416Z,sell,1.77e-06,19129.0,0.03385833
SNT/BTC,1565671508239,2019-08-13T04:45:08.239Z,sell,1.77e-06,43755.0,0.07744635
SNT/BTC,1565673052737,2019-08-13T05:10:52.737Z,sell,1.76e-06,65.0,0.0001144
SNT/BTC,1565673088005,2019-08-13T05:11:28.005Z,sell,1.76e-06,11384.0,0.02003584
