symbol,timestamp,datetime,side,price,amount,btc_volume
SNT/BTC,1562774452030,2019-07-10T16:00:52.030Z,buy,2.04e-06,14687.0,0.02996148
SNT/BTC,1562774453962,2019-07-10T16:00:53.962Z,buy,2.04e-06,14540.0,0.0296616
SNT/BTC,1562774457115,2019-07-10T16:00:57.115Z,buy,2.04e-06,14847.0,0.03028788
SNT/BTC,1562774466898,2019-07-10T16:01:06.898Z,buy,2.04e-06,14580.0,0.0297432
SNT/BTC,1562774468226,2019-07-10T16:01:08.226Z,buy,2.04e-06,14454.0,0.02948616
SNT/BTC,1562774476025,2019-07-10T16:01:16.025Z,buy,2.04e-06,8622.0,0.01758888
SNT/BTC,1562774476319,2019-07-10T16:01:16.319Z,sell,2.04e-06,5840.0,0.0119136
SNT/BTC,1562774494522,2019-07-10T16:01:34.522Z,sell,2.04e-06,463.0,0.00094452
SNT/BTC,1562774709625,2019-07-10T16:05:09.625Z,buy,2.04e-06,498.0,0.00101592
SNT/BTC,1562774925798,2019-07-10T16:08:45.798Z,sell,2.04e-06,7857.0,0.01602828
SNT/BTC,1562774926031,2019-07-10T16:08:46.031Z,sell,2.04e-06,2374.0,0.0048429599999999
SNT/BTC,1562774927201,2019-07-10T16:08:47.201Z,sell,2.04e-06,1128.0,0.00230112
SNT/BTC,1562774933329,2019-07-10T16:08:53.329Z,buy,2.04e-06,163.0,0.00033252
SNT/BTC,1562774933371,2019-07-10T16:08:53.371Z,buy,2.04e-06,163.0,0.00033252
SNT/BTC,1562774933544,2019-07-10T16:08:53.544Z,buy,2.04e-06,163.0,0.00033252
SNT/BTC,1562775155417,2019-07-10T16:12:35.417Z,buy,2.04e-06,163.0,0.00033252
SNT/BTC,1562775155417,2019-07-10T16:12:35.417Z,buy,2.05e-06,517.0,0.00105985
SNT/BTC,1562775175054,2019-07-10T16:12:55.054Z,buy,2.05e-06,38786.0,0.0795113
SNT/BTC,1562775442335,2019-07-10T16:17:22.335Z,buy,2.05e-06,699.0,0.00143295
SNT/BTC,1562775446412,2019-07-10T16:17:26.412Z,buy,2.05e-06,1396.0,0.0028618
SNT/BTC,1562775452716,2019-07-10T16:17:32.716Z,sell,2.04e-06,6307.0,0.0128662799999999
SNT/BTC,1562775452716,2019-07-10T16:17:32.716Z,sell,2.03e-06,14858.0,0.03016174
SNT/BTC,1562775492946,2019-07-10T16:18:12.946Z,sell,2.04e-06,2475.0,0.005049
SNT/BTC,1562775526017,2019-07-10T16:18:46.017Z,sell,2.04e-06,7525.0,0.015351
SNT/BTC,1562775526017,2019-07-10T16:18:46.017Z,sell,2.03e-06,32289.0,0.06554667
SNT/BTC,1562775534795,2019-07-10T16:18:54.795Z,sell,2.04e-06,978.0,0.00199512
SNT/BTC,1562775534795,2019-07-10T16:18:54.795Z,sell,2.03e-06,12294.0,0.02495682
SNT/BTC,1562775637647,2019-07-10T16:20:37.647Z,sell,2.03e-06,2661.0,0.00540183
SNT/BTC,1562775642735,2019-07-10T16:20:42.735Z,buy,2.05e-06,833.0,0.0017076499999999
SNT/BTC,1562775673346,2019-07-10T16:21:13.346Z,buy,2.05e-06,50.0,0.0001025
SNT/BTC,1562775695382,2019-07-10T16:21:35.382Z,buy,2.05e-06,1461.0,0.00299505
SNT/BTC,1562775700773,2019-07-10T16:21:40.773Z,buy,2.05e-06,2500.0,0.0051249999999999
SNT/BTC,1562775702383,2019-07-10T16:21:42.383Z,buy,2.05e-06,2500.0,0.0051249999999999
SNT/BTC,1562775705667,2019-07-10T16:21:45.667Z,buy,2.05e-06,2500.0,0.0051249999999999
SNT/BTC,1562775743995,2019-07-10T16:22:23.995Z,sell,2.04e-06,15281.0,0.0311732399999999
SNT/BTC,1562775757682,2019-07-10T16:22:37.682Z,buy,2.05e-06,731.0,0.00149855
SNT/BTC,1562775779250,2019-07-10T16:22:59.250Z,buy,2.05e-06,731.0,0.00149855
SNT/BTC,1562775815233,2019-07-10T16:23:35.233Z,buy,2.05e-06,2500.0,0.0051249999999999
SNT/BTC,1562776143899,2019-07-10T16:29:03.899Z,buy,2.05e-06,29844.0,0.0611802
SNT/BTC,1562776144171,2019-07-10T16:29:04.171Z,sell,2.05e-06,9287.0,0.01903835
SNT/BTC,1562776157587,2019-07-10T16:29:17.587Z,buy,2.05e-06,522.0,0.0010700999999999
SNT/BTC,1562776219011,2019-07-10T16:30:19.011Z,buy,2.05e-06,90.0,0.0001844999999999
SNT/BTC,1562776246844,2019-07-10T16:30:46.844Z,sell,2.04e-06,7568.0,0.01543872
SNT/BTC,1562776289763,2019-07-10T16:31:29.763Z,buy,2.04e-06,7561.0,0.01542444
SNT/BTC,1562776492904,2019-07-10T16:34:52.904Z,sell,2.04e-06,576.0,0.00117504
SNT/BTC,1562776492930,2019-07-10T16:34:52.930Z,buy,2.05e-06,1654.0,0.0033907
SNT/BTC,1562776560311,2019-07-10T16:36:00.311Z,buy,2.05e-06,3684.0,0.0075521999999999
SNT/BTC,1562776622539,2019-07-10T16:37:02.539Z,buy,2.05e-06,3081.0,0.0063160499999999
SNT/BTC,1562776873404,2019-07-10T16:41:13.404Z,buy,2.05e-06,24686.0,0.0506062999999999
SNT/BTC,1562776873532,2019-07-10T16:41:13.532Z,sell,2.05e-06,2550.0,0.0052274999999999
SNT/BTC,1562776873630,2019-07-10T16:41:13.630Z,sell,2.05e-06,15867.0,0.03252735
SNT/BTC,1562776873696,2019-07-10T16:41:13.696Z,sell,2.05e-06,14244.0,0.0292002
SNT/BTC,1562776874082,2019-07-10T16:41:14.082Z,sell,2.05e-06,21016.0,0.0430828
SNT/BTC,1562776874293,2019-07-10T16:41:14.293Z,sell,2.05e-06,11531.0,0.0236385499999999
SNT/BTC,1562776875296,2019-07-10T16:41:15.296Z,sell,2.05e-06,9642.0,0.0197660999999999
SNT/BTC,1562776875353,2019-07-10T16:41:15.353Z,sell,2.05e-06,9975.0,0.0204487499999999
SNT/BTC,1562776879269,2019-07-10T16:41:19.269Z,buy,2.06e-06,486.0,0.00100116
SNT/BTC,1562776881891,2019-07-10T16:41:21.891Z,sell,2.05e-06,6572.0,0.0134726
SNT/BTC,1562776902090,2019-07-10T16:41:42.090Z,sell,2.05e-06,136.0,0.0002788
SNT/BTC,1562776915410,2019-07-10T16:41:55.410Z,sell,2.05e-06,6704.0,0.0137431999999999
SNT/BTC,1562776920812,2019-07-10T16:42:00.812Z,sell,2.05e-06,896.0,0.0018368
SNT/BTC,1562776920945,2019-07-10T16:42:00.945Z,buy,2.06e-06,716.0,0.00147496
SNT/BTC,1562776946653,2019-07-10T16:42:26.653Z,sell,2.05e-06,501.0,0.0010270499999999
SNT/BTC,1562777044706,2019-07-10T16:44:04.706Z,sell,2.05e-06,6472.0,0.0132676
SNT/BTC,1562777046893,2019-07-10T16:44:06.893Z,sell,2.05e-06,3969.0,0.00813645
SNT/BTC,1562777080260,2019-07-10T16:44:40.260Z,sell,2.05e-06,1198.0,0.0024559
SNT/BTC,1562777488290,2019-07-10T16:51:28.290Z,sell,2.05e-06,6791.0,0.01392155
SNT/BTC,1562777488290,2019-07-10T16:51:28.290Z,sell,2.04e-06,31941.0,0.06515964
SNT/BTC,1562777519066,2019-07-10T16:51:59.066Z,buy,2.06e-06,17605.0,0.0362663
SNT/BTC,1562777646523,2019-07-10T16:54:06.523Z,sell,2.05e-06,1922.0,0.0039400999999999
SNT/BTC,1562777700089,2019-07-10T16:55:00.089Z,sell,2.05e-06,536.0,0.0010987999999999
SNT/BTC,1562777700089,2019-07-10T16:55:00.089Z,sell,2.05e-06,536.0,0.0010987999999999
SNT/BTC,1562778095546,2019-07-10T17:01:35.546Z,buy,2.06e-06,463.0,0.00095378
SNT/BTC,1562778583468,2019-07-10T17:09:43.468Z,sell,2.05e-06,731.0,0.00149855
SNT/BTC,1562778592431,2019-07-10T17:09:52.431Z,buy,2.06e-06,68.0,0.00014008
SNT/BTC,1562778834223,2019-07-10T17:13:54.223Z,sell,2.05e-06,518.0,0.0010619
SNT/BTC,1562778898568,2019-07-10T17:14:58.568Z,sell,2.05e-06,7873.0,0.01613965
SNT/BTC,1562779528187,2019-07-10T17:25:28.187Z,sell,2.05e-06,22238.0,0.0455878999999999
SNT/BTC,1562779528419,2019-07-10T17:25:28.419Z,buy,2.05e-06,600.0,0.00123
SNT/BTC,1562779539469,2019-07-10T17:25:39.469Z,buy,2.05e-06,3619.0,0.00741895
SNT/BTC,1562779540907,2019-07-10T17:25:40.907Z,buy,2.05e-06,452.0,0.0009266
SNT/BTC,1562779618358,2019-07-10T17:26:58.358Z,sell,2.05e-06,1008.0,0.0020664
SNT/BTC,1562779618358,2019-07-10T17:26:58.358Z,sell,2.04e-06,12354.0,0.0252021599999999
SNT/BTC,1562779915030,2019-07-10T17:31:55.030Z,buy,2.06e-06,434.0,0.00089404
SNT/BTC,1562780017768,2019-07-10T17:33:37.768Z,buy,2.06e-06,70314.0,0.14484684
SNT/BTC,1562780027022,2019-07-10T17:33:47.022Z,buy,2.06e-06,39698.0,0.08177788
SNT/BTC,1562780041962,2019-07-10T17:34:01.962Z,buy,2.06e-06,493.0,0.00101558
SNT/BTC,1562780178599,2019-07-10T17:36:18.599Z,buy,2.07e-06,2448.0,0.00506736
SNT/BTC,1562780217119,2019-07-10T17:36:57.119Z,buy,2.06e-06,4901.0,0.01009606
SNT/BTC,1562780293231,2019-07-10T17:38:13.231Z,sell,2.06e-06,1010.0,0.0020806
SNT/BTC,1562780509114,2019-07-10T17:41:49.114Z,buy,2.07e-06,1447.0,0.00299529
SNT/BTC,1562780510751,2019-07-10T17:41:50.751Z,buy,2.07e-06,14469.0,0.02995083
SNT/BTC,1562780511604,2019-07-10T17:41:51.604Z,buy,2.07e-06,11252.0,0.02329164
SNT/BTC,1562780520869,2019-07-10T17:42:00.869Z,sell,2.07e-06,577.0,0.00119439
SNT/BTC,1562780745007,2019-07-10T17:45:45.007Z,sell,2.07e-06,4382.0,0.00907074
SNT/BTC,1562780745007,2019-07-10T17:45:45.007Z,sell,2.07e-06,4382.0,0.00907074
SNT/BTC,1562782022155,2019-07-10T18:07:02.155Z,sell,2.06e-06,5196.0,0.01070376
SNT/BTC,1562782937044,2019-07-10T18:22:17.044Z,sell,2.06e-06,2959.0,0.00609554
SNT/BTC,1562783633421,2019-07-10T18:33:53.421Z,buy,2.08e-06,22467.0,0.04673136
SNT/BTC,1562783633473,2019-07-10T18:33:53.473Z,sell,2.08e-06,1449.0,0.00301392
SNT/BTC,1562783633529,2019-07-10T18:33:53.529Z,sell,2.08e-06,178.0,0.00037024
SNT/BTC,1562783633609,2019-07-10T18:33:53.609Z,sell,2.08e-06,10180.0,0.0211744
SNT/BTC,1562783633635,2019-07-10T18:33:53.635Z,sell,2.07e-06,202.0,0.00041814
SNT/BTC,1562783646462,2019-07-10T18:34:06.462Z,sell,2.07e-06,680.0,0.0014076
SNT/BTC,1562783666130,2019-07-10T18:34:26.130Z,sell,2.07e-06,1802.0,0.00373014
SNT/BTC,1562783666365,2019-07-10T18:34:26.365Z,sell,2.06e-06,3872.0,0.00797632
SNT/BTC,1562783701163,2019-07-10T18:35:01.163Z,sell,2.06e-06,5600.0,0.011536
SNT/BTC,1562784227180,2019-07-10T18:43:47.180Z,sell,2.06e-06,2667.0,0.00549402
SNT/BTC,1562784227180,2019-07-10T18:43:47.180Z,sell,2.06e-06,2667.0,0.00549402
SNT/BTC,1562784858363,2019-07-10T18:54:18.363Z,sell,2.07e-06,2032.0,0.00420624
SNT/BTC,1562784926383,2019-07-10T18:55:26.383Z,buy,2.08e-06,893.0,0.00185744
SNT/BTC,1562785040297,2019-07-10T18:57:20.297Z,sell,2.07e-06,731.0,0.00151317
SNT/BTC,1562785060836,2019-07-10T18:57:40.836Z,sell,2.07e-06,532.0,0.00110124
SNT/BTC,1562785186530,2019-07-10T18:59:46.530Z,sell,2.07e-06,17850.0,0.0369495
SNT/BTC,1562785262140,2019-07-10T19:01:02.140Z,sell,2.06e-06,5469.0,0.01126614
SNT/BTC,1562785467580,2019-07-10T19:04:27.580Z,buy,2.08e-06,42705.0,0.0888264
SNT/BTC,1562785467706,2019-07-10T19:04:27.706Z,sell,2.08e-06,632.0,0.00131456
SNT/BTC,1562785470660,2019-07-10T19:04:30.660Z,sell,2.08e-06,594.0,0.00123552
SNT/BTC,1562785489397,2019-07-10T19:04:49.397Z,sell,2.08e-06,1523.0,0.00316784
SNT/BTC,1562785526050,2019-07-10T19:05:26.050Z,sell,2.07e-06,976.0,0.00202032
SNT/BTC,1562785607773,2019-07-10T19:06:47.773Z,sell,2.08e-06,10000.0,0.0208
SNT/BTC,1562785729174,2019-07-10T19:08:49.174Z,sell,2.08e-06,4245.0,0.0088296
SNT/BTC,1562785742778,2019-07-10T19:09:02.778Z,buy,2.09e-06,865.0,0.00180785
SNT/BTC,1562785847386,2019-07-10T19:10:47.386Z,sell,2.08e-06,874.0,0.00181792
SNT/BTC,1562786252607,2019-07-10T19:17:32.607Z,sell,2.07e-06,444.0,0.00091908
SNT/BTC,1562786602086,2019-07-10T19:23:22.086Z,buy,2.09e-06,1896.0,0.00396264
SNT/BTC,1562786602476,2019-07-10T19:23:22.476Z,sell,2.09e-06,1359.0,0.00284031
SNT/BTC,1562786605327,2019-07-10T19:23:25.327Z,sell,2.09e-06,860.0,0.0017974
SNT/BTC,1562786606804,2019-07-10T19:23:26.804Z,sell,2.09e-06,502.0,0.00104918
SNT/BTC,1562786613939,2019-07-10T19:23:33.939Z,sell,2.09e-06,14193.0,0.0296633699999999
SNT/BTC,1562786863787,2019-07-10T19:27:43.787Z,sell,2.08e-06,1350.0,0.002808
SNT/BTC,1562786866460,2019-07-10T19:27:46.460Z,sell,2.08e-06,1136.0,0.00236288
SNT/BTC,1562786866791,2019-07-10T19:27:46.791Z,sell,2.08e-06,1350.0,0.002808
SNT/BTC,1562786867046,2019-07-10T19:27:47.046Z,sell,2.08e-06,390.0,0.0008112
SNT/BTC,1562786867522,2019-07-10T19:27:47.522Z,sell,2.08e-06,679.0,0.00141232
SNT/BTC,1562786867724,2019-07-10T19:27:47.724Z,sell,2.08e-06,482.0,0.00100256
SNT/BTC,1562786868075,2019-07-10T19:27:48.075Z,sell,2.08e-06,606.0,0.00126048
SNT/BTC,1562786868549,2019-07-10T19:27:48.549Z,sell,2.08e-06,1103.0,0.00229424
SNT/BTC,1562786868590,2019-07-10T19:27:48.590Z,sell,2.08e-06,854.0,0.00177632
SNT/BTC,1562786869104,2019-07-10T19:27:49.104Z,sell,2.08e-06,1301.0,0.00270608
SNT/BTC,1562786869166,2019-07-10T19:27:49.166Z,sell,2.08e-06,457.0,0.00095056
SNT/BTC,1562786869839,2019-07-10T19:27:49.839Z,sell,2.08e-06,674.0,0.00140192
SNT/BTC,1562786869915,2019-07-10T19:27:49.915Z,sell,2.08e-06,1353.0,0.00281424
SNT/BTC,1562786870860,2019-07-10T19:27:50.860Z,sell,2.08e-06,1353.0,0.00281424
SNT/BTC,1562786870862,2019-07-10T19:27:50.862Z,sell,2.08e-06,738.0,0.0015350399999999
SNT/BTC,1562786937029,2019-07-10T19:28:57.029Z,sell,2.07e-06,573.0,0.00118611
SNT/BTC,1562787038109,2019-07-10T19:30:38.109Z,buy,2.09e-06,7163.0,0.0149706699999999
SNT/BTC,1562787106008,2019-07-10T19:31:46.008Z,buy,2.09e-06,795.0,0.00166155
SNT/BTC,1562787283840,2019-07-10T19:34:43.840Z,sell,2.08e-06,3177.0,0.00660816
SNT/BTC,1562787288276,2019-07-10T19:34:48.276Z,buy,2.09e-06,314.0,0.00065626
SNT/BTC,1562787288336,2019-07-10T19:34:48.336Z,buy,2.09e-06,160.0,0.0003344
SNT/BTC,1562787343733,2019-07-10T19:35:43.733Z,buy,2.09e-06,1232.0,0.00257488
SNT/BTC,1562787363560,2019-07-10T19:36:03.560Z,buy,2.09e-06,193.0,0.0004033699999999
SNT/BTC,1562787422172,2019-07-10T19:37:02.172Z,buy,2.1e-06,21040.0,0.0441839999999999
SNT/BTC,1562787422176,2019-07-10T19:37:02.176Z,buy,2.1e-06,19582.0,0.0411222
SNT/BTC,1562787517344,2019-07-10T19:38:37.344Z,sell,2.09e-06,3654.0,0.00763686
SNT/BTC,1562787517344,2019-07-10T19:38:37.344Z,sell,2.09e-06,3654.0,0.00763686
SNT/BTC,1562788100546,2019-07-10T19:48:20.546Z,buy,2.1e-06,4082.0,0.0085721999999999
SNT/BTC,1562788101259,2019-07-10T19:48:21.259Z,buy,2.1e-06,949.0,0.0019928999999999
SNT/BTC,1562788268078,2019-07-10T19:51:08.078Z,buy,2.1e-06,450.0,0.0009449999999999
SNT/BTC,1562788297331,2019-07-10T19:51:37.331Z,buy,2.1e-06,47619.0,0.0999998999999999
SNT/BTC,1562788357533,2019-07-10T19:52:37.533Z,sell,2.09e-06,1959.0,0.0040943099999999
SNT/BTC,1562788517673,2019-07-10T19:55:17.673Z,buy,2.1e-06,502.0,0.0010542
SNT/BTC,1562788609889,2019-07-10T19:56:49.889Z,sell,2.09e-06,1474.0,0.00308066
SNT/BTC,1562788622164,2019-07-10T19:57:02.164Z,buy,2.1e-06,6000.0,0.0125999999999999
SNT/BTC,1562788656587,2019-07-10T19:57:36.587Z,buy,2.1e-06,500.0,0.00105
SNT/BTC,1562788971412,2019-07-10T20:02:51.412Z,buy,2.1e-06,950.0,0.001995
SNT/BTC,1562789521087,2019-07-10T20:12:01.087Z,buy,2.1e-06,177.0,0.0003717
SNT/BTC,1562789588461,2019-07-10T20:13:08.461Z,buy,2.1e-06,5775.0,0.0121275
SNT/BTC,1562789588711,2019-07-10T20:13:08.711Z,buy,2.1e-06,3475.0,0.0072974999999999
SNT/BTC,1562789642557,2019-07-10T20:14:02.557Z,buy,2.11e-06,15011.0,0.03167321
SNT/BTC,1562789643485,2019-07-10T20:14:03.485Z,buy,2.11e-06,808.0,0.00170488
SNT/BTC,1562789650115,2019-07-10T20:14:10.115Z,buy,2.11e-06,1262.0,0.00266282
SNT/BTC,1562789668602,2019-07-10T20:14:28.602Z,buy,2.11e-06,73.0,0.00015403
SNT/BTC,1562789668602,2019-07-10T20:14:28.602Z,buy,2.12e-06,5562.0,0.01179144
SNT/BTC,1562789704278,2019-07-10T20:15:04.278Z,sell,2.11e-06,525.0,0.00110775
SNT/BTC,1562789739073,2019-07-10T20:15:39.073Z,buy,2.12e-06,481.0,0.00101972
SNT/BTC,1562789739073,2019-07-10T20:15:39.073Z,buy,2.13e-06,44.0,9.372e-05
SNT/BTC,1562789801622,2019-07-10T20:16:41.622Z,buy,2.13e-06,302.0,0.00064326
SNT/BTC,1562790206104,2019-07-10T20:23:26.104Z,buy,2.13e-06,6293.0,0.01340409
SNT/BTC,1562790206113,2019-07-10T20:23:26.113Z,buy,2.13e-06,15685.0,0.0334090499999999
SNT/BTC,1562790207601,2019-07-10T20:23:27.601Z,sell,2.13e-06,1242.0,0.00264546
SNT/BTC,1562790208216,2019-07-10T20:23:28.216Z,sell,2.13e-06,3475.0,0.0074017499999999
SNT/BTC,1562790414114,2019-07-10T20:26:54.114Z,sell,2.13e-06,5997.0,0.01277361
SNT/BTC,1562790444097,2019-07-10T20:27:24.097Z,sell,2.13e-06,21574.0,0.04595262
SNT/BTC,1562790456137,2019-07-10T20:27:36.137Z,sell,2.12e-06,4061.0,0.00860932
SNT/BTC,1562790467565,2019-07-10T20:27:47.565Z,sell,2.12e-06,3471.0,0.00735852
SNT/BTC,1562790640295,2019-07-10T20:30:40.295Z,buy,2.13e-06,2740.0,0.0058362
SNT/BTC,1562790671202,2019-07-10T20:31:11.202Z,sell,2.11e-06,1723.0,0.00363553
SNT/BTC,1562790696927,2019-07-10T20:31:36.927Z,buy,2.13e-06,700.0,0.001491
SNT/BTC,1562790736348,2019-07-10T20:32:16.348Z,sell,2.11e-06,1883.0,0.00397313
SNT/BTC,1562790736348,2019-07-10T20:32:16.348Z,sell,2.11e-06,1883.0,0.00397313
SNT/BTC,1562791357600,2019-07-10T20:42:37.600Z,sell,2.11e-06,1708.0,0.00360388
SNT/BTC,1562792087994,2019-07-10T20:54:47.994Z,buy,2.12e-06,471.0,0.00099852
SNT/BTC,1562792117774,2019-07-10T20:55:17.774Z,sell,2.11e-06,1407.0,0.00296877
SNT/BTC,1562792123302,2019-07-10T20:55:23.302Z,sell,2.11e-06,2418.0,0.00510198
SNT/BTC,1562792129635,2019-07-10T20:55:29.635Z,sell,2.11e-06,16018.0,0.03379798
SNT/BTC,1562792167629,2019-07-10T20:56:07.629Z,buy,2.12e-06,278.0,0.00058936
SNT/BTC,1562792287625,2019-07-10T20:58:07.625Z,sell,2.11e-06,278.0,0.00058658
SNT/BTC,1562792311355,2019-07-10T20:58:31.355Z,sell,2.11e-06,13493.0,0.02847023
SNT/BTC,1562792407687,2019-07-10T21:00:07.687Z,buy,2.12e-06,276.0,0.00058512
SNT/BTC,1562792407790,2019-07-10T21:00:07.790Z,buy,2.12e-06,278.0,0.00058936
SNT/BTC,1562792445087,2019-07-10T21:00:45.087Z,buy,2.12e-06,3583.0,0.00759596
SNT/BTC,1562792685589,2019-07-10T21:04:45.589Z,buy,2.12e-06,600.0,0.001272
SNT/BTC,1562792686936,2019-07-10T21:04:46.936Z,buy,2.12e-06,637.0,0.00135044
SNT/BTC,1562792687906,2019-07-10T21:04:47.906Z,buy,2.12e-06,14961.0,0.03171732
SNT/BTC,1562793294725,2019-07-10T21:14:54.725Z,sell,2.11e-06,207.0,0.00043677
SNT/BTC,1562793506791,2019-07-10T21:18:26.791Z,buy,2.12e-06,1553.0,0.00329236
SNT/BTC,1562793980053,2019-07-10T21:26:20.053Z,buy,2.12e-06,17605.0,0.0373226
SNT/BTC,1562793989818,2019-07-10T21:26:29.818Z,buy,2.12e-06,6631.0,0.01405772
SNT/BTC,1562794013717,2019-07-10T21:26:53.717Z,buy,2.12e-06,60124.0,0.12746288
SNT/BTC,1562794055501,2019-07-10T21:27:35.501Z,buy,2.12e-06,1028.0,0.00217936
SNT/BTC,1562794150208,2019-07-10T21:29:10.208Z,sell,2.13e-06,2334.0,0.00497142
SNT/BTC,1562794156041,2019-07-10T21:29:16.041Z,sell,2.13e-06,2333.0,0.0049692899999999
SNT/BTC,1562794163829,2019-07-10T21:29:23.829Z,buy,2.14e-06,2289.0,0.0048984599999999
SNT/BTC,1562794207665,2019-07-10T21:30:07.665Z,sell,2.13e-06,276.0,0.0005878799999999
SNT/BTC,1562794207774,2019-07-10T21:30:07.774Z,sell,2.13e-06,278.0,0.00059214
SNT/BTC,1562794211103,2019-07-10T21:30:11.103Z,sell,2.14e-06,7225.0,0.0154615
SNT/BTC,1562794211687,2019-07-10T21:30:11.687Z,sell,2.14e-06,14881.0,0.03184534
SNT/BTC,1562794211736,2019-07-10T21:30:11.736Z,sell,2.14e-06,24621.0,0.05268894
SNT/BTC,1562794213275,2019-07-10T21:30:13.275Z,sell,2.13e-06,6644.0,0.01415172
SNT/BTC,1562794216117,2019-07-10T21:30:16.117Z,sell,2.13e-06,1711.0,0.0036444299999999
SNT/BTC,1562794218996,2019-07-10T21:30:18.996Z,sell,2.13e-06,2493.0,0.00531009
SNT/BTC,1562794224203,2019-07-10T21:30:24.203Z,sell,2.13e-06,13930.0,0.0296709
SNT/BTC,1562794298145,2019-07-10T21:31:38.145Z,buy,2.14e-06,550.0,0.0011769999999999
SNT/BTC,1562794298145,2019-07-10T21:31:38.145Z,buy,2.14e-06,550.0,0.0011769999999999
SNT/BTC,1562794487649,2019-07-10T21:34:47.649Z,sell,2.12e-06,1917.0,0.00406404
SNT/BTC,1562794537093,2019-07-10T21:35:37.093Z,sell,2.11e-06,3553.0,0.00749683
SNT/BTC,1562794748243,2019-07-10T21:39:08.243Z,buy,2.12e-06,7877.0,0.01669924
SNT/BTC,1562794750502,2019-07-10T21:39:10.502Z,buy,2.12e-06,1676.0,0.00355312
SNT/BTC,1562794766249,2019-07-10T21:39:26.249Z,sell,2.11e-06,1724.0,0.00363764
SNT/BTC,1562794849551,2019-07-10T21:40:49.551Z,sell,2.11e-06,1233.0,0.00260163
SNT/BTC,1562795002870,2019-07-10T21:43:22.870Z,sell,2.1e-06,6039.0,0.0126819
SNT/BTC,1562795026507,2019-07-10T21:43:46.507Z,buy,2.11e-06,9509.0,0.02006399
SNT/BTC,1562795026654,2019-07-10T21:43:46.654Z,buy,2.11e-06,276.0,0.00058236
SNT/BTC,1562795026742,2019-07-10T21:43:46.742Z,buy,2.11e-06,278.0,0.00058658
SNT/BTC,1562795027919,2019-07-10T21:43:47.919Z,buy,2.11e-06,2470.0,0.0052117
SNT/BTC,1562795096664,2019-07-10T21:44:56.664Z,sell,2.1e-06,9530.0,0.020013
SNT/BTC,1562795371984,2019-07-10T21:49:31.984Z,sell,2.1e-06,1420.0,0.002982
SNT/BTC,1562795424024,2019-07-10T21:50:24.024Z,buy,2.1e-06,380.0,0.0007979999999999
SNT/BTC,1562795471412,2019-07-10T21:51:11.412Z,sell,2.1e-06,1523.0,0.0031983
SNT/BTC,1562795716999,2019-07-10T21:55:16.999Z,buy,2.1e-06,553.0,0.0011612999999999
SNT/BTC,1562795885182,2019-07-10T21:58:05.182Z,buy,2.1e-06,107.0,0.0002247
SNT/BTC,1562795932185,2019-07-10T21:58:52.185Z,sell,2.09e-06,5240.0,0.0109515999999999
SNT/BTC,1562796097992,2019-07-10T22:01:37.992Z,buy,2.1e-06,487.0,0.0010226999999999
SNT/BTC,1562796197895,2019-07-10T22:03:17.895Z,buy,2.1e-06,4000.0,0.0084
SNT/BTC,1562796274078,2019-07-10T22:04:34.078Z,buy,2.1e-06,2500.0,0.0052499999999999
SNT/BTC,1562796302550,2019-07-10T22:05:02.550Z,sell,2.09e-06,9017.0,0.01884553
SNT/BTC,1562796787809,2019-07-10T22:13:07.809Z,buy,2.11e-06,466.0,0.00098326
SNT/BTC,1562796808925,2019-07-10T22:13:28.925Z,buy,2.11e-06,1184.0,0.00249824
SNT/BTC,1562796809525,2019-07-10T22:13:29.525Z,buy,2.11e-06,568.0,0.00119848
SNT/BTC,1562796847713,2019-07-10T22:14:07.713Z,sell,2.09e-06,276.0,0.00057684
SNT/BTC,1562796847811,2019-07-10T22:14:07.811Z,sell,2.09e-06,278.0,0.00058102
SNT/BTC,1562796907651,2019-07-10T22:15:07.651Z,buy,2.11e-06,276.0,0.00058236
SNT/BTC,1562796907753,2019-07-10T22:15:07.753Z,buy,2.11e-06,278.0,0.00058658
SNT/BTC,1562797027701,2019-07-10T22:17:07.701Z,sell,2.09e-06,276.0,0.00057684
SNT/BTC,1562797027797,2019-07-10T22:17:07.797Z,sell,2.09e-06,278.0,0.00058102
SNT/BTC,1562797147654,2019-07-10T22:19:07.654Z,buy,2.11e-06,276.0,0.00058236
SNT/BTC,1562797147757,2019-07-10T22:19:07.757Z,buy,2.11e-06,278.0,0.00058658
SNT/BTC,1562797232147,2019-07-10T22:20:32.147Z,sell,2.09e-06,479.0,0.00100111
SNT/BTC,1562797291109,2019-07-10T22:21:31.109Z,sell,2.09e-06,3661.0,0.0076514899999999
SNT/BTC,1562797368309,2019-07-10T22:22:48.309Z,sell,2.09e-06,1087.0,0.00227183
SNT/BTC,1562797447629,2019-07-10T22:24:07.629Z,sell,2.09e-06,49286.0,0.10300774
SNT/BTC,1562797463748,2019-07-10T22:24:23.748Z,sell,2.09e-06,19039.0,0.0397915099999999
SNT/BTC,1562797576813,2019-07-10T22:26:16.813Z,sell,2.09e-06,17759.0,0.03711631
SNT/BTC,1562797604113,2019-07-10T22:26:44.113Z,buy,2.08e-06,631.0,0.00131248
SNT/BTC,1562797615323,2019-07-10T22:26:55.323Z,buy,2.08e-06,3659.0,0.00761072
SNT/BTC,1562797630322,2019-07-10T22:27:10.322Z,buy,2.08e-06,2500.0,0.0052
SNT/BTC,1562797630620,2019-07-10T22:27:10.620Z,buy,2.08e-06,2543.0,0.00528944
SNT/BTC,1562797654060,2019-07-10T22:27:34.060Z,buy,2.08e-06,1384.0,0.00287872
SNT/BTC,1562797683787,2019-07-10T22:28:03.787Z,buy,2.08e-06,13257.0,0.02757456
SNT/BTC,1562797683787,2019-07-10T22:28:03.787Z,buy,2.08e-06,13257.0,0.02757456
SNT/BTC,1562798056027,2019-07-10T22:34:16.027Z,sell,2.07e-06,700.0,0.001449
SNT/BTC,1562798060006,2019-07-10T22:34:20.006Z,sell,2.07e-06,700.0,0.001449
SNT/BTC,1562798186540,2019-07-10T22:36:26.540Z,sell,2.08e-06,1636.0,0.00340288
SNT/BTC,1562798380879,2019-07-10T22:39:40.879Z,buy,2.08e-06,2664.0,0.00554112
SNT/BTC,1562798531729,2019-07-10T22:42:11.729Z,buy,2.08e-06,504.0,0.00104832
SNT/BTC,1562798554215,2019-07-10T22:42:34.215Z,sell,2.07e-06,15648.0,0.03239136
SNT/BTC,1562798683651,2019-07-10T22:44:43.651Z,sell,2.06e-06,1424.0,0.00293344
SNT/BTC,1562798684699,2019-07-10T22:44:44.699Z,buy,2.07e-06,6618.0,0.01369926
SNT/BTC,1562798684724,2019-07-10T22:44:44.724Z,buy,2.07e-06,6619.0,0.01370133
SNT/BTC,1562798684754,2019-07-10T22:44:44.754Z,buy,2.07e-06,2762.0,0.00571734
SNT/BTC,1562798897419,2019-07-10T22:48:17.419Z,buy,2.08e-06,51.0,0.00010608
SNT/BTC,1562799170549,2019-07-10T22:52:50.549Z,buy,2.08e-06,350.0,0.000728
SNT/BTC,1562799170554,2019-07-10T22:52:50.554Z,buy,2.08e-06,1449.0,0.00301392
SNT/BTC,1562799170562,2019-07-10T22:52:50.562Z,buy,2.08e-06,1053.0,0.00219024
SNT/BTC,1562799229124,2019-07-10T22:53:49.124Z,buy,2.08e-06,7312.0,0.01520896
SNT/BTC,1562799240352,2019-07-10T22:54:00.352Z,buy,2.08e-06,1748.0,0.00363584
SNT/BTC,1562799526931,2019-07-10T22:58:46.931Z,buy,2.08e-06,5181.0,0.01077648
SNT/BTC,1562799530111,2019-07-10T22:58:50.111Z,buy,2.08e-06,5059.0,0.01052272
SNT/BTC,1562800121258,2019-07-10T23:08:41.258Z,sell,2.08e-06,1402.0,0.00291616
SNT/BTC,1562800121263,2019-07-10T23:08:41.263Z,sell,2.08e-06,798.0,0.00165984
SNT/BTC,1562800692746,2019-07-10T23:18:12.746Z,buy,2.09e-06,2199.0,0.00459591
SNT/BTC,1562800781683,2019-07-10T23:19:41.683Z,buy,2.09e-06,5219.0,0.01090771
SNT/BTC,1562800843253,2019-07-10T23:20:43.253Z,buy,2.09e-06,7173.0,0.01499157
SNT/BTC,1562800845344,2019-07-10T23:20:45.344Z,buy,2.09e-06,2500.0,0.005225
SNT/BTC,1562800862174,2019-07-10T23:21:02.174Z,sell,2.08e-06,4342.0,0.00903136
SNT/BTC,1562800904245,2019-07-10T23:21:44.245Z,buy,2.08e-06,3255.0,0.0067704
SNT/BTC,1562801058924,2019-07-10T23:24:18.924Z,buy,2.09e-06,4920.0,0.0102828
SNT/BTC,1562801080289,2019-07-10T23:24:40.289Z,sell,2.08e-06,4900.0,0.010192
SNT/BTC,1562801122727,2019-07-10T23:25:22.727Z,buy,2.08e-06,4900.0,0.010192
SNT/BTC,1562801122727,2019-07-10T23:25:22.727Z,buy,2.08e-06,4900.0,0.010192
SNT/BTC,1562801322117,2019-07-10T23:28:42.117Z,buy,2.09e-06,600.0,0.001254
SNT/BTC,1562801513288,2019-07-10T23:31:53.288Z,buy,2.09e-06,7636.0,0.01595924
SNT/BTC,1562801839614,2019-07-10T23:37:19.614Z,sell,2.08e-06,33544.0,0.06977152
SNT/BTC,1562801997357,2019-07-10T23:39:57.357Z,sell,2.07e-06,14350.0,0.0297045
SNT/BTC,1562802003698,2019-07-10T23:40:03.698Z,sell,2.07e-06,16484.0,0.03412188
SNT/BTC,1562802033825,2019-07-10T23:40:33.825Z,sell,2.07e-06,14038.0,0.02905866
SNT/BTC,1562802039567,2019-07-10T23:40:39.567Z,buy,2.08e-06,445.0,0.0009256
SNT/BTC,1562802174316,2019-07-10T23:42:54.316Z,sell,2.07e-06,2289.0,0.00473823
SNT/BTC,1562802219726,2019-07-10T23:43:39.726Z,sell,2.07e-06,2289.0,0.00473823
SNT/BTC,1562802271369,2019-07-10T23:44:31.369Z,sell,2.07e-06,2289.0,0.00473823
SNT/BTC,1562802315582,2019-07-10T23:45:15.582Z,sell,2.07e-06,2289.0,0.00473823
SNT/BTC,1562802376185,2019-07-10T23:46:16.185Z,sell,2.07e-06,2289.0,0.00473823
SNT/BTC,1562802413742,2019-07-10T23:46:53.742Z,sell,2.07e-06,2289.0,0.00473823
SNT/BTC,1562802449623,2019-07-10T23:47:29.623Z,sell,2.07e-06,304.0,0.00062928
SNT/BTC,1562802451252,2019-07-10T23:47:31.252Z,buy,2.07e-06,25108.0,0.05197356
SNT/BTC,1562802481113,2019-07-10T23:48:01.113Z,buy,2.07e-06,493.0,0.00102051
SNT/BTC,1562802518118,2019-07-10T23:48:38.118Z,buy,2.07e-06,2500.0,0.005175
SNT/BTC,1562802551605,2019-07-10T23:49:11.605Z,buy,2.07e-06,92.0,0.00019044
SNT/BTC,1562802591233,2019-07-10T23:49:51.233Z,buy,2.08e-06,23947.0,0.04980976
SNT/BTC,1562802927685,2019-07-10T23:55:27.685Z,buy,2.08e-06,721.0,0.00149968
SNT/BTC,1562802935454,2019-07-10T23:55:35.454Z,buy,2.08e-06,6943.0,0.01444144
SNT/BTC,1562802966066,2019-07-10T23:56:06.066Z,buy,2.09e-06,192.0,0.0004012799999999
SNT/BTC,1562803262495,2019-07-11T00:01:02.495Z,sell,2.07e-06,5732.0,0.01186524
SNT/BTC,1562803263631,2019-07-11T00:01:03.631Z,sell,2.07e-06,5588.0,0.01156716
SNT/BTC,1562803264496,2019-07-11T00:01:04.496Z,sell,2.07e-06,5292.0,0.01095444
SNT/BTC,1562803317718,2019-07-11T00:01:57.718Z,buy,2.08e-06,4231.0,0.00880048
SNT/BTC,1562803324152,2019-07-11T00:02:04.152Z,buy,2.08e-06,868.0,0.00180544
SNT/BTC,1562803331672,2019-07-11T00:02:11.672Z,buy,2.08e-06,371.0,0.00077168
SNT/BTC,1562803365541,2019-07-11T00:02:45.541Z,buy,2.09e-06,473.0,0.00098857
SNT/BTC,1562803564076,2019-07-11T00:06:04.076Z,buy,2.09e-06,11804.0,0.02467036
SNT/BTC,1562804030970,2019-07-11T00:13:50.970Z,sell,2.09e-06,4741.0,0.00990869
SNT/BTC,1562804046190,2019-07-11T00:14:06.190Z,sell,2.09e-06,10596.0,0.0221456399999999
SNT/BTC,1562804078112,2019-07-11T00:14:38.112Z,sell,2.09e-06,1437.0,0.00300333
SNT/BTC,1562804590970,2019-07-11T00:23:10.970Z,sell,2.09e-06,5998.0,0.01253582
SNT/BTC,1562804592288,2019-07-11T00:23:12.288Z,sell,2.09e-06,4424.0,0.00924616
SNT/BTC,1562804674251,2019-07-11T00:24:34.251Z,buy,2.1e-06,693.0,0.0014552999999999
SNT/BTC,1562804674251,2019-07-11T00:24:34.251Z,buy,2.1e-06,693.0,0.0014552999999999
SNT/BTC,1562804772992,2019-07-11T00:26:12.992Z,sell,2.09e-06,10850.0,0.0226765
SNT/BTC,1562804788603,2019-07-11T00:26:28.603Z,sell,2.09e-06,7000.0,0.0146299999999999
SNT/BTC,1562804844539,2019-07-11T00:27:24.539Z,sell,2.09e-06,5989.0,0.0125170099999999
SNT/BTC,1562805052846,2019-07-11T00:30:52.846Z,sell,2.09e-06,4135.0,0.00864215
SNT/BTC,1562805058463,2019-07-11T00:30:58.463Z,buy,2.09e-06,600.0,0.001254
SNT/BTC,1562805060672,2019-07-11T00:31:00.672Z,buy,2.09e-06,812.0,0.00169708
SNT/BTC,1562805061623,2019-07-11T00:31:01.623Z,buy,2.09e-06,600.0,0.001254
SNT/BTC,1562805080713,2019-07-11T00:31:20.713Z,buy,2.09e-06,14.0,2.926e-05
SNT/BTC,1562805081857,2019-07-11T00:31:21.857Z,buy,2.09e-06,14.0,2.926e-05
SNT/BTC,1562805099029,2019-07-11T00:31:39.029Z,buy,2.09e-06,16.0,3.344e-05
SNT/BTC,1562805102773,2019-07-11T00:31:42.773Z,buy,2.09e-06,13.0,2.717e-05
SNT/BTC,1562805103856,2019-07-11T00:31:43.856Z,buy,2.09e-06,2.0,4.18e-06
SNT/BTC,1562805103856,2019-07-11T00:31:43.856Z,buy,2.1e-06,12.0,2.52e-05
SNT/BTC,1562805270230,2019-07-11T00:34:30.230Z,buy,2.1e-06,29138.0,0.0611897999999999
SNT/BTC,1562805726167,2019-07-11T00:42:06.167Z,sell,2.09e-06,458.0,0.00095722
SNT/BTC,1562805810978,2019-07-11T00:43:30.978Z,buy,2.1e-06,4784.0,0.0100463999999999
SNT/BTC,1562805845916,2019-07-11T00:44:05.916Z,buy,2.1e-06,310.0,0.0006509999999999
SNT/BTC,1562805845916,2019-07-11T00:44:05.916Z,buy,2.11e-06,236.0,0.00049796
SNT/BTC,1562806040994,2019-07-11T00:47:20.994Z,sell,2.1e-06,10724.0,0.0225204
SNT/BTC,1562806041021,2019-07-11T00:47:21.021Z,sell,2.1e-06,4736.0,0.0099455999999999
SNT/BTC,1562806126493,2019-07-11T00:48:46.493Z,buy,2.1e-06,8477.0,0.0178016999999999
SNT/BTC,1562806273744,2019-07-11T00:51:13.744Z,sell,2.08e-06,501.0,0.00104208
SNT/BTC,1562806510918,2019-07-11T00:55:10.918Z,sell,2.08e-06,683.0,0.00142064
SNT/BTC,1562806565595,2019-07-11T00:56:05.595Z,sell,2.08e-06,4155.0,0.0086424
SNT/BTC,1562806577450,2019-07-11T00:56:17.450Z,sell,2.08e-06,60928.0,0.12673024
SNT/BTC,1562806577682,2019-07-11T00:56:17.682Z,sell,2.08e-06,109.0,0.00022672
SNT/BTC,1562806585746,2019-07-11T00:56:25.746Z,sell,2.08e-06,6311.0,0.01312688
SNT/BTC,1562806593351,2019-07-11T00:56:33.351Z,sell,2.08e-06,6061.0,0.0126068799999999
SNT/BTC,1562806595318,2019-07-11T00:56:35.318Z,sell,2.08e-06,6281.0,0.01306448
SNT/BTC,1562807052829,2019-07-11T01:04:12.829Z,sell,2.08e-06,470.0,0.0009776
SNT/BTC,1562807336575,2019-07-11T01:08:56.575Z,buy,2.09e-06,564.0,0.0011787599999999
SNT/BTC,1562807477092,2019-07-11T01:11:17.092Z,buy,2.09e-06,1083.0,0.00226347
SNT/BTC,1562807759923,2019-07-11T01:15:59.923Z,sell,2.08e-06,6261.0,0.01302288
SNT/BTC,1562807760182,2019-07-11T01:16:00.182Z,buy,2.09e-06,271.0,0.00056639
SNT/BTC,1562807760182,2019-07-11T01:16:00.182Z,buy,2.1e-06,196.0,0.0004116
SNT/BTC,1562807804697,2019-07-11T01:16:44.697Z,sell,2.08e-06,21982.0,0.04572256
SNT/BTC,1562807902053,2019-07-11T01:18:22.053Z,buy,2.09e-06,14573.0,0.03045757
SNT/BTC,1562807902053,2019-07-11T01:18:22.053Z,buy,2.09e-06,14573.0,0.03045757
SNT/BTC,1562808410080,2019-07-11T01:26:50.080Z,sell,2.08e-06,1437.0,0.00298896
SNT/BTC,1562808436548,2019-07-11T01:27:16.548Z,sell,2.08e-06,576.0,0.00119808
SNT/BTC,1562809501453,2019-07-11T01:45:01.453Z,sell,2.07e-06,6732.0,0.01393524
SNT/BTC,1562809502431,2019-07-11T01:45:02.431Z,sell,2.07e-06,17.0,3.519e-05
SNT/BTC,1562809622666,2019-07-11T01:47:02.666Z,sell,2.05e-06,588.0,0.0012054
SNT/BTC,1562809622666,2019-07-11T01:47:02.666Z,sell,2.05e-06,4526.0,0.0092783
SNT/BTC,1562809626192,2019-07-11T01:47:06.192Z,sell,2.05e-06,693.0,0.0014206499999999
SNT/BTC,1562809660147,2019-07-11T01:47:40.147Z,buy,2.07e-06,1449.0,0.00299943
SNT/BTC,1562809684406,2019-07-11T01:48:04.406Z,sell,2.05e-06,540.0,0.001107
SNT/BTC,1562809814219,2019-07-11T01:50:14.219Z,buy,2.07e-06,1497.0,0.00309879
SNT/BTC,1562809814450,2019-07-11T01:50:14.450Z,buy,2.07e-06,879.0,0.00181953
SNT/BTC,1562809848121,2019-07-11T01:50:48.121Z,buy,2.07e-06,2500.0,0.005175
SNT/BTC,1562809881048,2019-07-11T01:51:21.048Z,buy,2.07e-06,814.0,0.00168498
SNT/BTC,1562809910589,2019-07-11T01:51:50.589Z,buy,2.07e-06,5561.0,0.01151127
SNT/BTC,1562809911334,2019-07-11T01:51:51.334Z,buy,2.07e-06,19767.0,0.04091769
SNT/BTC,1562809946831,2019-07-11T01:52:26.831Z,sell,2.06e-06,5559.0,0.01145154
SNT/BTC,1562809992221,2019-07-11T01:53:12.221Z,sell,2.06e-06,1931.0,0.00397786
SNT/BTC,1562809992510,2019-07-11T01:53:12.510Z,buy,2.06e-06,1697.0,0.00349582
SNT/BTC,1562810036513,2019-07-11T01:53:56.513Z,buy,2.06e-06,1931.0,0.00397786
SNT/BTC,1562810109289,2019-07-11T01:55:09.289Z,buy,2.07e-06,928.0,0.00192096
SNT/BTC,1562810197492,2019-07-11T01:56:37.492Z,buy,2.07e-06,37487.0,0.07759809
SNT/BTC,1562810201116,2019-07-11T01:56:41.116Z,buy,2.07e-06,1449.0,0.00299943
SNT/BTC,1562810203467,2019-07-11T01:56:43.467Z,buy,2.07e-06,5690.0,0.0117783
SNT/BTC,1562810918974,2019-07-11T02:08:38.974Z,buy,2.08e-06,2500.0,0.0052
SNT/BTC,1562811007282,2019-07-11T02:10:07.282Z,buy,2.08e-06,61645.0,0.1282216
SNT/BTC,1562811424494,2019-07-11T02:17:04.494Z,buy,2.09e-06,1929.0,0.00403161
SNT/BTC,1562811424494,2019-07-11T02:17:04.494Z,buy,2.09e-06,1929.0,0.00403161
SNT/BTC,1562811702008,2019-07-11T02:21:42.008Z,sell,2.08e-06,472.0,0.00098176
SNT/BTC,1562812108666,2019-07-11T02:28:28.666Z,sell,2.08e-06,258.0,0.00053664
SNT/BTC,1562812456115,2019-07-11T02:34:16.115Z,buy,2.1e-06,72.0,0.0001512
SNT/BTC,1562813142555,2019-07-11T02:45:42.555Z,sell,2.08e-06,5474.0,0.01138592
SNT/BTC,1562813526686,2019-07-11T02:52:06.686Z,buy,2.1e-06,32141.0,0.0674960999999999
SNT/BTC,1562813527674,2019-07-11T02:52:07.674Z,sell,2.1e-06,22347.0,0.0469287
SNT/BTC,1562813531642,2019-07-11T02:52:11.642Z,buy,2.1e-06,28636.0,0.0601356
SNT/BTC,1562813559685,2019-07-11T02:52:39.685Z,sell,2.09e-06,1497.0,0.0031287299999999
SNT/BTC,1562813564933,2019-07-11T02:52:44.933Z,sell,2.09e-06,879.0,0.0018371099999999
SNT/BTC,1562813708886,2019-07-11T02:55:08.886Z,sell,2.09e-06,1793.0,0.00374737
SNT/BTC,1562813916264,2019-07-11T02:58:36.264Z,sell,2.1e-06,1449.0,0.0030429
SNT/BTC,1562814181075,2019-07-11T03:03:01.075Z,sell,2.1e-06,481.0,0.0010100999999999
SNT/BTC,1562814457705,2019-07-11T03:07:37.705Z,buy,2.11e-06,1421.0,0.00299831
SNT/BTC,1562814460188,2019-07-11T03:07:40.188Z,buy,2.11e-06,673.0,0.00142003
SNT/BTC,1562814618612,2019-07-11T03:10:18.612Z,buy,2.11e-06,4739.0,0.00999929
SNT/BTC,1562814658122,2019-07-11T03:10:58.122Z,buy,2.11e-06,14783.0,0.03119213
SNT/BTC,1562814658312,2019-07-11T03:10:58.312Z,buy,2.11e-06,31729.0,0.06694819
SNT/BTC,1562814755668,2019-07-11T03:12:35.668Z,sell,2.11e-06,1136.0,0.00239696
SNT/BTC,1562814798099,2019-07-11T03:13:18.099Z,sell,2.11e-06,49.0,0.00010339
SNT/BTC,1562814960551,2019-07-11T03:16:00.551Z,buy,2.12e-06,170.0,0.0003604
SNT/BTC,1562814960551,2019-07-11T03:16:00.551Z,buy,2.12e-06,170.0,0.0003604
SNT/BTC,1562815216791,2019-07-11T03:20:16.791Z,buy,2.12e-06,2105.0,0.0044626
SNT/BTC,1562815292045,2019-07-11T03:21:32.045Z,sell,2.12e-06,139.0,0.00029468
SNT/BTC,1562815300471,2019-07-11T03:21:40.471Z,sell,2.12e-06,833.0,0.00176596
SNT/BTC,1562815311312,2019-07-11T03:21:51.312Z,buy,2.13e-06,1379.0,0.00293727
SNT/BTC,1562815353703,2019-07-11T03:22:33.703Z,buy,2.13e-06,177.0,0.00037701
SNT/BTC,1562815478497,2019-07-11T03:24:38.497Z,buy,2.13e-06,1512.0,0.00322056
SNT/BTC,1562815480867,2019-07-11T03:24:40.867Z,buy,2.13e-06,614.0,0.00130782
SNT/BTC,1562815629706,2019-07-11T03:27:09.706Z,buy,2.13e-06,14167.0,0.0301757099999999
SNT/BTC,1562815630776,2019-07-11T03:27:10.776Z,buy,2.13e-06,14415.0,0.03070395
SNT/BTC,1562815630875,2019-07-11T03:27:10.875Z,buy,2.13e-06,12141.0,0.02586033
SNT/BTC,1562815688358,2019-07-11T03:28:08.358Z,sell,2.13e-06,27285.0,0.0581170499999999
SNT/BTC,1562815754046,2019-07-11T03:29:14.046Z,sell,2.13e-06,3694.0,0.00786822
SNT/BTC,1562815908135,2019-07-11T03:31:48.135Z,sell,2.12e-06,509.0,0.00107908
SNT/BTC,1562815908135,2019-07-11T03:31:48.135Z,sell,2.12e-06,576.0,0.00122112
SNT/BTC,1562815909149,2019-07-11T03:31:49.149Z,sell,2.12e-06,276.0,0.00058512
SNT/BTC,1562815909265,2019-07-11T03:31:49.265Z,sell,2.12e-06,278.0,0.00058936
SNT/BTC,1562815948639,2019-07-11T03:32:28.639Z,sell,2.12e-06,68.0,0.00014416
SNT/BTC,1562816113038,2019-07-11T03:35:13.038Z,buy,2.14e-06,62.0,0.0001326799999999
SNT/BTC,1562816329472,2019-07-11T03:38:49.472Z,sell,2.12e-06,4900.0,0.010388
SNT/BTC,1562816358551,2019-07-11T03:39:18.551Z,buy,2.13e-06,931.0,0.0019830299999999
SNT/BTC,1562816358771,2019-07-11T03:39:18.771Z,buy,2.13e-06,931.0,0.0019830299999999
SNT/BTC,1562816358971,2019-07-11T03:39:18.971Z,buy,2.13e-06,2545.0,0.00542085
SNT/BTC,1562816359291,2019-07-11T03:39:19.291Z,buy,2.13e-06,5478.0,0.01166814
SNT/BTC,1562816411899,2019-07-11T03:40:11.899Z,sell,2.13e-06,6286.0,0.0133891799999999
SNT/BTC,1562816412908,2019-07-11T03:40:12.908Z,sell,2.13e-06,2042.0,0.0043494599999999
SNT/BTC,1562816571536,2019-07-11T03:42:51.536Z,sell,2.12e-06,12950.0,0.027454
SNT/BTC,1562816689479,2019-07-11T03:44:49.479Z,buy,2.13e-06,1912.0,0.00407256
SNT/BTC,1562816689479,2019-07-11T03:44:49.479Z,buy,2.14e-06,21672.0,0.0463780799999999
SNT/BTC,1562816720421,2019-07-11T03:45:20.421Z,buy,2.13e-06,2344.0,0.00499272
SNT/BTC,1562816867929,2019-07-11T03:47:47.929Z,sell,2.12e-06,5063.0,0.01073356
SNT/BTC,1562816869939,2019-07-11T03:47:49.939Z,sell,2.12e-06,2992.0,0.00634304
SNT/BTC,1562816887133,2019-07-11T03:48:07.133Z,sell,2.12e-06,7071.0,0.01499052
SNT/BTC,1562816974529,2019-07-11T03:49:34.529Z,sell,2.12e-06,441.0,0.00093492
SNT/BTC,1562817083222,2019-07-11T03:51:23.222Z,sell,2.12e-06,627.0,0.00132924
SNT/BTC,1562817316539,2019-07-11T03:55:16.539Z,sell,2.11e-06,1061.0,0.00223871
SNT/BTC,1562817322219,2019-07-11T03:55:22.219Z,sell,2.11e-06,700.0,0.001477
SNT/BTC,1562817323211,2019-07-11T03:55:23.211Z,sell,2.11e-06,1872.0,0.00394992
SNT/BTC,1562817325518,2019-07-11T03:55:25.518Z,sell,2.11e-06,2481.0,0.00523491
SNT/BTC,1562817327453,2019-07-11T03:55:27.453Z,sell,2.11e-06,1199.0,0.00252989
SNT/BTC,1562817567624,2019-07-11T03:59:27.624Z,sell,2.11e-06,507.0,0.00106977
SNT/BTC,1562817567718,2019-07-11T03:59:27.718Z,sell,2.11e-06,64.0,0.00013504
SNT/BTC,1562818254883,2019-07-11T04:10:54.883Z,sell,2.11e-06,61.0,0.00012871
SNT/BTC,1562818260130,2019-07-11T04:11:00.130Z,buy,2.11e-06,4740.0,0.0100014
SNT/BTC,1562818262467,2019-07-11T04:11:02.467Z,buy,2.11e-06,7383.0,0.01557813
SNT/BTC,1562818356887,2019-07-11T04:12:36.887Z,sell,2.11e-06,721.0,0.00152131
SNT/BTC,1562818356887,2019-07-11T04:12:36.887Z,sell,2.11e-06,721.0,0.00152131
SNT/BTC,1562818570151,2019-07-11T04:16:10.151Z,buy,2.12e-06,9414.0,0.01995768
SNT/BTC,1562818570316,2019-07-11T04:16:10.316Z,buy,2.12e-06,2488.0,0.00527456
SNT/BTC,1562818642492,2019-07-11T04:17:22.492Z,sell,2.11e-06,6391.0,0.01348501
SNT/BTC,1562818643878,2019-07-11T04:17:23.878Z,sell,2.11e-06,6376.0,0.01345336
SNT/BTC,1562818645243,2019-07-11T04:17:25.243Z,sell,2.11e-06,6195.0,0.01307145
SNT/BTC,1562818646392,2019-07-11T04:17:26.392Z,buy,2.12e-06,806.0,0.00170872
SNT/BTC,1562818663817,2019-07-11T04:17:43.817Z,sell,2.11e-06,11489.0,0.02424179
SNT/BTC,1562818663927,2019-07-11T04:17:43.927Z,sell,2.11e-06,934.0,0.00197074
SNT/BTC,1562818664757,2019-07-11T04:17:44.757Z,sell,2.11e-06,3516.0,0.00741876
SNT/BTC,1562818664857,2019-07-11T04:17:44.857Z,sell,2.11e-06,11460.0,0.0241806
SNT/BTC,1562818667204,2019-07-11T04:17:47.204Z,sell,2.11e-06,14989.0,0.03162679
SNT/BTC,1562818685226,2019-07-11T04:18:05.226Z,sell,2.1e-06,7000.0,0.0146999999999999
SNT/BTC,1562818720018,2019-07-11T04:18:40.018Z,sell,2.09e-06,300.0,0.000627
SNT/BTC,1562818726079,2019-07-11T04:18:46.079Z,sell,2.09e-06,7938.0,0.0165904199999999
SNT/BTC,1562818784001,2019-07-11T04:19:44.001Z,sell,2.1e-06,378.0,0.0007937999999999
SNT/BTC,1562818784163,2019-07-11T04:19:44.163Z,sell,2.1e-06,3183.0,0.0066843
SNT/BTC,1562818788548,2019-07-11T04:19:48.548Z,sell,2.1e-06,2115.0,0.0044414999999999
SNT/BTC,1562818792328,2019-07-11T04:19:52.328Z,sell,2.1e-06,7329.0,0.0153908999999999
SNT/BTC,1562818837084,2019-07-11T04:20:37.084Z,sell,2.09e-06,1361.0,0.00284449
SNT/BTC,1562818859165,2019-07-11T04:20:59.165Z,buy,2.1e-06,693.0,0.0014552999999999
SNT/BTC,1562818881434,2019-07-11T04:21:21.434Z,buy,2.1e-06,6969.0,0.0146349
SNT/BTC,1562818901164,2019-07-11T04:21:41.164Z,buy,2.1e-06,11408.0,0.0239567999999999
SNT/BTC,1562818917735,2019-07-11T04:21:57.735Z,sell,2.09e-06,553.0,0.00115577
SNT/BTC,1562818917735,2019-07-11T04:21:57.735Z,sell,2.08e-06,13485.0,0.0280488
SNT/BTC,1562818934234,2019-07-11T04:22:14.234Z,buy,2.1e-06,4652.0,0.0097691999999999
SNT/BTC,1562818954654,2019-07-11T04:22:34.654Z,buy,2.1e-06,2578.0,0.0054138
SNT/BTC,1562818958087,2019-07-11T04:22:38.087Z,buy,2.09e-06,1104.0,0.00230736
SNT/BTC,1562818959353,2019-07-11T04:22:39.353Z,buy,2.09e-06,1273.0,0.0026605699999999
SNT/BTC,1562818960452,2019-07-11T04:22:40.452Z,buy,2.09e-06,600.0,0.001254
SNT/BTC,1562818960986,2019-07-11T04:22:40.986Z,buy,2.09e-06,4966.0,0.01037894
SNT/BTC,1562819115475,2019-07-11T04:25:15.475Z,buy,2.11e-06,2500.0,0.005275
SNT/BTC,1562819117438,2019-07-11T04:25:17.438Z,buy,2.11e-06,2500.0,0.005275
SNT/BTC,1562819118848,2019-07-11T04:25:18.848Z,buy,2.11e-06,14201.0,0.02996411
SNT/BTC,1562819119375,2019-07-11T04:25:19.375Z,buy,2.11e-06,1405.0,0.00296455
SNT/BTC,1562819119532,2019-07-11T04:25:19.532Z,buy,2.11e-06,2500.0,0.005275
SNT/BTC,1562819178008,2019-07-11T04:26:18.008Z,sell,2.1e-06,7465.0,0.0156765
SNT/BTC,1562819181790,2019-07-11T04:26:21.790Z,buy,2.11e-06,1305.0,0.00275355
SNT/BTC,1562819188506,2019-07-11T04:26:28.506Z,buy,2.11e-06,1743.0,0.00367773
SNT/BTC,1562819210800,2019-07-11T04:26:50.800Z,sell,2.1e-06,1083.0,0.0022743
SNT/BTC,1562819242803,2019-07-11T04:27:22.803Z,buy,2.1e-06,6391.0,0.0134210999999999
SNT/BTC,1562819243704,2019-07-11T04:27:23.704Z,buy,2.1e-06,4400.0,0.00924
SNT/BTC,1562819244240,2019-07-11T04:27:24.240Z,buy,2.1e-06,769.0,0.0016148999999999
SNT/BTC,1562819244937,2019-07-11T04:27:24.937Z,buy,2.1e-06,2468.0,0.0051827999999999
SNT/BTC,1562819247362,2019-07-11T04:27:27.362Z,buy,2.1e-06,1985.0,0.0041684999999999
SNT/BTC,1562819253199,2019-07-11T04:27:33.199Z,sell,2.1e-06,1420.0,0.002982
SNT/BTC,1562819254124,2019-07-11T04:27:34.124Z,sell,2.1e-06,3037.0,0.0063776999999999
SNT/BTC,1562819256039,2019-07-11T04:27:36.039Z,sell,2.1e-06,2464.0,0.0051743999999999
SNT/BTC,1562819263262,2019-07-11T04:27:43.262Z,buy,2.11e-06,600.0,0.001266
SNT/BTC,1562819285617,2019-07-11T04:28:05.617Z,sell,2.1e-06,1247.0,0.0026187
SNT/BTC,1562819285617,2019-07-11T04:28:05.617Z,sell,2.09e-06,9491.0,0.01983619
SNT/BTC,1562819285744,2019-07-11T04:28:05.744Z,sell,2.08e-06,1247.0,0.00259376
SNT/BTC,1562819288816,2019-07-11T04:28:08.816Z,buy,2.09e-06,16797.0,0.03510573
SNT/BTC,1562819331185,2019-07-11T04:28:51.185Z,buy,2.09e-06,8435.0,0.01762915
SNT/BTC,1562819337317,2019-07-11T04:28:57.317Z,buy,2.09e-06,1621.0,0.0033878899999999
SNT/BTC,1562819338929,2019-07-11T04:28:58.929Z,sell,2.08e-06,807.0,0.00167856
SNT/BTC,1562819349983,2019-07-11T04:29:09.983Z,sell,2.08e-06,711.0,0.00147888
SNT/BTC,1562819354323,2019-07-11T04:29:14.323Z,buy,2.09e-06,1518.0,0.0031726199999999
SNT/BTC,1562819357544,2019-07-11T04:29:17.544Z,sell,2.09e-06,395.0,0.00082555
SNT/BTC,1562819357544,2019-07-11T04:29:17.544Z,sell,2.08e-06,472.0,0.00098176
SNT/BTC,1562819378270,2019-07-11T04:29:38.270Z,sell,2.08e-06,5336.0,0.01109888
SNT/BTC,1562819437006,2019-07-11T04:30:37.006Z,sell,2.07e-06,2302.0,0.00476514
SNT/BTC,1562819438479,2019-07-11T04:30:38.479Z,sell,2.06e-06,858.0,0.00176748
SNT/BTC,1562819447774,2019-07-11T04:30:47.774Z,sell,2.05e-06,1117.0,0.00228985
SNT/BTC,1562819450584,2019-07-11T04:30:50.584Z,sell,2.05e-06,673.0,0.0013796499999999
SNT/BTC,1562819454165,2019-07-11T04:30:54.165Z,sell,2.05e-06,1463.0,0.00299915
SNT/BTC,1562819466774,2019-07-11T04:31:06.774Z,buy,2.06e-06,79.0,0.00016274
SNT/BTC,1562819522699,2019-07-11T04:32:02.699Z,sell,2.05e-06,542.0,0.0011110999999999
SNT/BTC,1562819529931,2019-07-11T04:32:09.931Z,sell,2.05e-06,391.0,0.0008015499999999
SNT/BTC,1562819546292,2019-07-11T04:32:26.292Z,buy,2.06e-06,95.0,0.0001957
SNT/BTC,1562819578928,2019-07-11T04:32:58.928Z,buy,2.04e-06,470.0,0.0009588
SNT/BTC,1562819579184,2019-07-11T04:32:59.184Z,buy,2.04e-06,4549.0,0.00927996
SNT/BTC,1562819584393,2019-07-11T04:33:04.393Z,sell,2.04e-06,4571.0,0.00932484
SNT/BTC,1562819627401,2019-07-11T04:33:47.401Z,sell,2.04e-06,6916.0,0.01410864
SNT/BTC,1562819634051,2019-07-11T04:33:54.051Z,buy,2.05e-06,1499.0,0.0030729499999999
SNT/BTC,1562819650272,2019-07-11T04:34:10.272Z,sell,2.04e-06,13348.0,0.0272299199999999
SNT/BTC,1562819651902,2019-07-11T04:34:11.902Z,sell,2.04e-06,25589.0,0.05220156
SNT/BTC,1562819662483,2019-07-11T04:34:22.483Z,sell,2.04e-06,25460.0,0.0519383999999999
SNT/BTC,1562819670218,2019-07-11T04:34:30.218Z,sell,2.04e-06,11146.0,0.02273784
SNT/BTC,1562819674385,2019-07-11T04:34:34.385Z,buy,2.05e-06,412.0,0.0008445999999999
SNT/BTC,1562819677495,2019-07-11T04:34:37.495Z,buy,2.05e-06,1001.0,0.0020520499999999
SNT/BTC,1562819980078,2019-07-11T04:39:40.078Z,sell,2.03e-06,1304.0,0.00264712
SNT/BTC,1562819985835,2019-07-11T04:39:45.835Z,sell,2.03e-06,75.0,0.00015225
SNT/BTC,1562819989325,2019-07-11T04:39:49.325Z,sell,2.03e-06,1364.0,0.00276892
SNT/BTC,1562819994064,2019-07-11T04:39:54.064Z,sell,2.03e-06,2369.0,0.00480907
SNT/BTC,1562820007790,2019-07-11T04:40:07.790Z,buy,2.04e-06,16012.0,0.0326644799999999
SNT/BTC,1562820051189,2019-07-11T04:40:51.189Z,sell,2.04e-06,201.0,0.0004100399999999
SNT/BTC,1562820051189,2019-07-11T04:40:51.189Z,sell,2.03e-06,9607.0,0.01950221
SNT/BTC,1562820052147,2019-07-11T04:40:52.147Z,sell,2.03e-06,921.0,0.00186963
SNT/BTC,1562820054131,2019-07-11T04:40:54.131Z,sell,2.03e-06,7400.0,0.015022
SNT/BTC,1562820054668,2019-07-11T04:40:54.668Z,sell,2.03e-06,2132.0,0.00432796
SNT/BTC,1562820054668,2019-07-11T04:40:54.668Z,sell,2.02e-06,2516.0,0.00508232
SNT/BTC,1562820056258,2019-07-11T04:40:56.258Z,buy,2.03e-06,1350.0,0.0027405
SNT/BTC,1562820060944,2019-07-11T04:41:00.944Z,buy,2.03e-06,493.0,0.00100079
SNT/BTC,1562820111769,2019-07-11T04:41:51.769Z,sell,2.02e-06,1911.0,0.00386022
SNT/BTC,1562820111785,2019-07-11T04:41:51.785Z,sell,2.02e-06,171.0,0.00034542
SNT/BTC,1562820111808,2019-07-11T04:41:51.808Z,sell,2.01e-06,1073.0,0.00215673
SNT/BTC,1562820114035,2019-07-11T04:41:54.035Z,buy,2.02e-06,858.0,0.00173316
SNT/BTC,1562820122791,2019-07-11T04:42:02.791Z,sell,2.01e-06,551.0,0.00110751
SNT/BTC,1562820174042,2019-07-11T04:42:54.042Z,buy,2.02e-06,1446.0,0.00292092
SNT/BTC,1562820175043,2019-07-11T04:42:55.043Z,buy,2.02e-06,11649.0,0.02353098
SNT/BTC,1562820182735,2019-07-11T04:43:02.735Z,sell,2.01e-06,18926.0,0.0380412599999999
SNT/BTC,1562820183436,2019-07-11T04:43:03.436Z,sell,2e-06,7382.0,0.014764
SNT/BTC,1562820183470,2019-07-11T04:43:03.470Z,buy,2.01e-06,6091.0,0.01224291
SNT/BTC,1562820183470,2019-07-11T04:43:03.470Z,buy,2.01e-06,16.0,3.216e-05
SNT/BTC,1562820183978,2019-07-11T04:43:03.978Z,buy,2.02e-06,9013.0,0.01820626
SNT/BTC,1562820183997,2019-07-11T04:43:03.997Z,buy,2.02e-06,9505.0,0.0192001
SNT/BTC,1562820252835,2019-07-11T04:44:12.835Z,buy,2.03e-06,241.0,0.00048923
SNT/BTC,1562820328537,2019-07-11T04:45:28.537Z,buy,2.03e-06,358.0,0.00072674
SNT/BTC,1562820342824,2019-07-11T04:45:42.824Z,sell,2.02e-06,597.0,0.00120594
SNT/BTC,1562820397454,2019-07-11T04:46:37.454Z,sell,2.01e-06,11402.0,0.0229180199999999
SNT/BTC,1562820666687,2019-07-11T04:51:06.687Z,buy,2.02e-06,8006.0,0.01617212
SNT/BTC,1562820677232,2019-07-11T04:51:17.232Z,buy,2.02e-06,73.0,0.00014746
SNT/BTC,1562820859396,2019-07-11T04:54:19.396Z,buy,2.02e-06,888.0,0.00179376
SNT/BTC,1562820922722,2019-07-11T04:55:22.722Z,buy,2.02e-06,2431.0,0.00491062
SNT/BTC,1562820940327,2019-07-11T04:55:40.327Z,buy,2.02e-06,3749.0,0.00757298
SNT/BTC,1562820940338,2019-07-11T04:55:40.338Z,buy,2.02e-06,1588.0,0.00320776
SNT/BTC,1562820940840,2019-07-11T04:55:40.840Z,buy,2.03e-06,2000.0,0.00406
SNT/BTC,1562820968337,2019-07-11T04:56:08.337Z,sell,2.01e-06,1587.0,0.0031898699999999
SNT/BTC,1562820968360,2019-07-11T04:56:08.360Z,sell,2.01e-06,530.0,0.0010653
SNT/BTC,1562820969065,2019-07-11T04:56:09.065Z,buy,2.01e-06,1202.0,0.0024160199999999
SNT/BTC,1562820986103,2019-07-11T04:56:26.103Z,buy,2.02e-06,157.0,0.00031714
SNT/BTC,1562821016076,2019-07-11T04:56:56.076Z,buy,2.01e-06,4913.0,0.00987513
SNT/BTC,1562821018075,2019-07-11T04:56:58.075Z,buy,2.01e-06,3383.0,0.00679983
SNT/BTC,1562821019068,2019-07-11T04:56:59.068Z,buy,2.01e-06,2349.0,0.0047214899999999
SNT/BTC,1562821020069,2019-07-11T04:57:00.069Z,buy,2.01e-06,1631.0,0.0032783099999999
SNT/BTC,1562821021073,2019-07-11T04:57:01.073Z,buy,2.01e-06,1132.0,0.00227532
SNT/BTC,1562821021410,2019-07-11T04:57:01.410Z,buy,2.01e-06,2070.0,0.0041607
SNT/BTC,1562821033589,2019-07-11T04:57:13.589Z,buy,2.03e-06,985.0,0.00199955
SNT/BTC,1562821106116,2019-07-11T04:58:26.116Z,sell,2e-06,9984.0,0.019968
SNT/BTC,1562821110126,2019-07-11T04:58:30.126Z,sell,2e-06,9991.0,0.019982
SNT/BTC,1562821110167,2019-07-11T04:58:30.167Z,sell,2e-06,16208.0,0.032416
SNT/BTC,1562821110838,2019-07-11T04:58:30.838Z,sell,2e-06,579.0,0.001158
SNT/BTC,1562821111075,2019-07-11T04:58:31.075Z,buy,2e-06,15698.0,0.031396
SNT/BTC,1562821119116,2019-07-11T04:58:39.116Z,sell,2e-06,9967.0,0.019934
SNT/BTC,1562821120076,2019-07-11T04:58:40.076Z,sell,2e-06,2213.0,0.0044259999999999
SNT/BTC,1562821120676,2019-07-11T04:58:40.676Z,buy,2e-06,600.0,0.0012
SNT/BTC,1562821121077,2019-07-11T04:58:41.077Z,buy,2e-06,2027.0,0.0040539999999999
SNT/BTC,1562821127573,2019-07-11T04:58:47.573Z,sell,1.99e-06,75.0,0.00014925
SNT/BTC,1562821127573,2019-07-11T04:58:47.573Z,sell,1.99e-06,11370.0,0.0226263
SNT/BTC,1562821127573,2019-07-11T04:58:47.573Z,sell,1.99e-06,7865.0,0.01565135
SNT/BTC,1562821185526,2019-07-11T04:59:45.526Z,sell,1.99e-06,3306.0,0.00657894
SNT/BTC,1562821203916,2019-07-11T05:00:03.916Z,sell,1.99e-06,556.0,0.00110644
SNT/BTC,1562821217643,2019-07-11T05:00:17.643Z,sell,2e-06,16005.0,0.03201
SNT/BTC,1562821218085,2019-07-11T05:00:18.085Z,buy,2.01e-06,17771.0,0.0357197099999999
SNT/BTC,1562821218621,2019-07-11T05:00:18.621Z,sell,2.01e-06,579.0,0.0011637899999999
SNT/BTC,1562821219292,2019-07-11T05:00:19.292Z,sell,2.01e-06,1049.0,0.0021084899999999
SNT/BTC,1562821219388,2019-07-11T05:00:19.388Z,sell,2e-06,476.0,0.0009519999999999
SNT/BTC,1562821221079,2019-07-11T05:00:21.079Z,buy,2.01e-06,15628.0,0.0314122799999999
SNT/BTC,1562821221174,2019-07-11T05:00:21.174Z,sell,2.01e-06,1237.0,0.00248637
SNT/BTC,1562821221359,2019-07-11T05:00:21.359Z,sell,2.01e-06,867.0,0.0017426699999999
SNT/BTC,1562821221376,2019-07-11T05:00:21.376Z,sell,2e-06,867.0,0.0017339999999999
SNT/BTC,1562821221534,2019-07-11T05:00:21.534Z,sell,2e-06,1379.0,0.002758
SNT/BTC,1562821221849,2019-07-11T05:00:21.849Z,sell,2e-06,682.0,0.001364
SNT/BTC,1562821222631,2019-07-11T05:00:22.631Z,sell,2e-06,12006.0,0.024012
SNT/BTC,1562821223590,2019-07-11T05:00:23.590Z,sell,2e-06,11666.0,0.023332
SNT/BTC,1562821278083,2019-07-11T05:01:18.083Z,buy,2.01e-06,579.0,0.0011637899999999
SNT/BTC,1562821355870,2019-07-11T05:02:35.870Z,sell,2e-06,15869.0,0.0317379999999999
SNT/BTC,1562821368815,2019-07-11T05:02:48.815Z,sell,2e-06,504.0,0.001008
SNT/BTC,1562821442092,2019-07-11T05:04:02.092Z,buy,2.01e-06,12457.0,0.0250385699999999
SNT/BTC,1562821444092,2019-07-11T05:04:04.092Z,buy,2.01e-06,6592.0,0.0132499199999999
SNT/BTC,1562821444711,2019-07-11T05:04:04.711Z,sell,2.01e-06,297.0,0.0005969699999999
SNT/BTC,1562821444857,2019-07-11T05:04:04.857Z,sell,2.01e-06,1810.0,0.0036380999999999
SNT/BTC,1562821446092,2019-07-11T05:04:06.092Z,buy,2.01e-06,2677.0,0.0053807699999999
SNT/BTC,1562821448084,2019-07-11T05:04:08.084Z,buy,2.01e-06,1810.0,0.0036380999999999
SNT/BTC,1562821477034,2019-07-11T05:04:37.034Z,sell,2e-06,3258.0,0.006516
SNT/BTC,1562821479035,2019-07-11T05:04:39.035Z,sell,2e-06,3170.0,0.0063399999999999
SNT/BTC,1562821479087,2019-07-11T05:04:39.087Z,buy,2.01e-06,7107.0,0.0142850699999999
SNT/BTC,1562821480928,2019-07-11T05:04:40.928Z,buy,2.02e-06,4400.0,0.008888
SNT/BTC,1562821523756,2019-07-11T05:05:23.756Z,buy,2.02e-06,990.0,0.0019998
SNT/BTC,1562821595836,2019-07-11T05:06:35.836Z,sell,2e-06,1215.0,0.00243
SNT/BTC,1562821691099,2019-07-11T05:08:11.099Z,buy,2.01e-06,2345.0,0.0047134499999999
SNT/BTC,1562821691364,2019-07-11T05:08:11.364Z,buy,2.01e-06,2417.0,0.0048581699999999
SNT/BTC,1562821692255,2019-07-11T05:08:12.255Z,buy,2.01e-06,1082.0,0.0021748199999999
SNT/BTC,1562821692278,2019-07-11T05:08:12.278Z,buy,2.01e-06,103.0,0.0002070299999999
SNT/BTC,1562821729100,2019-07-11T05:08:49.100Z,buy,2.01e-06,1013.0,0.0020361299999999
SNT/BTC,1562821729698,2019-07-11T05:08:49.698Z,sell,2e-06,1005.0,0.00201
SNT/BTC,1562821730454,2019-07-11T05:08:50.454Z,sell,2e-06,2238.0,0.004476
SNT/BTC,1562821731102,2019-07-11T05:08:51.102Z,buy,2.01e-06,4873.0,0.00979473
SNT/BTC,1562821733103,2019-07-11T05:08:53.103Z,buy,2.01e-06,3355.0,0.0067435499999999
SNT/BTC,1562821734064,2019-07-11T05:08:54.064Z,sell,2.01e-06,2838.0,0.0057043799999999
SNT/BTC,1562821734374,2019-07-11T05:08:54.374Z,sell,2.01e-06,2107.0,0.00423507
SNT/BTC,1562821734781,2019-07-11T05:08:54.781Z,buy,2.01e-06,2035.0,0.0040903499999999
SNT/BTC,1562821735100,2019-07-11T05:08:55.100Z,buy,2.01e-06,7167.0,0.0144056699999999
SNT/BTC,1562821736097,2019-07-11T05:08:56.097Z,buy,2.01e-06,4977.0,0.0100037699999999
SNT/BTC,1562821737104,2019-07-11T05:08:57.104Z,buy,2.01e-06,3455.0,0.0069445499999999
SNT/BTC,1562821739103,2019-07-11T05:08:59.103Z,buy,2.01e-06,2379.0,0.0047817899999999
SNT/BTC,1562821741099,2019-07-11T05:09:01.099Z,buy,2.01e-06,1639.0,0.00329439
SNT/BTC,1562821743094,2019-07-11T05:09:03.094Z,buy,2.01e-06,751.0,0.00150951
SNT/BTC,1562821771699,2019-07-11T05:09:31.699Z,sell,2e-06,16177.0,0.032354
SNT/BTC,1562821948202,2019-07-11T05:12:28.202Z,sell,2.01e-06,8342.0,0.0167674199999999
SNT/BTC,1562821948337,2019-07-11T05:12:28.337Z,sell,2.01e-06,7770.0,0.0156176999999999
SNT/BTC,1562821948337,2019-07-11T05:12:28.337Z,sell,2.01e-06,7770.0,0.0156176999999999
SNT/BTC,1562821962168,2019-07-11T05:12:42.168Z,sell,2e-06,8342.0,0.016684
SNT/BTC,1562821980334,2019-07-11T05:13:00.334Z,sell,2e-06,14876.0,0.0297519999999999
SNT/BTC,1562822184483,2019-07-11T05:16:24.483Z,sell,2e-06,6867.0,0.013734
SNT/BTC,1562822187234,2019-07-11T05:16:27.234Z,sell,2e-06,6908.0,0.013816
SNT/BTC,1562822194733,2019-07-11T05:16:34.733Z,sell,2e-06,6622.0,0.0132439999999999
SNT/BTC,1562822196124,2019-07-11T05:16:36.124Z,sell,2e-06,6780.0,0.01356
SNT/BTC,1562822197490,2019-07-11T05:16:37.490Z,sell,2e-06,6646.0,0.013292
SNT/BTC,1562822201661,2019-07-11T05:16:41.661Z,sell,2e-06,6847.0,0.013694
SNT/BTC,1562822210083,2019-07-11T05:16:50.083Z,sell,2e-06,6897.0,0.0137939999999999
SNT/BTC,1562822229022,2019-07-11T05:17:09.022Z,sell,2e-06,6873.0,0.013746
SNT/BTC,1562822230136,2019-07-11T05:17:10.136Z,sell,2e-06,9979.0,0.019958
SNT/BTC,1562822231786,2019-07-11T05:17:11.786Z,sell,2e-06,6724.0,0.013448
SNT/BTC,1562822232120,2019-07-11T05:17:12.120Z,sell,2e-06,9979.0,0.019958
SNT/BTC,1562822233130,2019-07-11T05:17:13.130Z,sell,2e-06,9991.0,0.019982
SNT/BTC,1562822233186,2019-07-11T05:17:13.186Z,sell,2e-06,3013.0,0.006026
SNT/BTC,1562822234112,2019-07-11T05:17:14.112Z,sell,1.99e-06,4990.0,0.0099301
SNT/BTC,1562822240506,2019-07-11T05:17:20.506Z,buy,2e-06,2500.0,0.005
SNT/BTC,1562822240562,2019-07-11T05:17:20.562Z,buy,2e-06,1606.0,0.003212
SNT/BTC,1562822247282,2019-07-11T05:17:27.282Z,buy,2e-06,541.0,0.0010819999999999
SNT/BTC,1562822326389,2019-07-11T05:18:46.389Z,sell,2e-06,3309.0,0.006618
SNT/BTC,1562822326598,2019-07-11T05:18:46.598Z,sell,2e-06,731.0,0.001462
SNT/BTC,1562822327119,2019-07-11T05:18:47.119Z,buy,2e-06,3309.0,0.006618
SNT/BTC,1562822331118,2019-07-11T05:18:51.118Z,buy,2e-06,2259.0,0.0045179999999999
SNT/BTC,1562822331630,2019-07-11T05:18:51.630Z,buy,2.01e-06,2259.0,0.00454059
SNT/BTC,1562822368114,2019-07-11T05:19:28.114Z,buy,2e-06,14000.0,0.0279999999999999
SNT/BTC,1562822629704,2019-07-11T05:23:49.704Z,sell,2e-06,504.0,0.001008
SNT/BTC,1562822630162,2019-07-11T05:23:50.162Z,buy,2e-06,2543.0,0.0050859999999999
SNT/BTC,1562822631162,2019-07-11T05:23:51.162Z,buy,2e-06,216.0,0.000432
SNT/BTC,1562822691112,2019-07-11T05:24:51.112Z,sell,2e-06,10028.0,0.0200559999999999
SNT/BTC,1562822692129,2019-07-11T05:24:52.129Z,sell,2e-06,10028.0,0.0200559999999999
SNT/BTC,1562822693937,2019-07-11T05:24:53.937Z,sell,2e-06,10000.0,0.02
SNT/BTC,1562822700274,2019-07-11T05:25:00.274Z,sell,2e-06,993.0,0.001986
SNT/BTC,1562822752023,2019-07-11T05:25:52.023Z,sell,2e-06,35700.0,0.0713999999999999
SNT/BTC,1562822778438,2019-07-11T05:26:18.438Z,sell,2e-06,2396.0,0.0047919999999999
SNT/BTC,1562822809163,2019-07-11T05:26:49.163Z,buy,2.01e-06,23839.0,0.0479163899999999
SNT/BTC,1562822812171,2019-07-11T05:26:52.171Z,buy,2.01e-06,17583.0,0.03534183
SNT/BTC,1562822998605,2019-07-11T05:29:58.605Z,sell,2e-06,322.0,0.0006439999999999
SNT/BTC,1562823013170,2019-07-11T05:30:13.170Z,buy,2.01e-06,2554.0,0.00513354
SNT/BTC,1562823014177,2019-07-11T05:30:14.177Z,buy,2.01e-06,1773.0,0.0035637299999999
SNT/BTC,1562823031178,2019-07-11T05:30:31.178Z,buy,2.01e-06,1077.0,0.00216477
SNT/BTC,1562823066378,2019-07-11T05:31:06.378Z,buy,2.02e-06,1240.0,0.0025048
SNT/BTC,1562823083776,2019-07-11T05:31:23.776Z,sell,2.01e-06,410.0,0.0008240999999999
SNT/BTC,1562823083799,2019-07-11T05:31:23.799Z,sell,2.01e-06,2835.0,0.00569835
SNT/BTC,1562823083816,2019-07-11T05:31:23.816Z,sell,2.01e-06,577.0,0.0011597699999999
SNT/BTC,1562823083846,2019-07-11T05:31:23.846Z,sell,2.01e-06,1178.0,0.00236778
SNT/BTC,1562823084180,2019-07-11T05:31:24.180Z,buy,2.01e-06,1026.0,0.00206226
SNT/BTC,1562823148176,2019-07-11T05:32:28.176Z,buy,2.01e-06,3192.0,0.0064159199999999
SNT/BTC,1562823149177,2019-07-11T05:32:29.177Z,buy,2.01e-06,2216.0,0.0044541599999999
SNT/BTC,1562823153178,2019-07-11T05:32:33.178Z,buy,2.01e-06,1501.0,0.0030170099999999
SNT/BTC,1562823208122,2019-07-11T05:33:28.122Z,sell,2e-06,9987.0,0.019974
SNT/BTC,1562823210135,2019-07-11T05:33:30.135Z,sell,2e-06,4076.0,0.008152
SNT/BTC,1562823271481,2019-07-11T05:34:31.481Z,sell,2e-06,3262.0,0.0065239999999999
SNT/BTC,1562823271499,2019-07-11T05:34:31.499Z,buy,2.01e-06,3154.0,0.0063395399999999
SNT/BTC,1562823272412,2019-07-11T05:34:32.412Z,sell,2e-06,3176.0,0.006352
SNT/BTC,1562823273132,2019-07-11T05:34:33.132Z,sell,2e-06,3176.0,0.006352
SNT/BTC,1562823324204,2019-07-11T05:35:24.204Z,sell,2e-06,5014.0,0.0100279999999999
SNT/BTC,1562823326128,2019-07-11T05:35:26.128Z,sell,2e-06,1503.0,0.003006
SNT/BTC,1562823405120,2019-07-11T05:36:45.120Z,sell,2e-06,1745.0,0.00349
SNT/BTC,1562823405145,2019-07-11T05:36:45.145Z,buy,2.01e-06,3078.0,0.0061867799999999
SNT/BTC,1562823440838,2019-07-11T05:37:20.838Z,sell,2e-06,3128.0,0.0062559999999999
SNT/BTC,1562823931248,2019-07-11T05:45:31.248Z,buy,2.01e-06,52.0,0.00010452
SNT/BTC,1562823976848,2019-07-11T05:46:16.848Z,buy,2.01e-06,131.0,0.00026331
SNT/BTC,1562824033298,2019-07-11T05:47:13.298Z,sell,2.01e-06,1348.0,0.00270948
SNT/BTC,1562824034212,2019-07-11T05:47:14.212Z,buy,2.01e-06,4726.0,0.0094992599999999
SNT/BTC,1562824034776,2019-07-11T05:47:14.776Z,buy,2.01e-06,1040.0,0.0020903999999999
SNT/BTC,1562824113219,2019-07-11T05:48:33.219Z,buy,2.02e-06,2280.0,0.0046056
SNT/BTC,1562824115216,2019-07-11T05:48:35.216Z,buy,2.02e-06,1924.0,0.00388648
SNT/BTC,1562824116219,2019-07-11T05:48:36.219Z,buy,2.02e-06,1335.0,0.0026967
SNT/BTC,1562824117228,2019-07-11T05:48:37.228Z,buy,2.02e-06,927.0,0.00187254
SNT/BTC,1562824119215,2019-07-11T05:48:39.215Z,buy,2.02e-06,639.0,0.00129078
SNT/BTC,1562824163851,2019-07-11T05:49:23.851Z,buy,2.02e-06,24752.0,0.04999904
SNT/BTC,1562824163880,2019-07-11T05:49:23.880Z,buy,2.02e-06,10930.0,0.0220786
SNT/BTC,1562824166219,2019-07-11T05:49:26.219Z,buy,2.02e-06,9493.0,0.01917586
SNT/BTC,1562824180774,2019-07-11T05:49:40.774Z,sell,2.02e-06,282.0,0.00056964
SNT/BTC,1562824181284,2019-07-11T05:49:41.284Z,sell,2.02e-06,600.0,0.001212
SNT/BTC,1562824197515,2019-07-11T05:49:57.515Z,sell,2.02e-06,600.0,0.001212
SNT/BTC,1562824220091,2019-07-11T05:50:20.091Z,sell,2.02e-06,6285.0,0.0126957
SNT/BTC,1562824227944,2019-07-11T05:50:27.944Z,sell,2.02e-06,5336.0,0.01077872
SNT/BTC,1562824391704,2019-07-11T05:53:11.704Z,sell,2.02e-06,15499.0,0.03130798
SNT/BTC,1562824441828,2019-07-11T05:54:01.828Z,sell,2.02e-06,8804.0,0.01778408
SNT/BTC,1562824620748,2019-07-11T05:57:00.748Z,sell,2.01e-06,164.0,0.0003296399999999
SNT/BTC,1562824768363,2019-07-11T05:59:28.363Z,sell,2.01e-06,13576.0,0.0272877599999999
SNT/BTC,1562824772236,2019-07-11T05:59:32.236Z,buy,2.01e-06,1815.0,0.0036481499999999
SNT/BTC,1562824845249,2019-07-11T06:00:45.249Z,buy,2.01e-06,1852.0,0.0037225199999999
SNT/BTC,1562824884517,2019-07-11T06:01:24.517Z,sell,2e-06,156.0,0.000312
SNT/BTC,1562824951631,2019-07-11T06:02:31.631Z,buy,2.01e-06,59.0,0.0001185899999999
SNT/BTC,1562825099255,2019-07-11T06:04:59.255Z,buy,2.01e-06,599.0,0.0012039899999999
SNT/BTC,1562825245462,2019-07-11T06:07:25.462Z,sell,2.01e-06,2792.0,0.0056119199999999
SNT/BTC,1562825246257,2019-07-11T06:07:26.257Z,buy,2.01e-06,2065.0,0.00415065
SNT/BTC,1562825248264,2019-07-11T06:07:28.264Z,buy,2.01e-06,1421.0,0.0028562099999999
SNT/BTC,1562825248851,2019-07-11T06:07:28.851Z,buy,2.01e-06,2265.0,0.0045526499999999
SNT/BTC,1562825249267,2019-07-11T06:07:29.267Z,buy,2.01e-06,2567.0,0.00515967
SNT/BTC,1562825251261,2019-07-11T06:07:31.261Z,buy,2.01e-06,1768.0,0.0035536799999999
SNT/BTC,1562825252256,2019-07-11T06:07:32.256Z,buy,2.01e-06,1228.0,0.0024682799999999
SNT/BTC,1562825253267,2019-07-11T06:07:33.267Z,buy,2.01e-06,852.0,0.00171252
SNT/BTC,1562825257262,2019-07-11T06:07:37.262Z,buy,2.01e-06,577.0,0.0011597699999999
SNT/BTC,1562825275967,2019-07-11T06:07:55.967Z,buy,2.01e-06,16015.0,0.0321901499999999
SNT/BTC,1562825275985,2019-07-11T06:07:55.985Z,buy,2.01e-06,156.0,0.0003135599999999
SNT/BTC,1562825298529,2019-07-11T06:08:18.529Z,sell,2.01e-06,2096.0,0.00421296
SNT/BTC,1562825298529,2019-07-11T06:08:18.529Z,sell,2e-06,24504.0,0.0490079999999999
SNT/BTC,1562825298898,2019-07-11T06:08:18.898Z,sell,2e-06,11370.0,0.02274
SNT/BTC,1562825299262,2019-07-11T06:08:19.262Z,buy,2.01e-06,2096.0,0.00421296
SNT/BTC,1562825303685,2019-07-11T06:08:23.685Z,sell,2.01e-06,1544.0,0.00310344
SNT/BTC,1562825303725,2019-07-11T06:08:23.725Z,sell,2.01e-06,300.0,0.0006029999999999
SNT/BTC,1562825334592,2019-07-11T06:08:54.592Z,buy,2.02e-06,1657.0,0.00334714
SNT/BTC,1562825374274,2019-07-11T06:09:34.274Z,buy,2.01e-06,2792.0,0.0056119199999999
SNT/BTC,1562825378264,2019-07-11T06:09:38.264Z,buy,2.01e-06,2488.0,0.0050008799999999
SNT/BTC,1562825457274,2019-07-11T06:10:57.274Z,buy,2.01e-06,9431.0,0.0189563099999999
SNT/BTC,1562825458281,2019-07-11T06:10:58.281Z,buy,2.01e-06,6548.0,0.0131614799999999
SNT/BTC,1562825460278,2019-07-11T06:11:00.278Z,buy,2.01e-06,4509.0,0.00906309
SNT/BTC,1562825461287,2019-07-11T06:11:01.287Z,buy,2.01e-06,3131.0,0.0062933099999999
SNT/BTC,1562825463278,2019-07-11T06:11:03.278Z,buy,2.01e-06,2156.0,0.0043335599999999
SNT/BTC,1562825465276,2019-07-11T06:11:05.276Z,buy,2.01e-06,1484.0,0.0029828399999999
SNT/BTC,1562825466274,2019-07-11T06:11:06.274Z,buy,2.01e-06,1031.0,0.00207231
SNT/BTC,1562825471272,2019-07-11T06:11:11.272Z,buy,2.01e-06,692.0,0.00139092
SNT/BTC,1562825506071,2019-07-11T06:11:46.071Z,sell,2e-06,99.0,0.000198
SNT/BTC,1562825506071,2019-07-11T06:11:46.071Z,sell,2e-06,99.0,0.000198
SNT/BTC,1562826019771,2019-07-11T06:20:19.771Z,sell,2e-06,74253.0,0.148506
SNT/BTC,1562826040181,2019-07-11T06:20:40.181Z,sell,2e-06,14977.0,0.0299539999999999
SNT/BTC,1562826042574,2019-07-11T06:20:42.574Z,sell,2e-06,62.0,0.000124
SNT/BTC,1562826246654,2019-07-11T06:24:06.654Z,buy,2.01e-06,1844.0,0.0037064399999999
SNT/BTC,1562826536394,2019-07-11T06:28:56.394Z,sell,2e-06,1483.0,0.002966
SNT/BTC,1562826572067,2019-07-11T06:29:32.067Z,buy,2.01e-06,1217.0,0.0024461699999999
SNT/BTC,1562826607190,2019-07-11T06:30:07.190Z,buy,2.01e-06,1246.0,0.0025044599999999
SNT/BTC,1562826627345,2019-07-11T06:30:27.345Z,buy,2.01e-06,2223.0,0.0044682299999999
SNT/BTC,1562826643246,2019-07-11T06:30:43.246Z,buy,2.01e-06,8715.0,0.01751715
SNT/BTC,1562826933649,2019-07-11T06:35:33.649Z,sell,2e-06,1106.0,0.002212
SNT/BTC,1562826946268,2019-07-11T06:35:46.268Z,buy,2.02e-06,4310.0,0.0087062
SNT/BTC,1562827239561,2019-07-11T06:40:39.561Z,sell,2.01e-06,1342.0,0.00269742
SNT/BTC,1562827593867,2019-07-11T06:46:33.867Z,buy,2.02e-06,8631.0,0.01743462
SNT/BTC,1562827647142,2019-07-11T06:47:27.142Z,sell,2.01e-06,1875.0,0.0037687499999999
SNT/BTC,1562827666998,2019-07-11T06:47:46.998Z,sell,2e-06,501.0,0.0010019999999999
SNT/BTC,1562827677702,2019-07-11T06:47:57.702Z,buy,2.02e-06,577.0,0.00116554
SNT/BTC,1562827736825,2019-07-11T06:48:56.825Z,sell,2e-06,5471.0,0.010942
SNT/BTC,1562827876623,2019-07-11T06:51:16.623Z,sell,2e-06,5800.0,0.0116
SNT/BTC,1562827904768,2019-07-11T06:51:44.768Z,sell,2e-06,50000.0,0.0999999999999999
SNT/BTC,1562827906421,2019-07-11T06:51:46.421Z,buy,2.01e-06,2085.0,0.0041908499999999
SNT/BTC,1562827909507,2019-07-11T06:51:49.507Z,buy,2.01e-06,3123.0,0.0062772299999999
SNT/BTC,1562827909532,2019-07-11T06:51:49.532Z,buy,2.01e-06,8246.0,0.01657446
SNT/BTC,1562827936700,2019-07-11T06:52:16.700Z,sell,2e-06,15005.0,0.03001
SNT/BTC,1562827943754,2019-07-11T06:52:23.754Z,buy,2.02e-06,2118.0,0.00427836
SNT/BTC,1562827961234,2019-07-11T06:52:41.234Z,buy,2.02e-06,12113.0,0.02446826
SNT/BTC,1562827992407,2019-07-11T06:53:12.407Z,sell,2.01e-06,3393.0,0.0068199299999999
SNT/BTC,1562828147060,2019-07-11T06:55:47.060Z,sell,2.01e-06,9117.0,0.01832517
SNT/BTC,1562828161427,2019-07-11T06:56:01.427Z,buy,2.01e-06,2074.0,0.00416874
SNT/BTC,1562828241560,2019-07-11T06:57:21.560Z,buy,2.01e-06,497.0,0.0009989699999999
SNT/BTC,1562828284736,2019-07-11T06:58:04.736Z,buy,2.01e-06,1872.0,0.0037627199999999
SNT/BTC,1562828298163,2019-07-11T06:58:18.163Z,buy,2.01e-06,122.0,0.00024522
SNT/BTC,1562828305402,2019-07-11T06:58:25.402Z,sell,2e-06,226.0,0.000452
SNT/BTC,1562828394657,2019-07-11T06:59:54.657Z,sell,2e-06,9340.0,0.01868
SNT/BTC,1562828410424,2019-07-11T07:00:10.424Z,buy,2e-06,1111.0,0.002222
SNT/BTC,1562828410744,2019-07-11T07:00:10.744Z,buy,2e-06,968.0,0.001936
SNT/BTC,1562828418439,2019-07-11T07:00:18.439Z,buy,2.01e-06,600.0,0.0012059999999999
SNT/BTC,1562828448324,2019-07-11T07:00:48.324Z,sell,2e-06,1058.0,0.002116
SNT/BTC,1562828499975,2019-07-11T07:01:39.975Z,sell,2e-06,59.0,0.000118
SNT/BTC,1562828544445,2019-07-11T07:02:24.445Z,buy,2.01e-06,3634.0,0.0073043399999999
SNT/BTC,1562828680463,2019-07-11T07:04:40.463Z,buy,2.01e-06,819.0,0.0016461899999999
SNT/BTC,1562828681457,2019-07-11T07:04:41.457Z,buy,2.01e-06,568.0,0.00114168
SNT/BTC,1562828782491,2019-07-11T07:06:22.491Z,buy,2.01e-06,98.0,0.0001969799999999
SNT/BTC,1562828782491,2019-07-11T07:06:22.491Z,buy,2.02e-06,2365.0,0.0047773
SNT/BTC,1562828803930,2019-07-11T07:06:43.930Z,buy,2.02e-06,7349.0,0.01484498
SNT/BTC,1562828803937,2019-07-11T07:06:43.937Z,buy,2.02e-06,544.0,0.00109888
SNT/BTC,1562828854434,2019-07-11T07:07:34.434Z,sell,2e-06,12044.0,0.024088
SNT/BTC,1562828854461,2019-07-11T07:07:34.461Z,buy,2e-06,7732.0,0.0154639999999999
SNT/BTC,1562828863459,2019-07-11T07:07:43.459Z,buy,2.01e-06,2073.0,0.0041667299999999
SNT/BTC,1562828949596,2019-07-11T07:09:09.596Z,buy,2.02e-06,700.0,0.001414
SNT/BTC,1562829022721,2019-07-11T07:10:22.721Z,sell,2e-06,2579.0,0.0051579999999999
SNT/BTC,1562829022721,2019-07-11T07:10:22.721Z,sell,2e-06,2579.0,0.0051579999999999
SNT/BTC,1562829107382,2019-07-11T07:11:47.382Z,buy,2.01e-06,5831.0,0.01172031
SNT/BTC,1562829119478,2019-07-11T07:11:59.478Z,buy,2e-06,5727.0,0.0114539999999999
SNT/BTC,1562829120473,2019-07-11T07:12:00.473Z,buy,2e-06,3976.0,0.0079519999999999
SNT/BTC,1562829121474,2019-07-11T07:12:01.474Z,buy,2e-06,2761.0,0.005522
SNT/BTC,1562829122483,2019-07-11T07:12:02.483Z,buy,2e-06,1917.0,0.0038339999999999
SNT/BTC,1562829125477,2019-07-11T07:12:05.477Z,buy,2e-06,1309.0,0.0026179999999999
SNT/BTC,1562829133476,2019-07-11T07:12:13.476Z,buy,2e-06,857.0,0.001714
SNT/BTC,1562829134477,2019-07-11T07:12:14.477Z,buy,2e-06,595.0,0.0011899999999999
SNT/BTC,1562829375221,2019-07-11T07:16:15.221Z,sell,2e-06,814.0,0.0016279999999999
SNT/BTC,1562829781691,2019-07-11T07:23:01.691Z,buy,2.01e-06,25451.0,0.0511565099999999
SNT/BTC,1562830091117,2019-07-11T07:28:11.117Z,sell,2.01e-06,9950.0,0.0199994999999999
SNT/BTC,1562830146045,2019-07-11T07:29:06.045Z,sell,2.01e-06,29525.0,0.0593452499999999
SNT/BTC,1562830205875,2019-07-11T07:30:05.875Z,buy,2.01e-06,2072.0,0.0041647199999999
SNT/BTC,1562830205875,2019-07-11T07:30:05.875Z,buy,2.02e-06,67194.0,0.13573188
SNT/BTC,1562830209283,2019-07-11T07:30:09.283Z,sell,2e-06,77.0,0.000154
SNT/BTC,1562830216910,2019-07-11T07:30:16.910Z,buy,2.02e-06,51957.0,0.10495314
SNT/BTC,1562830222627,2019-07-11T07:30:22.627Z,buy,2.03e-06,18728.0,0.03801784
SNT/BTC,1562830232519,2019-07-11T07:30:32.519Z,buy,2.01e-06,439.0,0.0008823899999999
SNT/BTC,1562830314319,2019-07-11T07:31:54.319Z,sell,2e-06,74975.0,0.14995
SNT/BTC,1562830460965,2019-07-11T07:34:20.965Z,sell,2e-06,4999.0,0.009998
SNT/BTC,1562830766147,2019-07-11T07:39:26.147Z,buy,2.01e-06,2534.0,0.0050933399999999
SNT/BTC,1562830793445,2019-07-11T07:39:53.445Z,buy,2.02e-06,18200.0,0.036764
SNT/BTC,1562830793855,2019-07-11T07:39:53.855Z,buy,2.03e-06,2500.0,0.005075
SNT/BTC,1562830795662,2019-07-11T07:39:55.662Z,buy,2.03e-06,2500.0,0.005075
SNT/BTC,1562830797483,2019-07-11T07:39:57.483Z,buy,2.03e-06,2500.0,0.005075
SNT/BTC,1562830921351,2019-07-11T07:42:01.351Z,sell,2.01e-06,204.0,0.0004100399999999
SNT/BTC,1562831134195,2019-07-11T07:45:34.195Z,buy,2.03e-06,1477.0,0.00299831
SNT/BTC,1562831297172,2019-07-11T07:48:17.172Z,buy,2.03e-06,1000.0,0.00203
SNT/BTC,1562831335240,2019-07-11T07:48:55.240Z,sell,2.03e-06,1449.0,0.00294147
SNT/BTC,1562831335268,2019-07-11T07:48:55.268Z,sell,2.03e-06,527.0,0.00106981
SNT/BTC,1562831335540,2019-07-11T07:48:55.540Z,sell,2.03e-06,1324.0,0.00268772
SNT/BTC,1562831552944,2019-07-11T07:52:32.944Z,sell,2.02e-06,1350.0,0.002727
SNT/BTC,1562831571119,2019-07-11T07:52:51.119Z,sell,2.02e-06,1342.0,0.00271084
SNT/BTC,1562831593139,2019-07-11T07:53:13.139Z,sell,2.02e-06,523.0,0.00105646
SNT/BTC,1562831593797,2019-07-11T07:53:13.797Z,sell,2.02e-06,21545.0,0.0435209
SNT/BTC,1562831608128,2019-07-11T07:53:28.128Z,sell,2.02e-06,1406.0,0.00284012
SNT/BTC,1562831609562,2019-07-11T07:53:29.562Z,sell,2.02e-06,15555.0,0.0314211
SNT/BTC,1562831624696,2019-07-11T07:53:44.696Z,sell,2.02e-06,1359.0,0.00274518
SNT/BTC,1562831628908,2019-07-11T07:53:48.908Z,sell,2.02e-06,600.0,0.001212
SNT/BTC,1562831629787,2019-07-11T07:53:49.787Z,sell,2.02e-06,827.0,0.00167054
SNT/BTC,1562831630318,2019-07-11T07:53:50.318Z,sell,2.02e-06,600.0,0.001212
SNT/BTC,1562831659820,2019-07-11T07:54:19.820Z,sell,2.02e-06,257.0,0.00051914
SNT/BTC,1562831702863,2019-07-11T07:55:02.863Z,sell,2.02e-06,1593.0,0.00321786
SNT/BTC,1562831704272,2019-07-11T07:55:04.272Z,sell,2.02e-06,825.0,0.0016665
SNT/BTC,1562831859063,2019-07-11T07:57:39.063Z,sell,2.02e-06,755.0,0.0015251
SNT/BTC,1562831859624,2019-07-11T07:57:39.624Z,sell,2.02e-06,587.0,0.00118574
SNT/BTC,1562831859964,2019-07-11T07:57:39.964Z,sell,2.02e-06,1631.0,0.00329462
SNT/BTC,1562831862046,2019-07-11T07:57:42.046Z,sell,2.02e-06,1620.0,0.0032724
SNT/BTC,1562832084949,2019-07-11T08:01:24.949Z,sell,2.01e-06,5890.0,0.0118389
SNT/BTC,1562832110611,2019-07-11T08:01:50.611Z,sell,2.01e-06,5890.0,0.0118389
SNT/BTC,1562832203043,2019-07-11T08:03:23.043Z,sell,2.01e-06,3789.0,0.0076158899999999
SNT/BTC,1562832203043,2019-07-11T08:03:23.043Z,sell,2.01e-06,3789.0,0.0076158899999999
SNT/BTC,1562833354192,2019-07-11T08:22:34.192Z,buy,2.02e-06,2302.0,0.00465004
SNT/BTC,1562833363353,2019-07-11T08:22:43.353Z,buy,2.02e-06,1000.0,0.00202
SNT/BTC,1562833722614,2019-07-11T08:28:42.614Z,buy,2.02e-06,589.0,0.00118978
SNT/BTC,1562833791589,2019-07-11T08:29:51.589Z,buy,2.02e-06,1479.0,0.00298758
SNT/BTC,1562834126679,2019-07-11T08:35:26.679Z,sell,2.03e-06,4998.0,0.01014594
SNT/BTC,1562834157460,2019-07-11T08:35:57.460Z,buy,2.04e-06,50.0,0.000102
SNT/BTC,1562834254411,2019-07-11T08:37:34.411Z,buy,2.04e-06,2128.0,0.0043411199999999
SNT/BTC,1562834285632,2019-07-11T08:38:05.632Z,buy,2.04e-06,11580.0,0.0236232
SNT/BTC,1562834440383,2019-07-11T08:40:40.383Z,buy,2.04e-06,27080.0,0.0552432
SNT/BTC,1562834499370,2019-07-11T08:41:39.370Z,sell,2.03e-06,597.0,0.00121191
SNT/BTC,1562834500694,2019-07-11T08:41:40.694Z,sell,2.03e-06,1136.0,0.00230608
SNT/BTC,1562834500948,2019-07-11T08:41:40.948Z,sell,2.03e-06,390.0,0.0007917
SNT/BTC,1562834501824,2019-07-11T08:41:41.824Z,sell,2.03e-06,1353.0,0.00274659
SNT/BTC,1562834501850,2019-07-11T08:41:41.850Z,sell,2.03e-06,457.0,0.00092771
SNT/BTC,1562834501955,2019-07-11T08:41:41.955Z,sell,2.03e-06,679.0,0.00137837
SNT/BTC,1562834502173,2019-07-11T08:41:42.173Z,sell,2.03e-06,888.0,0.00180264
SNT/BTC,1562834502498,2019-07-11T08:41:42.498Z,sell,2.03e-06,3586.0,0.00727958
SNT/BTC,1562834502727,2019-07-11T08:41:42.727Z,sell,2.03e-06,2071.0,0.00420413
SNT/BTC,1562834502846,2019-07-11T08:41:42.846Z,sell,2.03e-06,482.0,0.00097846
SNT/BTC,1562834503242,2019-07-11T08:41:43.242Z,sell,2.03e-06,738.0,0.00149814
SNT/BTC,1562834503429,2019-07-11T08:41:43.429Z,sell,2.03e-06,1353.0,0.00274659
SNT/BTC,1562834505003,2019-07-11T08:41:45.003Z,sell,2.03e-06,606.0,0.00123018
SNT/BTC,1562834505444,2019-07-11T08:41:45.444Z,sell,2.03e-06,1103.0,0.00223909
SNT/BTC,1562834505479,2019-07-11T08:41:45.479Z,sell,2.03e-06,384.0,0.00077952
SNT/BTC,1562834506438,2019-07-11T08:41:46.438Z,sell,2.03e-06,930.0,0.0018879
SNT/BTC,1562834584902,2019-07-11T08:43:04.902Z,sell,2.03e-06,124.0,0.00025172
SNT/BTC,1562834624085,2019-07-11T08:43:44.085Z,sell,2.03e-06,19950.0,0.0404985
SNT/BTC,1562834781891,2019-07-11T08:46:21.891Z,sell,2.03e-06,33950.0,0.0689185
SNT/BTC,1562834910718,2019-07-11T08:48:30.718Z,sell,2.02e-06,500.0,0.00101
SNT/BTC,1562834914897,2019-07-11T08:48:34.897Z,buy,2.04e-06,1470.0,0.0029988
SNT/BTC,1562835251633,2019-07-11T08:54:11.633Z,sell,2.03e-06,768.0,0.00155904
SNT/BTC,1562835308082,2019-07-11T08:55:08.082Z,sell,2.02e-06,6976.0,0.01409152
SNT/BTC,1562835603204,2019-07-11T09:00:03.204Z,sell,2.02e-06,2949.0,0.00595698
SNT/BTC,1562835605958,2019-07-11T09:00:05.958Z,buy,2.02e-06,2500.0,0.00505
SNT/BTC,1562835606844,2019-07-11T09:00:06.844Z,buy,2.02e-06,12954.0,0.02616708
SNT/BTC,1562835607608,2019-07-11T09:00:07.608Z,buy,2.02e-06,2500.0,0.00505
SNT/BTC,1562835607629,2019-07-11T09:00:07.629Z,buy,2.02e-06,14941.0,0.03018082
SNT/BTC,1562835608839,2019-07-11T09:00:08.839Z,buy,2.02e-06,10355.0,0.0209171
SNT/BTC,1562835609310,2019-07-11T09:00:09.310Z,buy,2.02e-06,2500.0,0.00505
SNT/BTC,1562835610836,2019-07-11T09:00:10.836Z,buy,2.02e-06,2500.0,0.00505
SNT/BTC,1562835610847,2019-07-11T09:00:10.847Z,buy,2.02e-06,8859.0,0.01789518
SNT/BTC,1562835611853,2019-07-11T09:00:11.853Z,buy,2.02e-06,7887.0,0.01593174
SNT/BTC,1562835612408,2019-07-11T09:00:12.408Z,buy,2.02e-06,2500.0,0.00505
SNT/BTC,1562835613846,2019-07-11T09:00:13.846Z,buy,2.02e-06,7160.0,0.0144632
SNT/BTC,1562835614442,2019-07-11T09:00:14.442Z,buy,2.02e-06,2500.0,0.00505
SNT/BTC,1562835616059,2019-07-11T09:00:16.059Z,buy,2.02e-06,79327.0,0.16024054
SNT/BTC,1562835616096,2019-07-11T09:00:16.096Z,buy,2.03e-06,596.0,0.00120988
SNT/BTC,1562835616096,2019-07-11T09:00:16.096Z,buy,2.04e-06,1904.0,0.0038841599999999
SNT/BTC,1562835616096,2019-07-11T09:00:16.096Z,buy,2.03e-06,596.0,0.00120988
SNT/BTC,1562835616096,2019-07-11T09:00:16.096Z,buy,2.04e-06,1904.0,0.0038841599999999
SNT/BTC,1562835935459,2019-07-11T09:05:35.459Z,sell,2.01e-06,38711.0,0.0778091099999999
SNT/BTC,1562835949180,2019-07-11T09:05:49.180Z,buy,2.02e-06,4117.0,0.00831634
SNT/BTC,1562835994406,2019-07-11T09:06:34.406Z,sell,2.01e-06,7715.0,0.0155071499999999
SNT/BTC,1562835994406,2019-07-11T09:06:34.406Z,sell,2e-06,86234.0,0.1724679999999999
SNT/BTC,1562835998440,2019-07-11T09:06:38.440Z,buy,2.02e-06,1397.0,0.00282194
SNT/BTC,1562836003852,2019-07-11T09:06:43.852Z,buy,2.02e-06,2341.0,0.00472882
SNT/BTC,1562836058456,2019-07-11T09:07:38.456Z,buy,2.02e-06,18158.0,0.03667916
SNT/BTC,1562836060640,2019-07-11T09:07:40.640Z,buy,2.02e-06,2500.0,0.00505
SNT/BTC,1562836060865,2019-07-11T09:07:40.865Z,buy,2.02e-06,2301.0,0.00464802
SNT/BTC,1562836062112,2019-07-11T09:07:42.112Z,buy,2.03e-06,2500.0,0.005075
SNT/BTC,1562836063886,2019-07-11T09:07:43.886Z,buy,2.03e-06,2500.0,0.005075
SNT/BTC,1562836069872,2019-07-11T09:07:49.872Z,buy,2.02e-06,2436.0,0.00492072
SNT/BTC,1562836129404,2019-07-11T09:08:49.404Z,buy,2.02e-06,2332.0,0.00471064
SNT/BTC,1562836200068,2019-07-11T09:10:00.068Z,sell,2.01e-06,3684.0,0.0074048399999999
SNT/BTC,1562836245128,2019-07-11T09:10:45.128Z,sell,2.01e-06,3680.0,0.0073967999999999
SNT/BTC,1562836536579,2019-07-11T09:15:36.579Z,sell,2.01e-06,250.0,0.0005024999999999
SNT/BTC,1562836802918,2019-07-11T09:20:02.918Z,sell,2.01e-06,358.0,0.0007195799999999
SNT/BTC,1562836908338,2019-07-11T09:21:48.338Z,buy,2.03e-06,169.0,0.00034307
SNT/BTC,1562837201005,2019-07-11T09:26:41.005Z,sell,2.01e-06,8852.0,0.01779252
SNT/BTC,1562837201677,2019-07-11T09:26:41.677Z,buy,2.02e-06,2073.0,0.00418746
SNT/BTC,1562837557166,2019-07-11T09:32:37.166Z,buy,2.03e-06,9188.0,0.01865164
SNT/BTC,1562837587207,2019-07-11T09:33:07.207Z,sell,2.02e-06,3078.0,0.00621756
SNT/BTC,1562837587909,2019-07-11T09:33:07.909Z,buy,2.02e-06,478.0,0.00096556
SNT/BTC,1562837588024,2019-07-11T09:33:08.024Z,buy,2.02e-06,424.0,0.00085648
SNT/BTC,1562837602412,2019-07-11T09:33:22.412Z,buy,2.03e-06,3770.0,0.0076531
SNT/BTC,1562837643654,2019-07-11T09:34:03.654Z,buy,2.02e-06,600.0,0.001212
SNT/BTC,1562837646091,2019-07-11T09:34:06.091Z,buy,2.02e-06,397.0,0.00080194
SNT/BTC,1562837704304,2019-07-11T09:35:04.304Z,buy,2.03e-06,28133.0,0.05710999
SNT/BTC,1562838345742,2019-07-11T09:45:45.742Z,sell,2.01e-06,6918.0,0.0139051799999999
SNT/BTC,1562838432023,2019-07-11T09:47:12.023Z,buy,2.02e-06,17500.0,0.03535
SNT/BTC,1562838436622,2019-07-11T09:47:16.622Z,buy,2.02e-06,41300.0,0.083426
SNT/BTC,1562838436646,2019-07-11T09:47:16.646Z,buy,2.02e-06,313.0,0.00063226
SNT/BTC,1562838538780,2019-07-11T09:48:58.780Z,buy,2.03e-06,27546.0,0.05591838
SNT/BTC,1562838541509,2019-07-11T09:49:01.509Z,buy,2.03e-06,9182.0,0.01863946
SNT/BTC,1562838651291,2019-07-11T09:50:51.291Z,sell,2.01e-06,7723.0,0.0155232299999999
SNT/BTC,1562838656532,2019-07-11T09:50:56.532Z,sell,2.01e-06,13955.0,0.0280495499999999
SNT/BTC,1562838791506,2019-07-11T09:53:11.506Z,sell,2.01e-06,79005.0,0.15880005
SNT/BTC,1562838836600,2019-07-11T09:53:56.600Z,sell,2.01e-06,13953.0,0.02804553
SNT/BTC,1562838886046,2019-07-11T09:54:46.046Z,buy,2.01e-06,871.0,0.00175071
SNT/BTC,1562838912046,2019-07-11T09:55:12.046Z,buy,2.01e-06,1301.0,0.0026150099999999
SNT/BTC,1562838913040,2019-07-11T09:55:13.040Z,buy,2.01e-06,11087.0,0.02228487
SNT/BTC,1562838977046,2019-07-11T09:56:17.046Z,buy,2.01e-06,1145.0,0.0023014499999999
SNT/BTC,1562839095872,2019-07-11T09:58:15.872Z,buy,2.01e-06,3237.0,0.0065063699999999
SNT/BTC,1562839096743,2019-07-11T09:58:16.743Z,buy,2.01e-06,3237.0,0.0065063699999999
SNT/BTC,1562839141061,2019-07-11T09:59:01.061Z,buy,2.01e-06,6973.0,0.0140157299999999
SNT/BTC,1562839168326,2019-07-11T09:59:28.326Z,sell,2e-06,7030.0,0.01406
SNT/BTC,1562839179268,2019-07-11T09:59:39.268Z,buy,2.01e-06,56.0,0.0001125599999999
SNT/BTC,1562839179268,2019-07-11T09:59:39.268Z,buy,2.01e-06,56.0,0.0001125599999999
SNT/BTC,1562839361329,2019-07-11T10:02:41.329Z,sell,2.01e-06,21733.0,0.04368333
SNT/BTC,1562839371534,2019-07-11T10:02:51.534Z,sell,2e-06,60561.0,0.121122
SNT/BTC,1562839519090,2019-07-11T10:05:19.090Z,buy,2.01e-06,3694.0,0.00742494
SNT/BTC,1562839520091,2019-07-11T10:05:20.091Z,buy,2.01e-06,6565.0,0.0131956499999999
SNT/BTC,1562839554089,2019-07-11T10:05:54.089Z,buy,2.01e-06,1411.0,0.0028361099999999
SNT/BTC,1562839683356,2019-07-11T10:08:03.356Z,sell,2.01e-06,29021.0,0.0583322099999999
SNT/BTC,1562839848770,2019-07-11T10:10:48.770Z,buy,2.01e-06,8478.0,0.01704078
SNT/BTC,1562839849071,2019-07-11T10:10:49.071Z,sell,2.01e-06,864.0,0.0017366399999999
SNT/BTC,1562839878950,2019-07-11T10:11:18.950Z,sell,2.01e-06,964.0,0.0019376399999999
SNT/BTC,1562839878950,2019-07-11T10:11:18.950Z,sell,2e-06,120865.0,0.24173
SNT/BTC,1562840135947,2019-07-11T10:15:35.947Z,sell,2e-06,1566.0,0.003132
SNT/BTC,1562840476009,2019-07-11T10:21:16.009Z,buy,2.02e-06,11885.0,0.0240077
SNT/BTC,1562840476015,2019-07-11T10:21:16.015Z,buy,2.02e-06,4112.0,0.00830624
SNT/BTC,1562840477320,2019-07-11T10:21:17.320Z,sell,2.02e-06,1.0,2.02e-06
SNT/BTC,1562840488317,2019-07-11T10:21:28.317Z,buy,2.02e-06,567.0,0.00114534
SNT/BTC,1562840488317,2019-07-11T10:21:28.317Z,buy,2.03e-06,33041.0,0.06707323
SNT/BTC,1562840579442,2019-07-11T10:22:59.442Z,sell,2.01e-06,32062.0,0.06444462
SNT/BTC,1562840918601,2019-07-11T10:28:38.601Z,buy,2.02e-06,3176.0,0.00641552
SNT/BTC,1562841264333,2019-07-11T10:34:24.333Z,buy,2.02e-06,1115.0,0.0022523
SNT/BTC,1562841476196,2019-07-11T10:37:56.196Z,sell,2.01e-06,1125.0,0.00226125
SNT/BTC,1562841476464,2019-07-11T10:37:56.464Z,sell,2.01e-06,3.0,6.03e-06
SNT/BTC,1562841476464,2019-07-11T10:37:56.464Z,sell,2e-06,1125.0,0.00225
SNT/BTC,1562841491399,2019-07-11T10:38:11.399Z,sell,2e-06,8731.0,0.017462
SNT/BTC,1562841500027,2019-07-11T10:38:20.027Z,sell,2.01e-06,9950.0,0.0199994999999999
SNT/BTC,1562841502220,2019-07-11T10:38:22.220Z,buy,2.01e-06,6804.0,0.0136760399999999
SNT/BTC,1562841521736,2019-07-11T10:38:41.736Z,sell,2e-06,4667.0,0.009334
SNT/BTC,1562842211746,2019-07-11T10:50:11.746Z,buy,2.02e-06,18200.0,0.036764
SNT/BTC,1562842222649,2019-07-11T10:50:22.649Z,buy,2.02e-06,2163.0,0.00436926
SNT/BTC,1562842230991,2019-07-11T10:50:30.991Z,buy,2.02e-06,2600.0,0.005252
SNT/BTC,1562842237683,2019-07-11T10:50:37.683Z,buy,2.02e-06,1300.0,0.002626
SNT/BTC,1562842245785,2019-07-11T10:50:45.785Z,buy,2.02e-06,1733.0,0.00350066
SNT/BTC,1562842458033,2019-07-11T10:54:18.033Z,sell,2e-06,2084.0,0.004168
SNT/BTC,1562842458033,2019-07-11T10:54:18.033Z,sell,2e-06,2084.0,0.004168
SNT/BTC,1562842894538,2019-07-11T11:01:34.538Z,sell,2.01e-06,2500.0,0.005025
SNT/BTC,1562842898177,2019-07-11T11:01:38.177Z,sell,2.01e-06,2500.0,0.005025
SNT/BTC,1562842952870,2019-07-11T11:02:32.870Z,sell,2.01e-06,1170.0,0.0023517
SNT/BTC,1562843090463,2019-07-11T11:04:50.463Z,sell,2.01e-06,200.0,0.0004019999999999
SNT/BTC,1562843123115,2019-07-11T11:05:23.115Z,sell,2.01e-06,708.0,0.00142308
SNT/BTC,1562843403091,2019-07-11T11:10:03.091Z,sell,2e-06,18550.0,0.0371
SNT/BTC,1562843451714,2019-07-11T11:10:51.714Z,sell,2e-06,4002.0,0.0080039999999999
SNT/BTC,1562843544555,2019-07-11T11:12:24.555Z,buy,2.01e-06,87.0,0.0001748699999999
SNT/BTC,1562843544809,2019-07-11T11:12:24.809Z,buy,2.01e-06,87.0,0.0001748699999999
SNT/BTC,1562843544993,2019-07-11T11:12:24.993Z,buy,2.01e-06,87.0,0.0001748699999999
SNT/BTC,1562843545185,2019-07-11T11:12:25.185Z,buy,2.01e-06,87.0,0.0001748699999999
SNT/BTC,1562843545369,2019-07-11T11:12:25.369Z,buy,2.01e-06,87.0,0.0001748699999999
SNT/BTC,1562843545559,2019-07-11T11:12:25.559Z,buy,2.01e-06,87.0,0.0001748699999999
SNT/BTC,1562843545748,2019-07-11T11:12:25.748Z,buy,2.01e-06,87.0,0.0001748699999999
SNT/BTC,1562843545929,2019-07-11T11:12:25.929Z,buy,2.01e-06,87.0,0.0001748699999999
SNT/BTC,1562843546117,2019-07-11T11:12:26.117Z,buy,2.01e-06,87.0,0.0001748699999999
SNT/BTC,1562843546307,2019-07-11T11:12:26.307Z,buy,2.01e-06,87.0,0.0001748699999999
SNT/BTC,1562843546499,2019-07-11T11:12:26.499Z,buy,2.01e-06,87.0,0.0001748699999999
SNT/BTC,1562843546685,2019-07-11T11:12:26.685Z,buy,2.01e-06,87.0,0.0001748699999999
SNT/BTC,1562843546872,2019-07-11T11:12:26.872Z,buy,2.01e-06,87.0,0.0001748699999999
SNT/BTC,1562843547061,2019-07-11T11:12:27.061Z,buy,2.01e-06,87.0,0.0001748699999999
SNT/BTC,1562843547258,2019-07-11T11:12:27.258Z,buy,2.01e-06,87.0,0.0001748699999999
SNT/BTC,1562843677177,2019-07-11T11:14:37.177Z,sell,2e-06,87.0,0.000174
SNT/BTC,1562843917974,2019-07-11T11:18:37.974Z,sell,2e-06,6499.0,0.012998
SNT/BTC,1562843917974,2019-07-11T11:18:37.974Z,sell,1.99e-06,9130.0,0.0181687
SNT/BTC,1562843980098,2019-07-11T11:19:40.098Z,buy,2.01e-06,15432.0,0.03101832
SNT/BTC,1562843980978,2019-07-11T11:19:40.978Z,buy,2.01e-06,2166.0,0.00435366
SNT/BTC,1562844003324,2019-07-11T11:20:03.324Z,sell,2e-06,2101.0,0.004202
SNT/BTC,1562844003363,2019-07-11T11:20:03.363Z,buy,2e-06,159.0,0.000318
SNT/BTC,1562844003394,2019-07-11T11:20:03.394Z,buy,2e-06,159.0,0.000318
SNT/BTC,1562844003649,2019-07-11T11:20:03.649Z,buy,2e-06,5464.0,0.010928
SNT/BTC,1562844004376,2019-07-11T11:20:04.376Z,buy,2e-06,159.0,0.000318
SNT/BTC,1562844004487,2019-07-11T11:20:04.487Z,sell,1.99e-06,559.0,0.00111241
SNT/BTC,1562844010343,2019-07-11T11:20:10.343Z,buy,2e-06,20478.0,0.040956
SNT/BTC,1562844011348,2019-07-11T11:20:11.348Z,buy,2e-06,14218.0,0.028436
SNT/BTC,1562844013347,2019-07-11T11:20:13.347Z,buy,2e-06,9790.0,0.01958
SNT/BTC,1562844015352,2019-07-11T11:20:15.352Z,buy,2e-06,6741.0,0.013482
SNT/BTC,1562844019343,2019-07-11T11:20:19.343Z,buy,2e-06,4565.0,0.00913
SNT/BTC,1562844020348,2019-07-11T11:20:20.348Z,buy,2e-06,3169.0,0.006338
SNT/BTC,1562844022345,2019-07-11T11:20:22.345Z,buy,2e-06,2182.0,0.004364
SNT/BTC,1562844023344,2019-07-11T11:20:23.344Z,buy,2e-06,1515.0,0.0030299999999999
SNT/BTC,1562844025353,2019-07-11T11:20:25.353Z,buy,2e-06,1044.0,0.002088
SNT/BTC,1562844027345,2019-07-11T11:20:27.345Z,buy,2e-06,718.0,0.001436
SNT/BTC,1562844042270,2019-07-11T11:20:42.270Z,buy,2e-06,27213.0,0.0544259999999999
SNT/BTC,1562844047479,2019-07-11T11:20:47.479Z,sell,2e-06,2102.0,0.0042039999999999
SNT/BTC,1562844048350,2019-07-11T11:20:48.350Z,buy,2e-06,19995.0,0.03999
SNT/BTC,1562844048418,2019-07-11T11:20:48.418Z,buy,2e-06,30868.0,0.061736
SNT/BTC,1562844049363,2019-07-11T11:20:49.363Z,buy,2e-06,35323.0,0.070646
SNT/BTC,1562844049425,2019-07-11T11:20:49.425Z,buy,2e-06,21693.0,0.043386
SNT/BTC,1562844348935,2019-07-11T11:25:48.935Z,buy,2.01e-06,57.0,0.00011457
SNT/BTC,1562844372172,2019-07-11T11:26:12.172Z,sell,2e-06,2607.0,0.005214
SNT/BTC,1562844388817,2019-07-11T11:26:28.817Z,sell,2e-06,159.0,0.000318
SNT/BTC,1562844667290,2019-07-11T11:31:07.290Z,sell,1.99e-06,24150.0,0.0480585
SNT/BTC,1562844853508,2019-07-11T11:34:13.508Z,buy,2e-06,500.0,0.001
SNT/BTC,1562844859071,2019-07-11T11:34:19.071Z,sell,1.99e-06,157.0,0.00031243
SNT/BTC,1562844859071,2019-07-11T11:34:19.071Z,sell,1.98e-06,5567.0,0.01102266
SNT/BTC,1562844859071,2019-07-11T11:34:19.071Z,sell,1.98e-06,8292.0,0.01641816
SNT/BTC,1562844859690,2019-07-11T11:34:19.690Z,sell,1.98e-06,1902.0,0.00376596
SNT/BTC,1562844859822,2019-07-11T11:34:19.822Z,sell,1.98e-06,84078.0,0.16647444
SNT/BTC,1562844860190,2019-07-11T11:34:20.190Z,sell,1.98e-06,27481.0,0.05441238
SNT/BTC,1562844860553,2019-07-11T11:34:20.553Z,sell,1.97e-06,18435.0,0.03631695
SNT/BTC,1562844860825,2019-07-11T11:34:20.825Z,sell,1.98e-06,6003.0,0.01188594
SNT/BTC,1562844860825,2019-07-11T11:34:20.825Z,sell,1.97e-06,24480.0,0.0482256
SNT/BTC,1562844861399,2019-07-11T11:34:21.399Z,buy,1.98e-06,18976.0,0.03757248
SNT/BTC,1562844861807,2019-07-11T11:34:21.807Z,sell,1.98e-06,1000.0,0.00198
SNT/BTC,1562844862094,2019-07-11T11:34:22.094Z,buy,1.98e-06,5216.0,0.01032768
SNT/BTC,1562844862896,2019-07-11T11:34:22.896Z,sell,1.98e-06,12692.0,0.02513016
SNT/BTC,1562844862896,2019-07-11T11:34:22.896Z,sell,1.97e-06,17829.0,0.03512313
SNT/BTC,1562844862963,2019-07-11T11:34:22.963Z,sell,1.97e-06,8010.0,0.0157797
SNT/BTC,1562844863060,2019-07-11T11:34:23.060Z,sell,1.97e-06,8040.0,0.0158388
SNT/BTC,1562844863084,2019-07-11T11:34:23.084Z,sell,1.97e-06,15841.0,0.03120677
SNT/BTC,1562844863149,2019-07-11T11:34:23.149Z,sell,1.97e-06,4797.0,0.00945009
SNT/BTC,1562844863210,2019-07-11T11:34:23.210Z,sell,1.97e-06,19300.0,0.038021
SNT/BTC,1562844864160,2019-07-11T11:34:24.160Z,buy,1.98e-06,2500.0,0.00495
SNT/BTC,1562844864426,2019-07-11T11:34:24.426Z,sell,1.97e-06,3346.0,0.00659162
SNT/BTC,1562844865793,2019-07-11T11:34:25.793Z,buy,1.98e-06,2500.0,0.00495
SNT/BTC,1562844867394,2019-07-11T11:34:27.394Z,buy,1.98e-06,2500.0,0.00495
SNT/BTC,1562844867776,2019-07-11T11:34:27.776Z,buy,1.98e-06,506.0,0.00100188
SNT/BTC,1562844867860,2019-07-11T11:34:27.860Z,buy,1.98e-06,1890.0,0.0037422
SNT/BTC,1562844867886,2019-07-11T11:34:27.886Z,buy,1.98e-06,7353.0,0.01455894
SNT/BTC,1562844868827,2019-07-11T11:34:28.827Z,buy,1.99e-06,2500.0,0.004975
SNT/BTC,1562844871233,2019-07-11T11:34:31.233Z,buy,1.99e-06,1350.0,0.0026865
SNT/BTC,1562844871792,2019-07-11T11:34:31.792Z,sell,1.98e-06,2550.0,0.005049
SNT/BTC,1562844872285,2019-07-11T11:34:32.285Z,buy,1.99e-06,200.0,0.000398
SNT/BTC,1562844879220,2019-07-11T11:34:39.220Z,buy,1.99e-06,3241.0,0.00644959
SNT/BTC,1562844890401,2019-07-11T11:34:50.401Z,buy,1.98e-06,2787.0,0.00551826
SNT/BTC,1562844906786,2019-07-11T11:35:06.786Z,sell,1.97e-06,19950.0,0.0393015
SNT/BTC,1562844912404,2019-07-11T11:35:12.404Z,buy,1.98e-06,2108.0,0.00417384
SNT/BTC,1562844916229,2019-07-11T11:35:16.229Z,sell,1.97e-06,646.0,0.00127262
SNT/BTC,1562844964321,2019-07-11T11:36:04.321Z,sell,1.97e-06,562.0,0.00110714
SNT/BTC,1562845016449,2019-07-11T11:36:56.449Z,sell,1.98e-06,600.0,0.001188
SNT/BTC,1562845054173,2019-07-11T11:37:34.173Z,sell,1.98e-06,3.0,5.940000000000001e-06
SNT/BTC,1562845054411,2019-07-11T11:37:34.411Z,buy,1.98e-06,2680.0,0.0053064
SNT/BTC,1562845229234,2019-07-11T11:40:29.234Z,sell,1.98e-06,1133.0,0.00224334
SNT/BTC,1562845230032,2019-07-11T11:40:30.032Z,sell,1.98e-06,291.0,0.00057618
SNT/BTC,1562845230423,2019-07-11T11:40:30.423Z,buy,1.98e-06,1129.0,0.00223542
SNT/BTC,1562845249778,2019-07-11T11:40:49.778Z,buy,1.99e-06,577.0,0.00114823
SNT/BTC,1562845411350,2019-07-11T11:43:31.350Z,buy,1.99e-06,1110.0,0.0022089
SNT/BTC,1562845426443,2019-07-11T11:43:46.443Z,buy,1.98e-06,2874.0,0.00569052
SNT/BTC,1562845427431,2019-07-11T11:43:47.431Z,buy,1.98e-06,1996.0,0.00395208
SNT/BTC,1562845428120,2019-07-11T11:43:48.120Z,buy,1.98e-06,3298.0,0.00653004
SNT/BTC,1562845429432,2019-07-11T11:43:49.432Z,buy,1.98e-06,3658.0,0.00724284
SNT/BTC,1562845430449,2019-07-11T11:43:50.449Z,buy,1.98e-06,2539.0,0.00502722
SNT/BTC,1562845434432,2019-07-11T11:43:54.432Z,buy,1.98e-06,1720.0,0.0034056
SNT/BTC,1562845439442,2019-07-11T11:43:59.442Z,buy,1.98e-06,1155.0,0.0022869
SNT/BTC,1562845442433,2019-07-11T11:44:02.433Z,buy,1.98e-06,789.0,0.00156222
SNT/BTC,1562845443431,2019-07-11T11:44:03.431Z,buy,1.98e-06,547.0,0.00108306
SNT/BTC,1562845568137,2019-07-11T11:46:08.137Z,sell,1.97e-06,44575.0,0.08781275
SNT/BTC,1562845568160,2019-07-11T11:46:08.160Z,buy,1.98e-06,13484.0,0.02669832
SNT/BTC,1562845596854,2019-07-11T11:46:36.854Z,sell,1.97e-06,10615.0,0.02091155
SNT/BTC,1562845599933,2019-07-11T11:46:39.933Z,buy,1.98e-06,1737.0,0.00343926
SNT/BTC,1562845631754,2019-07-11T11:47:11.754Z,buy,1.98e-06,2500.0,0.00495
SNT/BTC,1562845636848,2019-07-11T11:47:16.848Z,sell,1.97e-06,28626.0,0.05639322
SNT/BTC,1562845641399,2019-07-11T11:47:21.399Z,buy,1.98e-06,5792.0,0.01146816
SNT/BTC,1562845646046,2019-07-11T11:47:26.046Z,buy,1.98e-06,1253.0,0.00248094
SNT/BTC,1562845676115,2019-07-11T11:47:56.115Z,buy,1.98e-06,29645.0,0.0586971
SNT/BTC,1562845676456,2019-07-11T11:47:56.456Z,buy,1.98e-06,25938.0,0.05135724
SNT/BTC,1562845677462,2019-07-11T11:47:57.462Z,buy,1.98e-06,47388.0,0.09382824
SNT/BTC,1562845678923,2019-07-11T11:47:58.923Z,buy,1.98e-06,2500.0,0.00495
SNT/BTC,1562845678948,2019-07-11T11:47:58.948Z,buy,1.98e-06,16029.0,0.03173742
SNT/BTC,1562845679892,2019-07-11T11:47:59.892Z,sell,1.98e-06,3064.0,0.00606672
SNT/BTC,1562845684460,2019-07-11T11:48:04.460Z,buy,1.98e-06,2782.0,0.00550836
SNT/BTC,1562845691493,2019-07-11T11:48:11.493Z,buy,1.99e-06,581.0,0.00115619
SNT/BTC,1562845701621,2019-07-11T11:48:21.621Z,sell,1.98e-06,7294.0,0.01444212
SNT/BTC,1562845702650,2019-07-11T11:48:22.650Z,buy,1.98e-06,10304.0,0.02040192
SNT/BTC,1562845710937,2019-07-11T11:48:30.937Z,sell,1.98e-06,320.0,0.0006336
SNT/BTC,1562845711204,2019-07-11T11:48:31.204Z,sell,1.98e-06,600.0,0.001188
SNT/BTC,1562845713309,2019-07-11T11:48:33.309Z,sell,1.98e-06,600.0,0.001188
SNT/BTC,1562845715150,2019-07-11T11:48:35.150Z,sell,1.98e-06,406.0,0.00080388
SNT/BTC,1562845729455,2019-07-11T11:48:49.455Z,buy,1.98e-06,23412.0,0.04635576
SNT/BTC,1562845730455,2019-07-11T11:48:50.455Z,buy,1.98e-06,8514.0,0.01685772
SNT/BTC,1562845744601,2019-07-11T11:49:04.601Z,sell,1.98e-06,2095.0,0.0041481
SNT/BTC,1562845782460,2019-07-11T11:49:42.460Z,buy,1.98e-06,9955.0,0.0197109
SNT/BTC,1562845784459,2019-07-11T11:49:44.459Z,buy,1.98e-06,6855.0,0.0135729
SNT/BTC,1562845785465,2019-07-11T11:49:45.465Z,buy,1.98e-06,4759.0,0.00942282
SNT/BTC,1562845787056,2019-07-11T11:49:47.056Z,sell,1.97e-06,348.0,0.00068556
SNT/BTC,1562845809654,2019-07-11T11:50:09.654Z,sell,1.98e-06,12221.0,0.02419758
SNT/BTC,1562845814559,2019-07-11T11:50:14.559Z,sell,1.98e-06,16215.0,0.0321057
SNT/BTC,1562845840383,2019-07-11T11:50:40.383Z,sell,1.98e-06,10943.0,0.02166714
SNT/BTC,1562845957490,2019-07-11T11:52:37.490Z,sell,1.98e-06,16104.0,0.03188592
SNT/BTC,1562846054929,2019-07-11T11:54:14.929Z,sell,1.98e-06,3678.0,0.00728244
SNT/BTC,1562846054929,2019-07-11T11:54:14.929Z,sell,1.98e-06,3678.0,0.00728244
SNT/BTC,1562846062126,2019-07-11T11:54:22.126Z,sell,1.98e-06,17331.0,0.03431538
SNT/BTC,1562846065389,2019-07-11T11:54:25.389Z,sell,1.98e-06,14985.0,0.0296703
SNT/BTC,1562846071368,2019-07-11T11:54:31.368Z,sell,1.98e-06,3200.0,0.006336
SNT/BTC,1562846071603,2019-07-11T11:54:31.603Z,buy,1.99e-06,1256.0,0.00249944
SNT/BTC,1562846093782,2019-07-11T11:54:53.782Z,buy,1.99e-06,8981.0,0.01787219
SNT/BTC,1562846109492,2019-07-11T11:55:09.492Z,buy,1.99e-06,1801.0,0.00358399
SNT/BTC,1562846162511,2019-07-11T11:56:02.511Z,buy,1.99e-06,551.0,0.00109649
SNT/BTC,1562846236049,2019-07-11T11:57:16.049Z,sell,1.97e-06,56350.0,0.1110095
SNT/BTC,1562846274821,2019-07-11T11:57:54.821Z,buy,1.98e-06,1515.0,0.0029997
SNT/BTC,1562846392886,2019-07-11T11:59:52.886Z,buy,1.98e-06,3168.0,0.00627264
SNT/BTC,1562846461518,2019-07-11T12:01:01.518Z,sell,1.97e-06,14173.0,0.02792081
SNT/BTC,1562846475599,2019-07-11T12:01:15.599Z,sell,1.97e-06,5851.0,0.01152647
SNT/BTC,1562846475807,2019-07-11T12:01:15.807Z,sell,1.97e-06,5837.0,0.01149889
SNT/BTC,1562846480322,2019-07-11T12:01:20.322Z,sell,1.97e-06,29448.0,0.05801256
SNT/BTC,1562846500081,2019-07-11T12:01:40.081Z,sell,1.96e-06,589.0,0.0011544399999999
SNT/BTC,1562846500081,2019-07-11T12:01:40.081Z,sell,1.96e-06,1396.0,0.0027361599999999
SNT/BTC,1562846506502,2019-07-11T12:01:46.502Z,buy,1.97e-06,2095.0,0.00412715
SNT/BTC,1562846509986,2019-07-11T12:01:49.986Z,sell,1.96e-06,3612.0,0.00707952
SNT/BTC,1562846515317,2019-07-11T12:01:55.317Z,sell,1.96e-06,3031.0,0.00594076
SNT/BTC,1562846540979,2019-07-11T12:02:20.979Z,buy,1.97e-06,564.0,0.00111108
SNT/BTC,1562846541001,2019-07-11T12:02:21.001Z,buy,1.97e-06,9123.0,0.01797231
SNT/BTC,1562846543240,2019-07-11T12:02:23.240Z,sell,1.96e-06,32893.0,0.0644702799999999
SNT/BTC,1562846543508,2019-07-11T12:02:23.508Z,buy,1.96e-06,51286.0,0.10052056
SNT/BTC,1562846543674,2019-07-11T12:02:23.674Z,buy,1.96e-06,1859.0,0.0036436399999999
SNT/BTC,1562846544672,2019-07-11T12:02:24.672Z,buy,1.96e-06,600.0,0.001176
SNT/BTC,1562846544695,2019-07-11T12:02:24.695Z,buy,1.96e-06,37265.0,0.0730393999999999
SNT/BTC,1562846546509,2019-07-11T12:02:26.509Z,buy,1.96e-06,25700.0,0.0503719999999999
SNT/BTC,1562846547510,2019-07-11T12:02:27.510Z,buy,1.96e-06,17844.0,0.03497424
SNT/BTC,1562846548328,2019-07-11T12:02:28.328Z,buy,1.96e-06,8968.0,0.0175772799999999
SNT/BTC,1562846597462,2019-07-11T12:03:17.462Z,buy,1.98e-06,985.0,0.0019503
SNT/BTC,1562846610402,2019-07-11T12:03:30.402Z,buy,1.98e-06,517.0,0.00102366
SNT/BTC,1562846722319,2019-07-11T12:05:22.319Z,buy,1.97e-06,2746.0,0.00540962
SNT/BTC,1562846745693,2019-07-11T12:05:45.693Z,sell,1.97e-06,6271.0,0.01235387
SNT/BTC,1562847064526,2019-07-11T12:11:04.526Z,buy,1.97e-06,694.0,0.00136718
SNT/BTC,1562847231147,2019-07-11T12:13:51.147Z,sell,1.96e-06,1143.0,0.00224028
SNT/BTC,1562847249263,2019-07-11T12:14:09.263Z,sell,1.96e-06,5377.0,0.0105389199999999
SNT/BTC,1562847249263,2019-07-11T12:14:09.263Z,sell,1.95e-06,29188.0,0.0569166
SNT/BTC,1562847297184,2019-07-11T12:14:57.184Z,sell,1.95e-06,35289.0,0.06881355
SNT/BTC,1562847303855,2019-07-11T12:15:03.855Z,sell,1.95e-06,568.0,0.0011076
SNT/BTC,1562847304788,2019-07-11T12:15:04.788Z,buy,1.97e-06,152.0,0.00029944
SNT/BTC,1562847306884,2019-07-11T12:15:06.884Z,buy,1.97e-06,9896.0,0.01949512
SNT/BTC,1562847310095,2019-07-11T12:15:10.095Z,sell,1.96e-06,2003.0,0.00392588
SNT/BTC,1562847333047,2019-07-11T12:15:33.047Z,buy,1.97e-06,2792.0,0.00550024
SNT/BTC,1562847378842,2019-07-11T12:16:18.842Z,buy,1.97e-06,117.0,0.00023049
SNT/BTC,1562847380091,2019-07-11T12:16:20.091Z,sell,1.97e-06,5411.0,0.01065967
SNT/BTC,1562847380124,2019-07-11T12:16:20.124Z,sell,1.97e-06,6303.0,0.01241691
SNT/BTC,1562847380241,2019-07-11T12:16:20.241Z,sell,1.97e-06,2500.0,0.004925
SNT/BTC,1562847380802,2019-07-11T12:16:20.802Z,sell,1.97e-06,11700.0,0.023049
SNT/BTC,1562847381871,2019-07-11T12:16:21.871Z,sell,1.95e-06,2500.0,0.004875
SNT/BTC,1562847407229,2019-07-11T12:16:47.229Z,buy,1.97e-06,7529.0,0.01483213
SNT/BTC,1562847533747,2019-07-11T12:18:53.747Z,buy,1.97e-06,1450.0,0.0028565
SNT/BTC,1562847534014,2019-07-11T12:18:54.014Z,buy,1.97e-06,10152.0,0.01999944
SNT/BTC,1562847540406,2019-07-11T12:19:00.406Z,buy,1.97e-06,2467.0,0.00485999
SNT/BTC,1562847570131,2019-07-11T12:19:30.131Z,buy,1.97e-06,507.0,0.00099879
SNT/BTC,1562847700490,2019-07-11T12:21:40.490Z,buy,1.97e-06,452.0,0.00089044
SNT/BTC,1562847865555,2019-07-11T12:24:25.555Z,buy,1.97e-06,2525.0,0.00497425
SNT/BTC,1562847926569,2019-07-11T12:25:26.569Z,buy,1.97e-06,3050.0,0.0060085
SNT/BTC,1562848076251,2019-07-11T12:27:56.251Z,sell,1.96e-06,2101.0,0.0041179599999999
SNT/BTC,1562848081120,2019-07-11T12:28:01.120Z,buy,1.96e-06,10178.0,0.01994888
SNT/BTC,1562848081435,2019-07-11T12:28:01.435Z,buy,1.96e-06,15637.0,0.03064852
SNT/BTC,1562848081630,2019-07-11T12:28:01.630Z,buy,1.96e-06,10876.0,0.02131696
SNT/BTC,1562848082115,2019-07-11T12:28:02.115Z,buy,1.97e-06,7636.0,0.01504292
SNT/BTC,1562848122161,2019-07-11T12:28:42.161Z,buy,1.97e-06,400.0,0.000788
SNT/BTC,1562848146449,2019-07-11T12:29:06.449Z,buy,1.97e-06,814.0,0.00160358
SNT/BTC,1562848250981,2019-07-11T12:30:50.981Z,sell,1.96e-06,10344.0,0.02027424
SNT/BTC,1562848292261,2019-07-11T12:31:32.261Z,sell,1.95e-06,384.0,0.0007488
SNT/BTC,1562848317022,2019-07-11T12:31:57.022Z,sell,1.96e-06,6312.0,0.0123715199999999
SNT/BTC,1562848330137,2019-07-11T12:32:10.137Z,sell,1.96e-06,1.0,1.96e-06
SNT/BTC,1562848330137,2019-07-11T12:32:10.137Z,sell,1.95e-06,9885.0,0.01927575
SNT/BTC,1562848501652,2019-07-11T12:35:01.652Z,buy,1.96e-06,4605.0,0.0090257999999999
SNT/BTC,1562848549599,2019-07-11T12:35:49.599Z,buy,1.96e-06,3277.0,0.0064229199999999
SNT/BTC,1562848555112,2019-07-11T12:35:55.112Z,buy,1.96e-06,5893.0,0.01155028
SNT/BTC,1562848583100,2019-07-11T12:36:23.100Z,sell,1.96e-06,2081.0,0.00407876
SNT/BTC,1562849330259,2019-07-11T12:48:50.259Z,sell,1.96e-06,3454.0,0.0067698399999999
SNT/BTC,1562849501168,2019-07-11T12:51:41.168Z,sell,1.96e-06,13121.0,0.02571716
SNT/BTC,1562849503191,2019-07-11T12:51:43.191Z,buy,1.96e-06,7447.0,0.0145961199999999
SNT/BTC,1562849503191,2019-07-11T12:51:43.191Z,buy,1.96e-06,7447.0,0.0145961199999999
SNT/BTC,1562849715678,2019-07-11T12:55:15.678Z,buy,1.97e-06,524.0,0.00103228
SNT/BTC,1562849736055,2019-07-11T12:55:36.055Z,sell,1.96e-06,299.0,0.0005860399999999
SNT/BTC,1562849805591,2019-07-11T12:56:45.591Z,buy,1.97e-06,28215.0,0.05558355
SNT/BTC,1562849810758,2019-07-11T12:56:50.758Z,buy,1.97e-06,1284.0,0.00252948
SNT/BTC,1562849818933,2019-07-11T12:56:58.933Z,buy,1.97e-06,1195.0,0.00235415
SNT/BTC,1562849984275,2019-07-11T12:59:44.275Z,buy,1.97e-06,1116.0,0.00219852
SNT/BTC,1562849990907,2019-07-11T12:59:50.907Z,buy,1.97e-06,1258.0,0.00247826
SNT/BTC,1562850019291,2019-07-11T13:00:19.291Z,buy,1.97e-06,3458.0,0.00681226
SNT/BTC,1562850027568,2019-07-11T13:00:27.568Z,buy,1.98e-06,76.0,0.00015048
SNT/BTC,1562850035237,2019-07-11T13:00:35.237Z,buy,1.98e-06,1010.0,0.0019998
SNT/BTC,1562850037528,2019-07-11T13:00:37.528Z,buy,1.98e-06,8884.0,0.01759032
SNT/BTC,1562850047360,2019-07-11T13:00:47.360Z,buy,1.98e-06,1515.0,0.0029997
SNT/BTC,1562850136407,2019-07-11T13:02:16.407Z,buy,1.97e-06,4616.0,0.00909352
SNT/BTC,1562850150113,2019-07-11T13:02:30.113Z,buy,1.98e-06,60.0,0.0001188
SNT/BTC,1562850150582,2019-07-11T13:02:30.582Z,buy,1.98e-06,60.0,0.0001188
SNT/BTC,1562850223092,2019-07-11T13:03:43.092Z,sell,1.97e-06,23952.0,0.04718544
SNT/BTC,1562850227358,2019-07-11T13:03:47.358Z,sell,1.97e-06,62.0,0.00012214
SNT/BTC,1562850533130,2019-07-11T13:08:53.130Z,buy,1.98e-06,579.0,0.00114642
SNT/BTC,1562850556662,2019-07-11T13:09:16.662Z,sell,1.97e-06,1371.0,0.00270087
SNT/BTC,1562850593023,2019-07-11T13:09:53.023Z,sell,1.97e-06,590.0,0.0011623
SNT/BTC,1562850840537,2019-07-11T13:14:00.537Z,sell,1.97e-06,23525.0,0.04634425
SNT/BTC,1562850929892,2019-07-11T13:15:29.892Z,sell,1.97e-06,2393.0,0.00471421
SNT/BTC,1562851070047,2019-07-11T13:17:50.047Z,sell,1.97e-06,26566.0,0.05233502
SNT/BTC,1562851071708,2019-07-11T13:17:51.708Z,sell,1.97e-06,814.0,0.00160358
SNT/BTC,1562851325670,2019-07-11T13:22:05.670Z,sell,1.97e-06,56.0,0.00011032
SNT/BTC,1562851378870,2019-07-11T13:22:58.870Z,sell,1.97e-06,218.0,0.00042946
SNT/BTC,1562851986707,2019-07-11T13:33:06.707Z,sell,1.97e-06,58450.0,0.1151465
