symbol,timestamp,datetime,side,price,amount,btc_volume
SNT/BTC,1564938262962,2019-08-04T17:04:22.962Z,sell,1.9e-06,76.0,0.0001444
SNT/BTC,1564938418259,2019-08-04T17:06:58.259Z,sell,1.9e-06,684.0,0.0012996
SNT/BTC,1564938418951,2019-08-04T17:06:58.951Z,buy,1.9e-06,1612.0,0.0030628
SNT/BTC,1564938419676,2019-08-04T17:06:59.676Z,sell,1.9e-06,18824.0,0.0357656
SNT/BTC,1564938828386,2019-08-04T17:13:48.386Z,sell,1.9e-06,227.0,0.0004313
SNT/BTC,1564938970030,2019-08-04T17:16:10.030Z,sell,1.9e-06,57.0,0.0001083
SNT/BTC,1564939031745,2019-08-04T17:17:11.745Z,sell,1.9e-06,266.0,0.0005054
SNT/BTC,1564939342625,2019-08-04T17:22:22.625Z,sell,1.9e-06,4640.0,0.008816
SNT/BTC,1564939342655,2019-08-04T17:22:22.655Z,sell,1.9e-06,1489.0,0.0028291
SNT/BTC,1564939351998,2019-08-04T17:22:31.998Z,sell,1.9e-06,92.0,0.0001748
SNT/BTC,1564939625539,2019-08-04T17:27:05.539Z,sell,1.9e-06,11490.0,0.021831
SNT/BTC,1564939626726,2019-08-04T17:27:06.726Z,sell,1.9e-06,3703.0,0.0070357
SNT/BTC,1564939626837,2019-08-04T17:27:06.837Z,sell,1.9e-06,4743.0,0.0090117
SNT/BTC,1564939626939,2019-08-04T17:27:06.939Z,sell,1.9e-06,808.0,0.0015352
SNT/BTC,1564939627030,2019-08-04T17:27:07.030Z,sell,1.9e-06,4560.0,0.008664
SNT/BTC,1564939760899,2019-08-04T17:29:20.899Z,buy,1.9e-06,19641.0,0.0373179
SNT/BTC,1564940169029,2019-08-04T17:36:09.029Z,sell,1.89e-06,1304.0,0.0024645599999999
SNT/BTC,1564940416173,2019-08-04T17:40:16.173Z,sell,1.89e-06,1700.0,0.0032129999999999
SNT/BTC,1564940562872,2019-08-04T17:42:42.872Z,buy,1.9e-06,7111.0,0.0135109
SNT/BTC,1564940563058,2019-08-04T17:42:43.058Z,buy,1.9e-06,7185.0,0.0136515
SNT/BTC,1564940563755,2019-08-04T17:42:43.755Z,buy,1.9e-06,1485.0,0.0028215
SNT/BTC,1564940564055,2019-08-04T17:42:44.055Z,buy,1.9e-06,9846.0,0.0187074
SNT/BTC,1564940573644,2019-08-04T17:42:53.644Z,buy,1.9e-06,823.0,0.0015637
SNT/BTC,1564940712039,2019-08-04T17:45:12.039Z,sell,1.89e-06,77.0,0.00014553
SNT/BTC,1564940845969,2019-08-04T17:47:25.969Z,buy,1.9e-06,11690.0,0.022211
SNT/BTC,1564940966335,2019-08-04T17:49:26.335Z,sell,1.9e-06,2328.0,0.0044232
SNT/BTC,1564941199988,2019-08-04T17:53:19.988Z,buy,1.9e-06,2328.0,0.0044232
SNT/BTC,1564941199988,2019-08-04T17:53:19.988Z,buy,1.91e-06,14896.0,0.02845136
SNT/BTC,1564941202508,2019-08-04T17:53:22.508Z,buy,1.91e-06,106.0,0.0002024599999999
SNT/BTC,1564941204080,2019-08-04T17:53:24.080Z,buy,1.91e-06,901.0,0.00172091
SNT/BTC,1564941204080,2019-08-04T17:53:24.080Z,buy,1.91e-06,901.0,0.00172091
SNT/BTC,1564941770059,2019-08-04T18:02:50.059Z,buy,1.91e-06,5541.0,0.01058331
SNT/BTC,1564941770882,2019-08-04T18:02:50.882Z,buy,1.91e-06,9800.0,0.018718
SNT/BTC,1564941773777,2019-08-04T18:02:53.777Z,buy,1.91e-06,11186.0,0.02136526
SNT/BTC,1564941860855,2019-08-04T18:04:20.855Z,sell,1.91e-06,66.0,0.00012606
SNT/BTC,1564941878456,2019-08-04T18:04:38.456Z,sell,1.91e-06,134.0,0.0002559399999999
SNT/BTC,1564942023376,2019-08-04T18:07:03.376Z,sell,1.91e-06,3601.0,0.00687791
SNT/BTC,1564942023487,2019-08-04T18:07:03.487Z,sell,1.91e-06,2463.0,0.00470433
SNT/BTC,1564942049006,2019-08-04T18:07:29.006Z,sell,1.91e-06,1744.0,0.00333104
SNT/BTC,1564942050063,2019-08-04T18:07:30.063Z,sell,1.91e-06,1744.0,0.00333104
SNT/BTC,1564942171216,2019-08-04T18:09:31.216Z,sell,1.91e-06,16385.0,0.03129535
SNT/BTC,1564942190371,2019-08-04T18:09:50.371Z,sell,1.91e-06,1053.0,0.00201123
SNT/BTC,1564942315049,2019-08-04T18:11:55.049Z,buy,1.91e-06,16859.0,0.03220069
SNT/BTC,1564942315367,2019-08-04T18:11:55.367Z,buy,1.91e-06,1333.0,0.00254603
SNT/BTC,1564942451484,2019-08-04T18:14:11.484Z,sell,1.91e-06,2307.0,0.00440637
SNT/BTC,1564942635096,2019-08-04T18:17:15.096Z,buy,1.91e-06,77.0,0.0001470699999999
SNT/BTC,1564943430258,2019-08-04T18:30:30.258Z,buy,1.91e-06,661.0,0.0012625099999999
SNT/BTC,1564943430258,2019-08-04T18:30:30.258Z,buy,1.91e-06,661.0,0.0012625099999999
SNT/BTC,1564945088309,2019-08-04T18:58:08.309Z,buy,1.91e-06,4644.0,0.00887004
SNT/BTC,1564945088309,2019-08-04T18:58:08.309Z,buy,1.91e-06,4644.0,0.00887004
SNT/BTC,1564947320859,2019-08-04T19:35:20.859Z,sell,1.9e-06,16758.0,0.0318402
SNT/BTC,1564947451804,2019-08-04T19:37:31.804Z,sell,1.9e-06,15246.0,0.0289674
SNT/BTC,1564947640863,2019-08-04T19:40:40.863Z,sell,1.9e-06,5784.0,0.0109896
SNT/BTC,1564948414163,2019-08-04T19:53:34.163Z,sell,1.9e-06,54.0,0.0001026
SNT/BTC,1564948681185,2019-08-04T19:58:01.185Z,buy,1.91e-06,1100.0,0.002101
SNT/BTC,1564948681185,2019-08-04T19:58:01.185Z,buy,1.91e-06,1100.0,0.002101
SNT/BTC,1564949814178,2019-08-04T20:16:54.178Z,buy,1.91e-06,14348.0,0.0274046799999999
SNT/BTC,1564950751690,2019-08-04T20:32:31.690Z,sell,1.9e-06,2283.0,0.0043377
SNT/BTC,1564951046800,2019-08-04T20:37:26.800Z,buy,1.9e-06,11391.0,0.0216429
SNT/BTC,1564952008339,2019-08-04T20:53:28.339Z,sell,1.9e-06,266.0,0.0005054
SNT/BTC,1564952008339,2019-08-04T20:53:28.339Z,sell,1.9e-06,266.0,0.0005054
SNT/BTC,1564952827718,2019-08-04T21:07:07.718Z,sell,1.9e-06,367.0,0.0006973
SNT/BTC,1564952944144,2019-08-04T21:09:04.144Z,buy,1.91e-06,13109.0,0.02503819
SNT/BTC,1564952949193,2019-08-04T21:09:09.193Z,buy,1.91e-06,633.0,0.00120903
SNT/BTC,1564953086724,2019-08-04T21:11:26.724Z,sell,1.91e-06,15204.0,0.02903964
SNT/BTC,1564953225797,2019-08-04T21:13:45.797Z,sell,1.91e-06,10425.0,0.01991175
SNT/BTC,1564953226510,2019-08-04T21:13:46.510Z,buy,1.91e-06,4728.0,0.00903048
SNT/BTC,1564953432080,2019-08-04T21:17:12.080Z,sell,1.91e-06,72.0,0.00013752
SNT/BTC,1564953608790,2019-08-04T21:20:08.790Z,sell,1.91e-06,21875.0,0.04178125
SNT/BTC,1564953642773,2019-08-04T21:20:42.773Z,sell,1.91e-06,14710.0,0.0280961
SNT/BTC,1564953717123,2019-08-04T21:21:57.123Z,buy,1.91e-06,1680.0,0.0032088
SNT/BTC,1564954013840,2019-08-04T21:26:53.840Z,sell,1.91e-06,793.0,0.0015146299999999
SNT/BTC,1564954055042,2019-08-04T21:27:35.042Z,sell,1.91e-06,1892.0,0.00361372
SNT/BTC,1564954186342,2019-08-04T21:29:46.342Z,sell,1.91e-06,1250.0,0.0023875
SNT/BTC,1564954522206,2019-08-04T21:35:22.206Z,sell,1.91e-06,139.0,0.00026549
SNT/BTC,1564954587922,2019-08-04T21:36:27.922Z,sell,1.91e-06,7019.0,0.01340629
SNT/BTC,1564955491095,2019-08-04T21:51:31.095Z,sell,1.9e-06,39521.0,0.0750899
SNT/BTC,1564955491095,2019-08-04T21:51:31.095Z,sell,1.9e-06,39521.0,0.0750899
SNT/BTC,1564955799404,2019-08-04T21:56:39.404Z,buy,1.91e-06,10709.0,0.02045419
SNT/BTC,1564955799905,2019-08-04T21:56:39.905Z,sell,1.91e-06,4813.0,0.0091928299999999
SNT/BTC,1564957768063,2019-08-04T22:29:28.063Z,buy,1.91e-06,24642.0,0.04706622
SNT/BTC,1564957768134,2019-08-04T22:29:28.134Z,sell,1.91e-06,2578.0,0.00492398
SNT/BTC,1564957769559,2019-08-04T22:29:29.559Z,sell,1.91e-06,981.0,0.00187371
SNT/BTC,1564957769561,2019-08-04T22:29:29.561Z,sell,1.91e-06,4142.0,0.00791122
SNT/BTC,1564957771967,2019-08-04T22:29:31.967Z,sell,1.91e-06,636.0,0.00121476
SNT/BTC,1564957784062,2019-08-04T22:29:44.062Z,sell,1.91e-06,13319.0,0.02543929
SNT/BTC,1564957788368,2019-08-04T22:29:48.368Z,sell,1.91e-06,7417.0,0.0141664699999999
SNT/BTC,1564957883481,2019-08-04T22:31:23.481Z,sell,1.9e-06,23935.0,0.0454765
SNT/BTC,1564958433092,2019-08-04T22:40:33.092Z,sell,1.9e-06,4521.0,0.0085899
SNT/BTC,1564959022475,2019-08-04T22:50:22.475Z,sell,1.89e-06,53093.0,0.10034577
SNT/BTC,1564959023159,2019-08-04T22:50:23.159Z,sell,1.89e-06,14316.0,0.02705724
SNT/BTC,1564959023771,2019-08-04T22:50:23.771Z,buy,1.89e-06,120.0,0.0002267999999999
SNT/BTC,1564959023771,2019-08-04T22:50:23.771Z,buy,1.89e-06,120.0,0.0002267999999999
SNT/BTC,1564959116717,2019-08-04T22:51:56.717Z,buy,1.89e-06,13320.0,0.0251747999999999
SNT/BTC,1564959156327,2019-08-04T22:52:36.327Z,buy,1.89e-06,13147.0,0.0248478299999999
SNT/BTC,1564959157152,2019-08-04T22:52:37.152Z,buy,1.89e-06,10819.0,0.02044791
SNT/BTC,1564959311768,2019-08-04T22:55:11.768Z,sell,1.89e-06,100.0,0.0001889999999999
SNT/BTC,1564959412804,2019-08-04T22:56:52.804Z,buy,1.9e-06,12992.0,0.0246848
SNT/BTC,1564959412804,2019-08-04T22:56:52.804Z,buy,1.91e-06,71976.0,0.1374741599999999
SNT/BTC,1564959569861,2019-08-04T22:59:29.861Z,sell,1.9e-06,13378.0,0.0254182
SNT/BTC,1564960405790,2019-08-04T23:13:25.790Z,buy,1.91e-06,14263.0,0.02724233
SNT/BTC,1564960533830,2019-08-04T23:15:33.830Z,buy,1.91e-06,17157.0,0.03276987
SNT/BTC,1564960569820,2019-08-04T23:16:09.820Z,sell,1.9e-06,55.0,0.0001045
SNT/BTC,1564960667645,2019-08-04T23:17:47.645Z,buy,1.91e-06,15355.0,0.0293280499999999
SNT/BTC,1564960851225,2019-08-04T23:20:51.225Z,sell,1.9e-06,1795.0,0.0034105
SNT/BTC,1564962098541,2019-08-04T23:41:38.541Z,sell,1.9e-06,1195.0,0.0022705
SNT/BTC,1564962297111,2019-08-04T23:44:57.111Z,sell,1.9e-06,18996.0,0.0360924
SNT/BTC,1564962587994,2019-08-04T23:49:47.994Z,sell,1.9e-06,2081.0,0.0039539
SNT/BTC,1564962587994,2019-08-04T23:49:47.994Z,sell,1.9e-06,2081.0,0.0039539
SNT/BTC,1564962727319,2019-08-04T23:52:07.319Z,sell,1.9e-06,8514.0,0.0161766
SNT/BTC,1564962812577,2019-08-04T23:53:32.577Z,sell,1.9e-06,241.0,0.0004579
SNT/BTC,1564962853270,2019-08-04T23:54:13.270Z,sell,1.9e-06,13250.0,0.025175
SNT/BTC,1564962993897,2019-08-04T23:56:33.897Z,buy,1.9e-06,1950.0,0.003705
SNT/BTC,1564963135817,2019-08-04T23:58:55.817Z,sell,1.9e-06,2299.0,0.0043681
SNT/BTC,1564963289198,2019-08-05T00:01:29.198Z,buy,1.9e-06,2299.0,0.0043681
SNT/BTC,1564963290107,2019-08-05T00:01:30.107Z,sell,1.9e-06,12145.0,0.0230755
SNT/BTC,1564963290140,2019-08-05T00:01:30.140Z,sell,1.9e-06,2972.0,0.0056468
SNT/BTC,1564963474882,2019-08-05T00:04:34.882Z,buy,1.9e-06,57.0,0.0001083
SNT/BTC,1564963566190,2019-08-05T00:06:06.190Z,buy,1.9e-06,2299.0,0.0043681
SNT/BTC,1564963647278,2019-08-05T00:07:27.278Z,sell,1.9e-06,1964.0,0.0037316
SNT/BTC,1564963685134,2019-08-05T00:08:05.134Z,buy,1.91e-06,65.0,0.0001241499999999
SNT/BTC,1564963708584,2019-08-05T00:08:28.584Z,sell,1.9e-06,14552.0,0.0276488
SNT/BTC,1564963845659,2019-08-05T00:10:45.659Z,buy,1.9e-06,12801.0,0.0243219
SNT/BTC,1564963882098,2019-08-05T00:11:22.098Z,sell,1.9e-06,456.0,0.0008664
SNT/BTC,1564964128142,2019-08-05T00:15:28.142Z,sell,1.9e-06,600.0,0.00114
SNT/BTC,1564964185384,2019-08-05T00:16:25.384Z,sell,1.9e-06,3447.0,0.0065493
SNT/BTC,1564964232542,2019-08-05T00:17:12.542Z,sell,1.9e-06,65.0,0.0001235
SNT/BTC,1564964430655,2019-08-05T00:20:30.655Z,sell,1.9e-06,1224.0,0.0023256
SNT/BTC,1564964464362,2019-08-05T00:21:04.362Z,buy,1.91e-06,1307.0,0.00249637
SNT/BTC,1564964534819,2019-08-05T00:22:14.819Z,sell,1.9e-06,12885.0,0.0244815
SNT/BTC,1564964535944,2019-08-05T00:22:15.944Z,sell,1.9e-06,7747.0,0.0147193
SNT/BTC,1564964536047,2019-08-05T00:22:16.047Z,sell,1.9e-06,2088.0,0.0039672
SNT/BTC,1564964551754,2019-08-05T00:22:31.754Z,buy,1.91e-06,55.0,0.0001050499999999
SNT/BTC,1564964648901,2019-08-05T00:24:08.901Z,sell,1.9e-06,15171.0,0.0288249
SNT/BTC,1564964650375,2019-08-05T00:24:10.375Z,sell,1.9e-06,5009.0,0.0095171
SNT/BTC,1564964818748,2019-08-05T00:26:58.748Z,sell,1.9e-06,17830.0,0.033877
SNT/BTC,1564965803439,2019-08-05T00:43:23.439Z,sell,1.89e-06,18050.0,0.0341145
SNT/BTC,1564965804292,2019-08-05T00:43:24.292Z,sell,1.89e-06,17897.0,0.03382533
SNT/BTC,1564965804404,2019-08-05T00:43:24.404Z,buy,1.89e-06,208.0,0.00039312
SNT/BTC,1564965804855,2019-08-05T00:43:24.855Z,sell,1.89e-06,18352.0,0.03468528
SNT/BTC,1564965898683,2019-08-05T00:44:58.683Z,buy,1.89e-06,120.0,0.0002267999999999
SNT/BTC,1564965898718,2019-08-05T00:44:58.718Z,buy,1.89e-06,120.0,0.0002267999999999
SNT/BTC,1564965898826,2019-08-05T00:44:58.826Z,buy,1.89e-06,485.0,0.00091665
SNT/BTC,1564965939195,2019-08-05T00:45:39.195Z,buy,1.89e-06,1571.0,0.00296919
SNT/BTC,1564966007774,2019-08-05T00:46:47.774Z,sell,1.89e-06,2284.0,0.0043167599999999
SNT/BTC,1564966007820,2019-08-05T00:46:47.820Z,sell,1.88e-06,1274.0,0.00239512
SNT/BTC,1564966007820,2019-08-05T00:46:47.820Z,sell,1.88e-06,1274.0,0.00239512
SNT/BTC,1564966204958,2019-08-05T00:50:04.958Z,sell,1.88e-06,7650.0,0.014382
SNT/BTC,1564966205007,2019-08-05T00:50:05.007Z,buy,1.88e-06,3742.0,0.00703496
SNT/BTC,1564966312698,2019-08-05T00:51:52.698Z,sell,1.87e-06,33822.0,0.06324714
SNT/BTC,1564966383005,2019-08-05T00:53:03.005Z,sell,1.87e-06,719.0,0.00134453
SNT/BTC,1564966384537,2019-08-05T00:53:04.537Z,sell,1.87e-06,81.0,0.00015147
SNT/BTC,1564966388656,2019-08-05T00:53:08.656Z,sell,1.87e-06,81.0,0.00015147
SNT/BTC,1564966391661,2019-08-05T00:53:11.661Z,sell,1.87e-06,81.0,0.00015147
SNT/BTC,1564966394670,2019-08-05T00:53:14.670Z,sell,1.87e-06,81.0,0.00015147
SNT/BTC,1564966397657,2019-08-05T00:53:17.657Z,sell,1.87e-06,81.0,0.00015147
SNT/BTC,1564966400658,2019-08-05T00:53:20.658Z,sell,1.87e-06,81.0,0.00015147
SNT/BTC,1564966403665,2019-08-05T00:53:23.665Z,sell,1.87e-06,81.0,0.00015147
SNT/BTC,1564966406664,2019-08-05T00:53:26.664Z,sell,1.87e-06,81.0,0.00015147
SNT/BTC,1564966409659,2019-08-05T00:53:29.659Z,sell,1.87e-06,81.0,0.00015147
SNT/BTC,1564966412671,2019-08-05T00:53:32.671Z,sell,1.87e-06,81.0,0.00015147
SNT/BTC,1564966415670,2019-08-05T00:53:35.670Z,sell,1.87e-06,81.0,0.00015147
SNT/BTC,1564966418666,2019-08-05T00:53:38.666Z,sell,1.87e-06,81.0,0.00015147
SNT/BTC,1564966421662,2019-08-05T00:53:41.662Z,sell,1.87e-06,81.0,0.00015147
SNT/BTC,1564966424665,2019-08-05T00:53:44.665Z,sell,1.87e-06,81.0,0.00015147
SNT/BTC,1564966427660,2019-08-05T00:53:47.660Z,sell,1.87e-06,81.0,0.00015147
SNT/BTC,1564966429409,2019-08-05T00:53:49.409Z,buy,1.88e-06,498.0,0.00093624
SNT/BTC,1564966430669,2019-08-05T00:53:50.669Z,sell,1.87e-06,81.0,0.00015147
SNT/BTC,1564966433673,2019-08-05T00:53:53.673Z,sell,1.87e-06,81.0,0.00015147
SNT/BTC,1564966436661,2019-08-05T00:53:56.661Z,sell,1.87e-06,81.0,0.00015147
SNT/BTC,1564966439671,2019-08-05T00:53:59.671Z,sell,1.87e-06,81.0,0.00015147
SNT/BTC,1564966442662,2019-08-05T00:54:02.662Z,sell,1.87e-06,81.0,0.00015147
SNT/BTC,1564966445662,2019-08-05T00:54:05.662Z,sell,1.87e-06,81.0,0.00015147
SNT/BTC,1564966448662,2019-08-05T00:54:08.662Z,sell,1.87e-06,81.0,0.00015147
SNT/BTC,1564966454669,2019-08-05T00:54:14.669Z,sell,1.87e-06,81.0,0.00015147
SNT/BTC,1564966457663,2019-08-05T00:54:17.663Z,sell,1.87e-06,81.0,0.00015147
SNT/BTC,1564966460678,2019-08-05T00:54:20.678Z,sell,1.87e-06,81.0,0.00015147
SNT/BTC,1564966463677,2019-08-05T00:54:23.677Z,sell,1.87e-06,81.0,0.00015147
SNT/BTC,1564966466679,2019-08-05T00:54:26.679Z,sell,1.87e-06,81.0,0.00015147
SNT/BTC,1564966469672,2019-08-05T00:54:29.672Z,sell,1.87e-06,81.0,0.00015147
SNT/BTC,1564966472664,2019-08-05T00:54:32.664Z,sell,1.87e-06,81.0,0.00015147
SNT/BTC,1564966475664,2019-08-05T00:54:35.664Z,sell,1.87e-06,81.0,0.00015147
SNT/BTC,1564966478669,2019-08-05T00:54:38.669Z,sell,1.87e-06,81.0,0.00015147
SNT/BTC,1564966481670,2019-08-05T00:54:41.670Z,sell,1.87e-06,81.0,0.00015147
SNT/BTC,1564966484681,2019-08-05T00:54:44.681Z,sell,1.87e-06,81.0,0.00015147
SNT/BTC,1564966487665,2019-08-05T00:54:47.665Z,sell,1.87e-06,81.0,0.00015147
SNT/BTC,1564966490669,2019-08-05T00:54:50.669Z,sell,1.87e-06,81.0,0.00015147
SNT/BTC,1564966492188,2019-08-05T00:54:52.188Z,sell,1.87e-06,81.0,0.00015147
SNT/BTC,1564966497689,2019-08-05T00:54:57.689Z,sell,1.87e-06,81.0,0.00015147
SNT/BTC,1564966500697,2019-08-05T00:55:00.697Z,sell,1.87e-06,81.0,0.00015147
SNT/BTC,1564966503691,2019-08-05T00:55:03.691Z,sell,1.87e-06,81.0,0.00015147
SNT/BTC,1564966506692,2019-08-05T00:55:06.692Z,sell,1.87e-06,81.0,0.00015147
SNT/BTC,1564966509696,2019-08-05T00:55:09.696Z,sell,1.87e-06,81.0,0.00015147
SNT/BTC,1564966512690,2019-08-05T00:55:12.690Z,sell,1.86e-06,81.0,0.00015066
SNT/BTC,1564966512690,2019-08-05T00:55:12.690Z,sell,1.86e-06,999.0,0.0018581399999999
SNT/BTC,1564966730752,2019-08-05T00:58:50.752Z,sell,1.86e-06,9427.0,0.01753422
SNT/BTC,1564966732554,2019-08-05T00:58:52.554Z,sell,1.86e-06,9366.0,0.01742076
SNT/BTC,1564966747927,2019-08-05T00:59:07.927Z,buy,1.87e-06,2284.0,0.00427108
SNT/BTC,1564966826014,2019-08-05T01:00:26.014Z,sell,1.87e-06,2300.0,0.004301
SNT/BTC,1564966826165,2019-08-05T01:00:26.165Z,buy,1.87e-06,1283.0,0.00239921
SNT/BTC,1564966833939,2019-08-05T01:00:33.939Z,sell,1.86e-06,10751.0,0.0199968599999999
SNT/BTC,1564966842946,2019-08-05T01:00:42.946Z,buy,1.87e-06,5204.0,0.00973148
SNT/BTC,1564966908881,2019-08-05T01:01:48.881Z,buy,1.87e-06,2300.0,0.004301
SNT/BTC,1564967013345,2019-08-05T01:03:33.345Z,buy,1.87e-06,2124.0,0.00397188
SNT/BTC,1564967107475,2019-08-05T01:05:07.475Z,sell,1.86e-06,2487.0,0.00462582
SNT/BTC,1564967111020,2019-08-05T01:05:11.020Z,sell,1.86e-06,1501.0,0.00279186
SNT/BTC,1564967152050,2019-08-05T01:05:52.050Z,buy,1.88e-06,9100.0,0.017108
SNT/BTC,1564967158115,2019-08-05T01:05:58.115Z,buy,1.88e-06,6383.0,0.01200004
SNT/BTC,1564967163276,2019-08-05T01:06:03.276Z,sell,1.86e-06,719.0,0.00133734
SNT/BTC,1564967316918,2019-08-05T01:08:36.918Z,buy,1.87e-06,2124.0,0.00397188
SNT/BTC,1564967431314,2019-08-05T01:10:31.314Z,buy,1.88e-06,531.0,0.00099828
SNT/BTC,1564967833831,2019-08-05T01:17:13.831Z,buy,1.88e-06,69.0,0.00012972
SNT/BTC,1564967894366,2019-08-05T01:18:14.366Z,buy,1.87e-06,15526.0,0.02903362
SNT/BTC,1564967894372,2019-08-05T01:18:14.372Z,buy,1.87e-06,2200.0,0.004114
SNT/BTC,1564967894398,2019-08-05T01:18:14.398Z,buy,1.87e-06,1331.0,0.00248897
SNT/BTC,1564968585268,2019-08-05T01:29:45.268Z,sell,1.86e-06,17663.0,0.03285318
SNT/BTC,1564968615826,2019-08-05T01:30:15.826Z,sell,1.86e-06,2335.0,0.0043431
SNT/BTC,1564968616272,2019-08-05T01:30:16.272Z,sell,1.86e-06,1753.0,0.00326058
SNT/BTC,1564968709249,2019-08-05T01:31:49.249Z,sell,1.86e-06,11718.0,0.02179548
SNT/BTC,1564968970915,2019-08-05T01:36:10.915Z,sell,1.86e-06,2008.0,0.00373488
SNT/BTC,1564969227196,2019-08-05T01:40:27.196Z,buy,1.86e-06,536.0,0.00099696
SNT/BTC,1564969251026,2019-08-05T01:40:51.026Z,sell,1.85e-06,535.0,0.00098975
SNT/BTC,1564969251026,2019-08-05T01:40:51.026Z,sell,1.85e-06,4041.0,0.00747585
SNT/BTC,1564969265894,2019-08-05T01:41:05.894Z,sell,1.85e-06,260.0,0.000481
SNT/BTC,1564969330373,2019-08-05T01:42:10.373Z,sell,1.85e-06,56396.0,0.1043326
SNT/BTC,1564969385098,2019-08-05T01:43:05.098Z,sell,1.85e-06,10823.0,0.02002255
SNT/BTC,1564969386113,2019-08-05T01:43:06.113Z,sell,1.85e-06,5411.0,0.01001035
SNT/BTC,1564969409308,2019-08-05T01:43:29.308Z,sell,1.85e-06,6526.0,0.0120731
SNT/BTC,1564969421268,2019-08-05T01:43:41.268Z,sell,1.84e-06,514.0,0.00094576
SNT/BTC,1564969421504,2019-08-05T01:43:41.504Z,sell,1.84e-06,945.0,0.0017388
SNT/BTC,1564969422229,2019-08-05T01:43:42.229Z,buy,1.85e-06,591.0,0.00109335
SNT/BTC,1564969422280,2019-08-05T01:43:42.280Z,buy,1.85e-06,588.0,0.0010878
SNT/BTC,1564969503893,2019-08-05T01:45:03.893Z,sell,1.84e-06,731.0,0.00134504
SNT/BTC,1564969504759,2019-08-05T01:45:04.759Z,sell,1.84e-06,1191.0,0.00219144
SNT/BTC,1564969504759,2019-08-05T01:45:04.759Z,sell,1.83e-06,83692.0,0.15315636
SNT/BTC,1564969505484,2019-08-05T01:45:05.484Z,buy,1.84e-06,15469.0,0.02846296
SNT/BTC,1564969515732,2019-08-05T01:45:15.732Z,sell,1.84e-06,1378.0,0.00253552
SNT/BTC,1564969538792,2019-08-05T01:45:38.792Z,sell,1.84e-06,1381.0,0.00254104
SNT/BTC,1564969569468,2019-08-05T01:46:09.468Z,sell,1.84e-06,5801.0,0.01067384
SNT/BTC,1564969570390,2019-08-05T01:46:10.390Z,sell,1.84e-06,3573.0,0.00657432
SNT/BTC,1564969573399,2019-08-05T01:46:13.399Z,sell,1.84e-06,1366.0,0.00251344
SNT/BTC,1564969578523,2019-08-05T01:46:18.523Z,sell,1.84e-06,723.0,0.00133032
SNT/BTC,1564969579529,2019-08-05T01:46:19.529Z,buy,1.84e-06,726.0,0.00133584
SNT/BTC,1564969595146,2019-08-05T01:46:35.146Z,sell,1.83e-06,524.0,0.00095892
SNT/BTC,1564969597291,2019-08-05T01:46:37.291Z,sell,1.83e-06,332.0,0.00060756
SNT/BTC,1564969602149,2019-08-05T01:46:42.149Z,sell,1.83e-06,1049.0,0.00191967
SNT/BTC,1564969602149,2019-08-05T01:46:42.149Z,sell,1.83e-06,1049.0,0.00191967
SNT/BTC,1564969612226,2019-08-05T01:46:52.226Z,buy,1.84e-06,721.0,0.00132664
SNT/BTC,1564969612568,2019-08-05T01:46:52.568Z,sell,1.83e-06,12209.0,0.02234247
SNT/BTC,1564969614086,2019-08-05T01:46:54.086Z,sell,1.83e-06,62.0,0.00011346
SNT/BTC,1564969614257,2019-08-05T01:46:54.257Z,buy,1.84e-06,721.0,0.00132664
SNT/BTC,1564969629431,2019-08-05T01:47:09.431Z,buy,1.84e-06,721.0,0.00132664
SNT/BTC,1564969643995,2019-08-05T01:47:23.995Z,sell,1.83e-06,2624.0,0.00480192
SNT/BTC,1564969655355,2019-08-05T01:47:35.355Z,sell,1.83e-06,1049.0,0.00191967
SNT/BTC,1564969657702,2019-08-05T01:47:37.702Z,buy,1.84e-06,720.0,0.0013248
SNT/BTC,1564969661079,2019-08-05T01:47:41.079Z,sell,1.83e-06,1049.0,0.00191967
SNT/BTC,1564969764718,2019-08-05T01:49:24.718Z,sell,1.83e-06,731.0,0.00133773
SNT/BTC,1564969765685,2019-08-05T01:49:25.685Z,buy,1.83e-06,838.0,0.00153354
SNT/BTC,1564969766157,2019-08-05T01:49:26.157Z,sell,1.83e-06,626.0,0.00114558
SNT/BTC,1564969766157,2019-08-05T01:49:26.157Z,sell,1.82e-06,107.0,0.00019474
SNT/BTC,1564969767473,2019-08-05T01:49:27.473Z,buy,1.83e-06,588.0,0.00107604
SNT/BTC,1564969769404,2019-08-05T01:49:29.404Z,sell,1.82e-06,4458.0,0.00811356
SNT/BTC,1564969776627,2019-08-05T01:49:36.627Z,sell,1.82e-06,11554.0,0.02102828
SNT/BTC,1564969777768,2019-08-05T01:49:37.768Z,sell,1.82e-06,424.0,0.00077168
SNT/BTC,1564969778683,2019-08-05T01:49:38.683Z,sell,1.82e-06,11192.0,0.02036944
SNT/BTC,1564969779013,2019-08-05T01:49:39.013Z,sell,1.82e-06,1575.0,0.0028664999999999
SNT/BTC,1564969781100,2019-08-05T01:49:41.100Z,sell,1.82e-06,182.0,0.00033124
SNT/BTC,1564969782663,2019-08-05T01:49:42.663Z,buy,1.83e-06,2629.0,0.00481107
SNT/BTC,1564969784950,2019-08-05T01:49:44.950Z,sell,1.82e-06,628.0,0.00114296
SNT/BTC,1564969792710,2019-08-05T01:49:52.710Z,sell,1.82e-06,6383.0,0.01161706
SNT/BTC,1564969804576,2019-08-05T01:50:04.576Z,sell,1.82e-06,739.0,0.00134498
SNT/BTC,1564969825601,2019-08-05T01:50:25.601Z,buy,1.83e-06,666.0,0.00121878
SNT/BTC,1564969826404,2019-08-05T01:50:26.404Z,buy,1.83e-06,73.0,0.00013359
SNT/BTC,1564969843998,2019-08-05T01:50:43.998Z,buy,1.83e-06,1086.0,0.00198738
SNT/BTC,1564969913013,2019-08-05T01:51:53.013Z,sell,1.83e-06,2229.0,0.00407907
SNT/BTC,1564969915597,2019-08-05T01:51:55.597Z,sell,1.82e-06,5145.0,0.0093639
SNT/BTC,1564970021593,2019-08-05T01:53:41.593Z,buy,1.83e-06,119.0,0.00021777
SNT/BTC,1564970064044,2019-08-05T01:54:24.044Z,buy,1.83e-06,6577.0,0.01203591
SNT/BTC,1564970179943,2019-08-05T01:56:19.943Z,sell,1.83e-06,3123.0,0.00571509
SNT/BTC,1564970180201,2019-08-05T01:56:20.201Z,buy,1.83e-06,33000.0,0.06039
SNT/BTC,1564970226873,2019-08-05T01:57:06.873Z,buy,1.82e-06,1000.0,0.00182
SNT/BTC,1564970314320,2019-08-05T01:58:34.320Z,sell,1.82e-06,973.0,0.00177086
SNT/BTC,1564970437401,2019-08-05T02:00:37.401Z,buy,1.83e-06,545.0,0.00099735
SNT/BTC,1564970454499,2019-08-05T02:00:54.499Z,sell,1.82e-06,8750.0,0.0159249999999999
SNT/BTC,1564970554305,2019-08-05T02:02:34.305Z,sell,1.82e-06,11550.0,0.0210209999999999
SNT/BTC,1564970555090,2019-08-05T02:02:35.090Z,sell,1.82e-06,7700.0,0.0140139999999999
SNT/BTC,1564970683228,2019-08-05T02:04:43.228Z,buy,1.83e-06,7339.0,0.01343037
SNT/BTC,1564970695791,2019-08-05T02:04:55.791Z,buy,1.83e-06,9389.0,0.01718187
SNT/BTC,1564970743015,2019-08-05T02:05:43.015Z,buy,1.83e-06,7347.0,0.01344501
SNT/BTC,1564970743977,2019-08-05T02:05:43.977Z,buy,1.83e-06,6436.0,0.01177788
SNT/BTC,1564970787964,2019-08-05T02:06:27.964Z,buy,1.83e-06,14946.0,0.02735118
SNT/BTC,1564970788718,2019-08-05T02:06:28.718Z,buy,1.83e-06,8214.0,0.01503162
SNT/BTC,1564970789746,2019-08-05T02:06:29.746Z,buy,1.83e-06,676.0,0.00123708
SNT/BTC,1564970803823,2019-08-05T02:06:43.823Z,buy,1.83e-06,354.0,0.00064782
SNT/BTC,1564970803966,2019-08-05T02:06:43.966Z,buy,1.84e-06,7316.0,0.01346144
SNT/BTC,1564970819253,2019-08-05T02:06:59.253Z,buy,1.84e-06,1043.0,0.0019191199999999
SNT/BTC,1564970864269,2019-08-05T02:07:44.269Z,buy,1.84e-06,7340.0,0.0135056
SNT/BTC,1564970894849,2019-08-05T02:08:14.849Z,sell,1.83e-06,3295.0,0.00602985
SNT/BTC,1564970924998,2019-08-05T02:08:44.998Z,buy,1.83e-06,2294.0,0.00419802
SNT/BTC,1564970986862,2019-08-05T02:09:46.862Z,buy,1.84e-06,7319.0,0.01346696
SNT/BTC,1564971069925,2019-08-05T02:11:09.925Z,buy,1.84e-06,1086.0,0.00199824
SNT/BTC,1564971084631,2019-08-05T02:11:24.631Z,sell,1.83e-06,2308.0,0.00422364
SNT/BTC,1564971106172,2019-08-05T02:11:46.172Z,buy,1.83e-06,819.0,0.00149877
SNT/BTC,1564971199152,2019-08-05T02:13:19.152Z,buy,1.83e-06,17500.0,0.032025
SNT/BTC,1564971200103,2019-08-05T02:13:20.103Z,buy,1.83e-06,137.0,0.00025071
SNT/BTC,1564971206334,2019-08-05T02:13:26.334Z,sell,1.83e-06,12257.0,0.02243031
SNT/BTC,1564971346758,2019-08-05T02:15:46.758Z,sell,1.82e-06,1061.0,0.0019310199999999
SNT/BTC,1564971378769,2019-08-05T02:16:18.769Z,buy,1.84e-06,66.0,0.00012144
SNT/BTC,1564971436847,2019-08-05T02:17:16.847Z,buy,1.84e-06,76.0,0.00013984
SNT/BTC,1564971468637,2019-08-05T02:17:48.637Z,buy,1.83e-06,1161.0,0.00212463
SNT/BTC,1564971471358,2019-08-05T02:17:51.358Z,buy,1.83e-06,761.0,0.00139263
SNT/BTC,1564971471383,2019-08-05T02:17:51.383Z,buy,1.83e-06,383.0,0.00070089
SNT/BTC,1564971484243,2019-08-05T02:18:04.243Z,buy,1.84e-06,481.0,0.00088504
SNT/BTC,1564971836854,2019-08-05T02:23:56.854Z,sell,1.83e-06,26308.0,0.04814364
SNT/BTC,1564971836854,2019-08-05T02:23:56.854Z,sell,1.82e-06,241618.0,0.43974476
SNT/BTC,1564971836854,2019-08-05T02:23:56.854Z,sell,1.81e-06,113461.0,0.20536441
SNT/BTC,1564971836854,2019-08-05T02:23:56.854Z,sell,1.81e-06,6000.0,0.01086
SNT/BTC,1564971836854,2019-08-05T02:23:56.854Z,sell,1.81e-06,93236.0,0.16875716
SNT/BTC,1564971837213,2019-08-05T02:23:57.213Z,sell,1.83e-06,753.0,0.00137799
SNT/BTC,1564971837406,2019-08-05T02:23:57.406Z,sell,1.83e-06,23247.0,0.04254201
SNT/BTC,1564971851299,2019-08-05T02:24:11.299Z,buy,1.82e-06,120.0,0.0002184
SNT/BTC,1564971851537,2019-08-05T02:24:11.537Z,buy,1.82e-06,120.0,0.0002184
SNT/BTC,1564971852718,2019-08-05T02:24:12.718Z,buy,1.82e-06,1933.0,0.00351806
SNT/BTC,1564971862672,2019-08-05T02:24:22.672Z,sell,1.81e-06,731.0,0.00132311
SNT/BTC,1564971904243,2019-08-05T02:25:04.243Z,sell,1.81e-06,743.0,0.00134483
SNT/BTC,1564972031409,2019-08-05T02:27:11.409Z,buy,1.82e-06,2111.0,0.00384202
SNT/BTC,1564972032410,2019-08-05T02:27:12.410Z,buy,1.82e-06,2111.0,0.00384202
SNT/BTC,1564972060331,2019-08-05T02:27:40.331Z,sell,1.81e-06,148801.0,0.26932981
SNT/BTC,1564972205546,2019-08-05T02:30:05.546Z,buy,1.82e-06,2762.0,0.0050268399999999
SNT/BTC,1564972535587,2019-08-05T02:35:35.587Z,buy,1.82e-06,864.0,0.00157248
SNT/BTC,1564972580889,2019-08-05T02:36:20.889Z,sell,1.81e-06,2321.0,0.00420101
SNT/BTC,1564972580889,2019-08-05T02:36:20.889Z,sell,1.8e-06,39329.0,0.0707922
SNT/BTC,1564972581645,2019-08-05T02:36:21.645Z,buy,1.81e-06,597.0,0.00108057
SNT/BTC,1564972623813,2019-08-05T02:37:03.813Z,sell,1.8e-06,597.0,0.0010746
SNT/BTC,1564972623813,2019-08-05T02:37:03.813Z,sell,1.79e-06,150.0,0.0002685
SNT/BTC,1564972623813,2019-08-05T02:37:03.813Z,sell,1.79e-06,22318.0,0.03994922
SNT/BTC,1564972624459,2019-08-05T02:37:04.459Z,sell,1.79e-06,597.0,0.00106863
SNT/BTC,1564972625894,2019-08-05T02:37:05.894Z,sell,1.8e-06,588.0,0.0010584
SNT/BTC,1564972625918,2019-08-05T02:37:05.918Z,buy,1.8e-06,224.0,0.0004032
SNT/BTC,1564972625995,2019-08-05T02:37:05.995Z,buy,1.8e-06,114.0,0.0002052
SNT/BTC,1564972626013,2019-08-05T02:37:06.013Z,buy,1.8e-06,221.0,0.0003977999999999
SNT/BTC,1564972626108,2019-08-05T02:37:06.108Z,buy,1.8e-06,740.0,0.0013319999999999
SNT/BTC,1564972626210,2019-08-05T02:37:06.210Z,buy,1.8e-06,647.0,0.0011646
SNT/BTC,1564972626449,2019-08-05T02:37:06.449Z,buy,1.8e-06,368.0,0.0006624
SNT/BTC,1564972629428,2019-08-05T02:37:09.428Z,buy,1.8e-06,5317.0,0.0095706
SNT/BTC,1564972631612,2019-08-05T02:37:11.612Z,buy,1.8e-06,1941.0,0.0034938
SNT/BTC,1564972631951,2019-08-05T02:37:11.951Z,sell,1.79e-06,715.0,0.00127985
SNT/BTC,1564972632463,2019-08-05T02:37:12.463Z,sell,1.79e-06,707.0,0.00126553
SNT/BTC,1564972640300,2019-08-05T02:37:20.300Z,sell,1.79e-06,6743.0,0.01206997
SNT/BTC,1564972641101,2019-08-05T02:37:21.101Z,sell,1.79e-06,1053.0,0.00188487
SNT/BTC,1564972648319,2019-08-05T02:37:28.319Z,sell,1.79e-06,12421.0,0.02223359
SNT/BTC,1564972653290,2019-08-05T02:37:33.290Z,sell,1.79e-06,638.0,0.00114202
SNT/BTC,1564972672467,2019-08-05T02:37:52.467Z,buy,1.8e-06,1275.0,0.0022949999999999
SNT/BTC,1564972678572,2019-08-05T02:37:58.572Z,buy,1.8e-06,5604.0,0.0100872
SNT/BTC,1564972680451,2019-08-05T02:38:00.451Z,buy,1.8e-06,7909.0,0.0142362
SNT/BTC,1564972708653,2019-08-05T02:38:28.653Z,buy,1.81e-06,1086.0,0.00196566
SNT/BTC,1564972711154,2019-08-05T02:38:31.154Z,buy,1.81e-06,829.0,0.00150049
SNT/BTC,1564972751086,2019-08-05T02:39:11.086Z,buy,1.81e-06,18.0,3.258e-05
SNT/BTC,1564972792559,2019-08-05T02:39:52.559Z,sell,1.8e-06,78.0,0.0001404
SNT/BTC,1564972883397,2019-08-05T02:41:23.397Z,sell,1.8e-06,1417.0,0.0025506
SNT/BTC,1564972987304,2019-08-05T02:43:07.304Z,buy,1.81e-06,18.0,3.258e-05
SNT/BTC,1564973033487,2019-08-05T02:43:53.487Z,buy,1.81e-06,19.0,3.439e-05
SNT/BTC,1564973120158,2019-08-05T02:45:20.158Z,sell,1.8e-06,837.0,0.0015065999999999
SNT/BTC,1564973120158,2019-08-05T02:45:20.158Z,sell,1.79e-06,77386.0,0.13852094
SNT/BTC,1564973120158,2019-08-05T02:45:20.158Z,sell,1.8e-06,837.0,0.0015065999999999
SNT/BTC,1564973120158,2019-08-05T02:45:20.158Z,sell,1.79e-06,77386.0,0.13852094
SNT/BTC,1564973351727,2019-08-05T02:49:11.727Z,buy,1.8e-06,147.0,0.0002646
SNT/BTC,1564973384508,2019-08-05T02:49:44.508Z,buy,1.8e-06,16.0,2.88e-05
SNT/BTC,1564973514390,2019-08-05T02:51:54.390Z,sell,1.79e-06,3162.0,0.00565998
SNT/BTC,1564973620292,2019-08-05T02:53:40.292Z,buy,1.79e-06,2169.0,0.00388251
SNT/BTC,1564973623949,2019-08-05T02:53:43.949Z,sell,1.79e-06,29120.0,0.0521248
SNT/BTC,1564973636507,2019-08-05T02:53:56.507Z,buy,1.79e-06,525.0,0.00093975
SNT/BTC,1564973797952,2019-08-05T02:56:37.952Z,buy,1.79e-06,537.0,0.00096123
SNT/BTC,1564974006358,2019-08-05T03:00:06.358Z,sell,1.78e-06,44450.0,0.079121
SNT/BTC,1564974006606,2019-08-05T03:00:06.606Z,sell,1.78e-06,13543.0,0.02410654
SNT/BTC,1564974006935,2019-08-05T03:00:06.935Z,sell,1.78e-06,28876.0,0.05139928
SNT/BTC,1564974008378,2019-08-05T03:00:08.378Z,sell,1.77e-06,8264.0,0.01462728
SNT/BTC,1564974011915,2019-08-05T03:00:11.915Z,buy,1.77e-06,224.0,0.00039648
SNT/BTC,1564974012012,2019-08-05T03:00:12.012Z,buy,1.77e-06,146.0,0.00025842
SNT/BTC,1564974012103,2019-08-05T03:00:12.103Z,buy,1.77e-06,984.0,0.00174168
SNT/BTC,1564974012211,2019-08-05T03:00:12.211Z,buy,1.77e-06,966.0,0.00170982
SNT/BTC,1564974013070,2019-08-05T03:00:13.070Z,buy,1.78e-06,97.0,0.00017266
SNT/BTC,1564974013532,2019-08-05T03:00:13.532Z,sell,1.77e-06,2340.0,0.0041418
SNT/BTC,1564974014390,2019-08-05T03:00:14.390Z,buy,1.77e-06,1149.0,0.00203373
SNT/BTC,1564974014490,2019-08-05T03:00:14.490Z,buy,1.77e-06,2899.0,0.00513123
SNT/BTC,1564974014609,2019-08-05T03:00:14.609Z,buy,1.77e-06,4656.0,0.00824112
SNT/BTC,1564974015719,2019-08-05T03:00:15.719Z,buy,1.77e-06,924.0,0.00163548
SNT/BTC,1564974016153,2019-08-05T03:00:16.153Z,buy,1.77e-06,1477.0,0.00261429
SNT/BTC,1564974018623,2019-08-05T03:00:18.623Z,sell,1.76e-06,829.0,0.00145904
SNT/BTC,1564974018623,2019-08-05T03:00:18.623Z,sell,1.76e-06,3640.0,0.0064064
SNT/BTC,1564974020893,2019-08-05T03:00:20.893Z,buy,1.77e-06,577.0,0.00102129
SNT/BTC,1564974035869,2019-08-05T03:00:35.869Z,sell,1.77e-06,2935.0,0.00519495
SNT/BTC,1564974036861,2019-08-05T03:00:36.861Z,buy,1.77e-06,2353.0,0.00416481
SNT/BTC,1564974040654,2019-08-05T03:00:40.654Z,buy,1.77e-06,623.0,0.00110271
SNT/BTC,1564974063481,2019-08-05T03:01:03.481Z,sell,1.76e-06,764.0,0.00134464
SNT/BTC,1564974065531,2019-08-05T03:01:05.531Z,buy,1.77e-06,18.0,3.186e-05
SNT/BTC,1564974085542,2019-08-05T03:01:25.542Z,sell,1.76e-06,5468.0,0.00962368
SNT/BTC,1564974114606,2019-08-05T03:01:54.606Z,sell,1.76e-06,1083.0,0.00190608
SNT/BTC,1564974162538,2019-08-05T03:02:42.538Z,buy,1.77e-06,1129.0,0.00199833
SNT/BTC,1564974251646,2019-08-05T03:04:11.646Z,buy,1.77e-06,1664.0,0.0029452799999999
SNT/BTC,1564974259426,2019-08-05T03:04:19.426Z,buy,1.77e-06,138.0,0.00024426
SNT/BTC,1564974601740,2019-08-05T03:10:01.740Z,buy,1.78e-06,61.0,0.00010858
SNT/BTC,1564974619230,2019-08-05T03:10:19.230Z,buy,1.78e-06,9553.0,0.01700434
SNT/BTC,1564974730991,2019-08-05T03:12:10.991Z,buy,1.78e-06,2238.0,0.00398364
SNT/BTC,1564974731903,2019-08-05T03:12:11.903Z,buy,1.78e-06,47357.0,0.0842954599999999
SNT/BTC,1564974783452,2019-08-05T03:13:03.452Z,buy,1.79e-06,20.0,3.58e-05
SNT/BTC,1564974809820,2019-08-05T03:13:29.820Z,buy,1.79e-06,6893.0,0.01233847
SNT/BTC,1564974828543,2019-08-05T03:13:48.543Z,sell,1.78e-06,2204.0,0.0039231199999999
SNT/BTC,1564974842007,2019-08-05T03:14:02.007Z,sell,1.77e-06,712.0,0.00126024
SNT/BTC,1564974981175,2019-08-05T03:16:21.175Z,buy,1.78e-06,92.0,0.00016376
SNT/BTC,1564975040097,2019-08-05T03:17:20.097Z,buy,1.78e-06,380.0,0.0006764
SNT/BTC,1564975374312,2019-08-05T03:22:54.312Z,buy,1.78e-06,90.0,0.0001602
SNT/BTC,1564975743538,2019-08-05T03:29:03.538Z,sell,1.77e-06,20000.0,0.0354
SNT/BTC,1564975787130,2019-08-05T03:29:47.130Z,buy,1.78e-06,2341.0,0.00416698
SNT/BTC,1564975799290,2019-08-05T03:29:59.290Z,buy,1.78e-06,18458.0,0.03285524
SNT/BTC,1564975822356,2019-08-05T03:30:22.356Z,buy,1.78e-06,7670.0,0.0136525999999999
SNT/BTC,1564975848281,2019-08-05T03:30:48.281Z,buy,1.79e-06,42996.0,0.07696284
SNT/BTC,1564975958472,2019-08-05T03:32:38.472Z,sell,1.78e-06,9682.0,0.01723396
SNT/BTC,1564975958867,2019-08-05T03:32:38.867Z,sell,1.78e-06,9682.0,0.01723396
SNT/BTC,1564975958867,2019-08-05T03:32:38.867Z,sell,1.78e-06,9682.0,0.01723396
SNT/BTC,1564977225537,2019-08-05T03:53:45.537Z,buy,1.79e-06,478.0,0.00085562
SNT/BTC,1564977268537,2019-08-05T03:54:28.537Z,sell,1.78e-06,19619.0,0.03492182
SNT/BTC,1564977333040,2019-08-05T03:55:33.040Z,buy,1.79e-06,20.0,3.58e-05
SNT/BTC,1564977569045,2019-08-05T03:59:29.045Z,sell,1.78e-06,14106.0,0.0251086799999999
SNT/BTC,1564977717632,2019-08-05T04:01:57.632Z,buy,1.78e-06,12835.0,0.0228463
SNT/BTC,1564977797610,2019-08-05T04:03:17.610Z,sell,1.77e-06,530.0,0.0009381
SNT/BTC,1564977896433,2019-08-05T04:04:56.433Z,sell,1.77e-06,2017.0,0.00357009
SNT/BTC,1564978115819,2019-08-05T04:08:35.819Z,buy,1.78e-06,461.0,0.00082058
SNT/BTC,1564978134875,2019-08-05T04:08:54.875Z,sell,1.77e-06,1985.0,0.00351345
SNT/BTC,1564978223672,2019-08-05T04:10:23.672Z,buy,1.78e-06,560.0,0.0009968
SNT/BTC,1564978246076,2019-08-05T04:10:46.076Z,buy,1.78e-06,1488.0,0.00264864
SNT/BTC,1564978274844,2019-08-05T04:11:14.844Z,buy,1.78e-06,12836.0,0.02284808
SNT/BTC,1564978909239,2019-08-05T04:21:49.239Z,buy,1.78e-06,1486.0,0.0026450799999999
SNT/BTC,1564978988297,2019-08-05T04:23:08.297Z,buy,1.78e-06,48650.0,0.086597
SNT/BTC,1564978993411,2019-08-05T04:23:13.411Z,buy,1.78e-06,328.0,0.00058384
SNT/BTC,1564979148823,2019-08-05T04:25:48.823Z,sell,1.77e-06,1664.0,0.0029452799999999
SNT/BTC,1564979170694,2019-08-05T04:26:10.694Z,buy,1.78e-06,7426.0,0.0132182799999999
SNT/BTC,1564979211469,2019-08-05T04:26:51.469Z,buy,1.78e-06,91.0,0.00016198
SNT/BTC,1564979230617,2019-08-05T04:27:10.617Z,buy,1.78e-06,7428.0,0.0132218399999999
SNT/BTC,1564979292096,2019-08-05T04:28:12.096Z,buy,1.78e-06,7435.0,0.0132343
SNT/BTC,1564979353717,2019-08-05T04:29:13.717Z,buy,1.78e-06,7434.0,0.01323252
SNT/BTC,1564979369948,2019-08-05T04:29:29.948Z,buy,1.78e-06,14675.0,0.0261215
SNT/BTC,1564979433432,2019-08-05T04:30:33.432Z,sell,1.77e-06,82939.0,0.14680203
SNT/BTC,1564979457883,2019-08-05T04:30:57.883Z,buy,1.78e-06,560.0,0.0009968
SNT/BTC,1564979547346,2019-08-05T04:32:27.346Z,sell,1.77e-06,6238.0,0.01104126
SNT/BTC,1564979547346,2019-08-05T04:32:27.346Z,sell,1.77e-06,6238.0,0.01104126
SNT/BTC,1564979751427,2019-08-05T04:35:51.427Z,sell,1.77e-06,621.0,0.00109917
SNT/BTC,1564980024792,2019-08-05T04:40:24.792Z,buy,1.78e-06,560.0,0.0009968
SNT/BTC,1564980081001,2019-08-05T04:41:21.001Z,buy,1.78e-06,108.0,0.00019224
SNT/BTC,1564980335858,2019-08-05T04:45:35.858Z,sell,1.77e-06,28382.0,0.05023614
SNT/BTC,1564980547101,2019-08-05T04:49:07.101Z,buy,1.78e-06,7308.0,0.0130082399999999
SNT/BTC,1564980784004,2019-08-05T04:53:04.004Z,buy,1.78e-06,10809.0,0.01924002
SNT/BTC,1564980823174,2019-08-05T04:53:43.174Z,buy,1.78e-06,249.0,0.00044322
SNT/BTC,1564980907183,2019-08-05T04:55:07.183Z,sell,1.76e-06,22058.0,0.03882208
SNT/BTC,1564980933886,2019-08-05T04:55:33.886Z,buy,1.78e-06,20.0,3.56e-05
SNT/BTC,1564980945239,2019-08-05T04:55:45.239Z,buy,1.78e-06,11638.0,0.02071564
SNT/BTC,1564980964006,2019-08-05T04:56:04.006Z,buy,1.78e-06,18.0,3.204e-05
SNT/BTC,1564981190846,2019-08-05T04:59:50.846Z,buy,1.78e-06,531.0,0.0009451799999999
SNT/BTC,1564981362904,2019-08-05T05:02:42.904Z,buy,1.77e-06,1171.0,0.00207267
SNT/BTC,1564981363925,2019-08-05T05:02:43.925Z,buy,1.77e-06,600.0,0.001062
SNT/BTC,1564981412588,2019-08-05T05:03:32.588Z,buy,1.77e-06,9065.0,0.01604505
SNT/BTC,1564981412715,2019-08-05T05:03:32.715Z,buy,1.77e-06,9469.0,0.01676013
SNT/BTC,1564981413721,2019-08-05T05:03:33.721Z,buy,1.77e-06,1934.0,0.00342318
SNT/BTC,1564981491638,2019-08-05T05:04:51.638Z,buy,1.77e-06,111.0,0.00019647
SNT/BTC,1564981496474,2019-08-05T05:04:56.474Z,buy,1.77e-06,134.0,0.00023718
SNT/BTC,1564981499012,2019-08-05T05:04:59.012Z,buy,1.77e-06,3117.0,0.00551709
SNT/BTC,1564981567435,2019-08-05T05:06:07.435Z,buy,1.78e-06,843.0,0.0015005399999999
SNT/BTC,1564981599450,2019-08-05T05:06:39.450Z,buy,1.78e-06,2172.0,0.0038661599999999
SNT/BTC,1564981714658,2019-08-05T05:08:34.658Z,sell,1.77e-06,13624.0,0.02411448
SNT/BTC,1564981740211,2019-08-05T05:09:00.211Z,buy,1.77e-06,2431.0,0.00430287
SNT/BTC,1564981844327,2019-08-05T05:10:44.327Z,sell,1.77e-06,5880.0,0.0104076
SNT/BTC,1564981845466,2019-08-05T05:10:45.466Z,buy,1.77e-06,6531.0,0.01155987
SNT/BTC,1564981847103,2019-08-05T05:10:47.103Z,buy,1.77e-06,8466.0,0.01498482
SNT/BTC,1564981850930,2019-08-05T05:10:50.930Z,buy,1.77e-06,5158.0,0.00912966
SNT/BTC,1564981851061,2019-08-05T05:10:51.061Z,buy,1.78e-06,5158.0,0.00918124
SNT/BTC,1564982130779,2019-08-05T05:15:30.779Z,sell,1.77e-06,15816.0,0.02799432
SNT/BTC,1564982280907,2019-08-05T05:18:00.907Z,sell,1.77e-06,3100.0,0.005487
SNT/BTC,1564982820588,2019-08-05T05:27:00.588Z,buy,1.77e-06,2775.0,0.00491175
SNT/BTC,1564982858483,2019-08-05T05:27:38.483Z,buy,1.78e-06,6000.0,0.0106799999999999
SNT/BTC,1564983066316,2019-08-05T05:31:06.316Z,sell,1.77e-06,12747.0,0.02256219
SNT/BTC,1564983081064,2019-08-05T05:31:21.064Z,buy,1.77e-06,44166.0,0.07817382
SNT/BTC,1564983081064,2019-08-05T05:31:21.064Z,buy,1.77e-06,44166.0,0.07817382
SNT/BTC,1564983215169,2019-08-05T05:33:35.169Z,buy,1.78e-06,400.0,0.000712
SNT/BTC,1564983241616,2019-08-05T05:34:01.616Z,sell,1.77e-06,12893.0,0.02282061
SNT/BTC,1564983351386,2019-08-05T05:35:51.386Z,buy,1.78e-06,100.0,0.000178
SNT/BTC,1564983970510,2019-08-05T05:46:10.510Z,buy,1.78e-06,978.0,0.00174084
SNT/BTC,1564984415009,2019-08-05T05:53:35.009Z,buy,1.78e-06,19250.0,0.034265
SNT/BTC,1564984426130,2019-08-05T05:53:46.130Z,buy,1.78e-06,240.0,0.0004272
SNT/BTC,1564984716391,2019-08-05T05:58:36.391Z,sell,1.77e-06,2500.0,0.004425
SNT/BTC,1564984829973,2019-08-05T06:00:29.973Z,buy,1.78e-06,4721.0,0.00840338
SNT/BTC,1564984830229,2019-08-05T06:00:30.229Z,buy,1.78e-06,2000.0,0.00356
SNT/BTC,1564985866180,2019-08-05T06:17:46.180Z,sell,1.77e-06,140858.0,0.24931866
SNT/BTC,1564986024411,2019-08-05T06:20:24.411Z,sell,1.77e-06,23145.0,0.04096665
SNT/BTC,1564986027456,2019-08-05T06:20:27.456Z,buy,1.77e-06,13966.0,0.02471982
SNT/BTC,1564986367167,2019-08-05T06:26:07.167Z,sell,1.76e-06,4166.0,0.00733216
SNT/BTC,1564986618178,2019-08-05T06:30:18.178Z,sell,1.76e-06,27248.0,0.04795648
SNT/BTC,1564986618178,2019-08-05T06:30:18.178Z,sell,1.76e-06,27248.0,0.04795648
SNT/BTC,1564986698106,2019-08-05T06:31:38.106Z,buy,1.77e-06,564.0,0.00099828
SNT/BTC,1564986741778,2019-08-05T06:32:21.778Z,buy,1.77e-06,11157.0,0.01974789
SNT/BTC,1564986862628,2019-08-05T06:34:22.628Z,buy,1.77e-06,2500.0,0.004425
SNT/BTC,1564986908872,2019-08-05T06:35:08.872Z,sell,1.77e-06,151.0,0.00026727
SNT/BTC,1564987066600,2019-08-05T06:37:46.600Z,sell,1.77e-06,123.0,0.00021771
SNT/BTC,1564987071190,2019-08-05T06:37:51.190Z,sell,1.77e-06,169.0,0.00029913
SNT/BTC,1564987143815,2019-08-05T06:39:03.815Z,sell,1.77e-06,17832.0,0.03156264
SNT/BTC,1564987401633,2019-08-05T06:43:21.633Z,sell,1.76e-06,14728.0,0.02592128
SNT/BTC,1564987461114,2019-08-05T06:44:21.114Z,sell,1.76e-06,11366.0,0.02000416
SNT/BTC,1564987466197,2019-08-05T06:44:26.197Z,sell,1.76e-06,593.0,0.00104368
SNT/BTC,1564987477134,2019-08-05T06:44:37.134Z,sell,1.76e-06,5533.0,0.00973808
SNT/BTC,1564987507127,2019-08-05T06:45:07.127Z,sell,1.75e-06,14246.0,0.0249305
SNT/BTC,1564987547811,2019-08-05T06:45:47.811Z,sell,1.75e-06,4992.0,0.008736
SNT/BTC,1564987549004,2019-08-05T06:45:49.004Z,buy,1.76e-06,13814.0,0.02431264
SNT/BTC,1564987549039,2019-08-05T06:45:49.039Z,buy,1.76e-06,5186.0,0.00912736
SNT/BTC,1564987563194,2019-08-05T06:46:03.194Z,sell,1.76e-06,764.0,0.00134464
SNT/BTC,1564987804147,2019-08-05T06:50:04.147Z,sell,1.76e-06,95840.0,0.1686784
SNT/BTC,1564987938698,2019-08-05T06:52:18.698Z,buy,1.77e-06,2780.0,0.0049206
SNT/BTC,1564987940388,2019-08-05T06:52:20.388Z,sell,1.76e-06,2355.0,0.0041448
SNT/BTC,1564988015148,2019-08-05T06:53:35.148Z,buy,1.77e-06,77.0,0.00013629
SNT/BTC,1564988356238,2019-08-05T06:59:16.238Z,sell,1.75e-06,3449.0,0.00603575
SNT/BTC,1564988407566,2019-08-05T07:00:07.566Z,buy,1.76e-06,59.0,0.00010384
SNT/BTC,1564988577211,2019-08-05T07:02:57.211Z,buy,1.76e-06,320.0,0.0005632
SNT/BTC,1564988577473,2019-08-05T07:02:57.473Z,buy,1.76e-06,2000.0,0.00352
SNT/BTC,1564988664522,2019-08-05T07:04:24.522Z,buy,1.76e-06,4589.0,0.00807664
SNT/BTC,1564988664614,2019-08-05T07:04:24.614Z,buy,1.76e-06,3122.0,0.00549472
SNT/BTC,1564988664722,2019-08-05T07:04:24.722Z,buy,1.76e-06,8458.0,0.01488608
SNT/BTC,1564988676213,2019-08-05T07:04:36.213Z,buy,1.77e-06,4344.0,0.00768888
SNT/BTC,1564988816630,2019-08-05T07:06:56.630Z,sell,1.76e-06,2357.0,0.00414832
SNT/BTC,1564989073947,2019-08-05T07:11:13.947Z,buy,1.76e-06,3299.0,0.00580624
SNT/BTC,1564989074530,2019-08-05T07:11:14.530Z,buy,1.76e-06,3119.0,0.00548944
SNT/BTC,1564989100177,2019-08-05T07:11:40.177Z,buy,1.76e-06,15065.0,0.0265144
SNT/BTC,1564989674009,2019-08-05T07:21:14.009Z,sell,1.75e-06,15659.0,0.02740325
SNT/BTC,1564989746748,2019-08-05T07:22:26.748Z,sell,1.75e-06,97.0,0.00016975
SNT/BTC,1564989993857,2019-08-05T07:26:33.857Z,sell,1.75e-06,10371.0,0.01814925
SNT/BTC,1564990009124,2019-08-05T07:26:49.124Z,sell,1.75e-06,59407.0,0.1039622499999999
SNT/BTC,1564990009312,2019-08-05T07:26:49.312Z,sell,1.75e-06,30100.0,0.052675
SNT/BTC,1564990010443,2019-08-05T07:26:50.443Z,sell,1.75e-06,21311.0,0.03729425
SNT/BTC,1564990015659,2019-08-05T07:26:55.659Z,sell,1.74e-06,843.0,0.00146682
SNT/BTC,1564990152283,2019-08-05T07:29:12.283Z,sell,1.74e-06,8047.0,0.01400178
SNT/BTC,1564990152283,2019-08-05T07:29:12.283Z,sell,1.74e-06,8047.0,0.01400178
SNT/BTC,1564990460110,2019-08-05T07:34:20.110Z,sell,1.74e-06,62.0,0.00010788
SNT/BTC,1564990825159,2019-08-05T07:40:25.159Z,sell,1.74e-06,1200.0,0.002088
SNT/BTC,1564990871978,2019-08-05T07:41:11.978Z,buy,1.75e-06,2283.0,0.00399525
SNT/BTC,1564991004940,2019-08-05T07:43:24.940Z,sell,1.74e-06,1964.0,0.00341736
SNT/BTC,1564991071724,2019-08-05T07:44:31.724Z,sell,1.74e-06,13869.0,0.02413206
SNT/BTC,1564991072718,2019-08-05T07:44:32.718Z,sell,1.74e-06,14191.0,0.02469234
SNT/BTC,1564991073280,2019-08-05T07:44:33.280Z,sell,1.74e-06,34000.0,0.05916
SNT/BTC,1564991073286,2019-08-05T07:44:33.286Z,sell,1.74e-06,9406.0,0.01636644
SNT/BTC,1564991086641,2019-08-05T07:44:46.641Z,sell,1.74e-06,19504.0,0.03393696
SNT/BTC,1564991086992,2019-08-05T07:44:46.992Z,buy,1.74e-06,496.0,0.00086304
SNT/BTC,1564991696115,2019-08-05T07:54:56.115Z,sell,1.73e-06,2994.0,0.00517962
SNT/BTC,1564991765148,2019-08-05T07:56:05.148Z,sell,1.73e-06,2299.0,0.00397727
SNT/BTC,1564991773490,2019-08-05T07:56:13.490Z,sell,1.73e-06,4651.0,0.00804623
SNT/BTC,1564991775672,2019-08-05T07:56:15.672Z,sell,1.73e-06,2366.0,0.00409318
SNT/BTC,1564991813497,2019-08-05T07:56:53.497Z,buy,1.74e-06,7512.0,0.01307088
SNT/BTC,1564991828794,2019-08-05T07:57:08.794Z,buy,1.75e-06,11363.0,0.01988525
SNT/BTC,1564991834730,2019-08-05T07:57:14.730Z,sell,1.74e-06,90.0,0.0001566
SNT/BTC,1564991847976,2019-08-05T07:57:27.976Z,sell,1.74e-06,11198.0,0.01948452
SNT/BTC,1564991908083,2019-08-05T07:58:28.083Z,buy,1.74e-06,1772.0,0.00308328
SNT/BTC,1564991940860,2019-08-05T07:59:00.860Z,buy,1.75e-06,57631.0,0.1008542499999999
SNT/BTC,1564991941139,2019-08-05T07:59:01.139Z,buy,1.75e-06,45210.0,0.0791175
SNT/BTC,1564991948817,2019-08-05T07:59:08.817Z,buy,1.75e-06,10050.0,0.0175875
SNT/BTC,1564991973055,2019-08-05T07:59:33.055Z,sell,1.75e-06,9516.0,0.016653
SNT/BTC,1564991977502,2019-08-05T07:59:37.502Z,sell,1.75e-06,4232.0,0.007406
SNT/BTC,1564991977502,2019-08-05T07:59:37.502Z,sell,1.74e-06,5658.0,0.00984492
SNT/BTC,1564992413802,2019-08-05T08:06:53.802Z,buy,1.75e-06,8442.0,0.0147735
SNT/BTC,1564992414067,2019-08-05T08:06:54.067Z,buy,1.75e-06,3000.0,0.00525
SNT/BTC,1564992579080,2019-08-05T08:09:39.080Z,sell,1.75e-06,11188.0,0.019579
SNT/BTC,1564992580237,2019-08-05T08:09:40.237Z,sell,1.75e-06,7242.0,0.0126734999999999
SNT/BTC,1564992580385,2019-08-05T08:09:40.385Z,sell,1.75e-06,805.0,0.00140875
SNT/BTC,1564992580785,2019-08-05T08:09:40.785Z,sell,1.75e-06,1253.0,0.00219275
SNT/BTC,1564992580875,2019-08-05T08:09:40.875Z,sell,1.75e-06,4964.0,0.008687
SNT/BTC,1564992582057,2019-08-05T08:09:42.057Z,sell,1.75e-06,1203.0,0.00210525
SNT/BTC,1564992719317,2019-08-05T08:11:59.317Z,buy,1.75e-06,6140.0,0.010745
SNT/BTC,1564992756228,2019-08-05T08:12:36.228Z,buy,1.75e-06,528.0,0.000924
SNT/BTC,1564992867148,2019-08-05T08:14:27.148Z,sell,1.75e-06,11231.0,0.0196542499999999
SNT/BTC,1564993005862,2019-08-05T08:16:45.862Z,sell,1.75e-06,9847.0,0.01723225
SNT/BTC,1564993007174,2019-08-05T08:16:47.174Z,buy,1.75e-06,1997.0,0.00349475
SNT/BTC,1564993134430,2019-08-05T08:18:54.430Z,sell,1.75e-06,7277.0,0.01273475
SNT/BTC,1564993135534,2019-08-05T08:18:55.534Z,buy,1.75e-06,7701.0,0.01347675
SNT/BTC,1564993348355,2019-08-05T08:22:28.355Z,sell,1.75e-06,71.0,0.00012425
SNT/BTC,1564993484181,2019-08-05T08:24:44.181Z,buy,1.76e-06,6865.0,0.0120824
SNT/BTC,1564993652694,2019-08-05T08:27:32.694Z,buy,1.76e-06,34790.0,0.0612304
SNT/BTC,1564993672929,2019-08-05T08:27:52.929Z,buy,1.76e-06,5002.0,0.00880352
SNT/BTC,1564993672929,2019-08-05T08:27:52.929Z,buy,1.76e-06,5002.0,0.00880352
SNT/BTC,1564993926362,2019-08-05T08:32:06.362Z,sell,1.76e-06,2546.0,0.00448096
SNT/BTC,1564994065799,2019-08-05T08:34:25.799Z,sell,1.75e-06,8274.0,0.0144795
SNT/BTC,1564994885302,2019-08-05T08:48:05.302Z,sell,1.75e-06,11044.0,0.019327
SNT/BTC,1564994953389,2019-08-05T08:49:13.389Z,buy,1.76e-06,1740.0,0.0030624
SNT/BTC,1564995036720,2019-08-05T08:50:36.720Z,buy,1.76e-06,3428.0,0.00603328
SNT/BTC,1564995058167,2019-08-05T08:50:58.167Z,buy,1.76e-06,19458.0,0.03424608
SNT/BTC,1564995066399,2019-08-05T08:51:06.399Z,buy,1.76e-06,8736.0,0.01537536
SNT/BTC,1564995171580,2019-08-05T08:52:51.580Z,sell,1.76e-06,1451.0,0.00255376
SNT/BTC,1564995173048,2019-08-05T08:52:53.048Z,sell,1.76e-06,1451.0,0.00255376
SNT/BTC,1564995228853,2019-08-05T08:53:48.853Z,buy,1.77e-06,217.0,0.00038409
SNT/BTC,1564995553427,2019-08-05T08:59:13.427Z,sell,1.76e-06,9903.0,0.01742928
SNT/BTC,1564995559285,2019-08-05T08:59:19.285Z,sell,1.76e-06,5323.0,0.00936848
SNT/BTC,1564995560013,2019-08-05T08:59:20.013Z,sell,1.76e-06,1.0,1.76e-06
SNT/BTC,1564996116893,2019-08-05T09:08:36.893Z,buy,1.76e-06,12795.0,0.0225192
SNT/BTC,1564996263817,2019-08-05T09:11:03.817Z,sell,1.76e-06,706.0,0.00124256
SNT/BTC,1564996569826,2019-08-05T09:16:09.826Z,sell,1.75e-06,78.0,0.0001365
SNT/BTC,1564996633821,2019-08-05T09:17:13.821Z,sell,1.75e-06,125.0,0.00021875
SNT/BTC,1564996738288,2019-08-05T09:18:58.288Z,sell,1.75e-06,4644.0,0.008127
SNT/BTC,1564996751939,2019-08-05T09:19:11.939Z,buy,1.76e-06,706.0,0.00124256
SNT/BTC,1564996751939,2019-08-05T09:19:11.939Z,buy,1.77e-06,1923.0,0.00340371
SNT/BTC,1564996856552,2019-08-05T09:20:56.552Z,sell,1.76e-06,2334.0,0.00410784
SNT/BTC,1564996862723,2019-08-05T09:21:02.723Z,buy,1.77e-06,9039.0,0.01599903
SNT/BTC,1564996862723,2019-08-05T09:21:02.723Z,buy,1.77e-06,9039.0,0.01599903
SNT/BTC,1564997355849,2019-08-05T09:29:15.849Z,sell,1.75e-06,94.0,0.0001645
SNT/BTC,1564998299360,2019-08-05T09:44:59.360Z,buy,1.76e-06,13861.0,0.02439536
SNT/BTC,1564999162899,2019-08-05T09:59:22.899Z,sell,1.76e-06,9750.0,0.01716
SNT/BTC,1564999162931,2019-08-05T09:59:22.931Z,buy,1.76e-06,7902.0,0.01390752
SNT/BTC,1564999402467,2019-08-05T10:03:22.467Z,sell,1.76e-06,360.0,0.0006336
SNT/BTC,1564999460890,2019-08-05T10:04:20.890Z,sell,1.76e-06,95.0,0.0001672
SNT/BTC,1564999461157,2019-08-05T10:04:21.157Z,sell,1.76e-06,353.0,0.00062128
SNT/BTC,1564999512489,2019-08-05T10:05:12.489Z,buy,1.77e-06,730.0,0.0012921
SNT/BTC,1564999527583,2019-08-05T10:05:27.583Z,buy,1.77e-06,652.0,0.00115404
SNT/BTC,1564999547355,2019-08-05T10:05:47.355Z,sell,1.76e-06,17607.0,0.03098832
SNT/BTC,1564999556152,2019-08-05T10:05:56.152Z,sell,1.76e-06,16381.0,0.02883056
SNT/BTC,1564999558053,2019-08-05T10:05:58.053Z,sell,1.76e-06,1.0,1.76e-06
SNT/BTC,1565000214836,2019-08-05T10:16:54.836Z,buy,1.76e-06,600.0,0.001056
SNT/BTC,1565000215985,2019-08-05T10:16:55.985Z,buy,1.76e-06,606.0,0.00106656
SNT/BTC,1565000217629,2019-08-05T10:16:57.629Z,buy,1.76e-06,600.0,0.001056
SNT/BTC,1565000220671,2019-08-05T10:17:00.671Z,buy,1.76e-06,519.0,0.00091344
SNT/BTC,1565000411941,2019-08-05T10:20:11.941Z,buy,1.77e-06,20000.0,0.0354
SNT/BTC,1565000411941,2019-08-05T10:20:11.941Z,buy,1.77e-06,20000.0,0.0354
SNT/BTC,1565000791302,2019-08-05T10:26:31.302Z,buy,1.77e-06,560.0,0.0009912
SNT/BTC,1565000810083,2019-08-05T10:26:50.083Z,buy,1.77e-06,134.0,0.00023718
SNT/BTC,1565001074560,2019-08-05T10:31:14.560Z,buy,1.77e-06,16948.0,0.02999796
SNT/BTC,1565001116760,2019-08-05T10:31:56.760Z,buy,1.78e-06,216.0,0.00038448
SNT/BTC,1565001158183,2019-08-05T10:32:38.183Z,buy,1.78e-06,210.0,0.0003738
SNT/BTC,1565001287233,2019-08-05T10:34:47.233Z,buy,1.78e-06,3200.0,0.005696
SNT/BTC,1565001555640,2019-08-05T10:39:15.640Z,sell,1.77e-06,7542.0,0.01334934
SNT/BTC,1565001558766,2019-08-05T10:39:18.766Z,sell,1.77e-06,6044.0,0.01069788
SNT/BTC,1565001607939,2019-08-05T10:40:07.939Z,buy,1.77e-06,57.0,0.00010089
SNT/BTC,1565001613178,2019-08-05T10:40:13.178Z,buy,1.77e-06,2172.0,0.00384444
SNT/BTC,1565001613801,2019-08-05T10:40:13.801Z,buy,1.77e-06,84.0,0.00014868
SNT/BTC,1565001615609,2019-08-05T10:40:15.609Z,sell,1.77e-06,2665.0,0.00471705
SNT/BTC,1565001668611,2019-08-05T10:41:08.611Z,buy,1.78e-06,8772.0,0.0156141599999999
SNT/BTC,1565001671628,2019-08-05T10:41:11.628Z,buy,1.78e-06,8508.0,0.01514424
SNT/BTC,1565001672116,2019-08-05T10:41:12.116Z,buy,1.78e-06,11191.0,0.01991998
SNT/BTC,1565001673172,2019-08-05T10:41:13.172Z,buy,1.78e-06,5597.0,0.00996266
SNT/BTC,1565001675066,2019-08-05T10:41:15.066Z,buy,1.78e-06,44703.0,0.0795713399999999
SNT/BTC,1565001675185,2019-08-05T10:41:15.185Z,buy,1.78e-06,11181.0,0.01990218
SNT/BTC,1565001676169,2019-08-05T10:41:16.169Z,buy,1.78e-06,11180.0,0.0199004
SNT/BTC,1565001676351,2019-08-05T10:41:16.351Z,buy,1.78e-06,17417.0,0.0310022599999999
SNT/BTC,1565001677178,2019-08-05T10:41:17.178Z,buy,1.78e-06,11180.0,0.0199004
SNT/BTC,1565001677591,2019-08-05T10:41:17.591Z,buy,1.78e-06,17229.0,0.03066762
SNT/BTC,1565001715113,2019-08-05T10:41:55.113Z,buy,1.78e-06,11206.0,0.0199466799999999
SNT/BTC,1565001716117,2019-08-05T10:41:56.117Z,buy,1.78e-06,8427.0,0.0150000599999999
SNT/BTC,1565001716979,2019-08-05T10:41:56.979Z,buy,1.78e-06,17484.0,0.03112152
SNT/BTC,1565001722110,2019-08-05T10:42:02.110Z,buy,1.78e-06,5601.0,0.00996978
SNT/BTC,1565001724171,2019-08-05T10:42:04.171Z,buy,1.78e-06,11196.0,0.01992888
SNT/BTC,1565001726097,2019-08-05T10:42:06.097Z,buy,1.78e-06,11194.0,0.01992532
SNT/BTC,1565001727299,2019-08-05T10:42:07.299Z,buy,1.78e-06,446402.0,0.79459556
SNT/BTC,1565001727338,2019-08-05T10:42:07.338Z,buy,1.78e-06,16203.0,0.02884134
SNT/BTC,1565001727473,2019-08-05T10:42:07.473Z,buy,1.78e-06,53440.0,0.0951231999999999
SNT/BTC,1565001741212,2019-08-05T10:42:21.212Z,buy,1.79e-06,904.0,0.00161816
SNT/BTC,1565001762264,2019-08-05T10:42:42.264Z,buy,1.79e-06,904.0,0.00161816
SNT/BTC,1565001781067,2019-08-05T10:43:01.067Z,buy,1.79e-06,904.0,0.00161816
SNT/BTC,1565001802096,2019-08-05T10:43:22.096Z,buy,1.79e-06,904.0,0.00161816
SNT/BTC,1565001895766,2019-08-05T10:44:55.766Z,sell,1.78e-06,481.0,0.00085618
SNT/BTC,1565001910730,2019-08-05T10:45:10.730Z,sell,1.78e-06,134.0,0.0002385199999999
SNT/BTC,1565001927329,2019-08-05T10:45:27.329Z,buy,1.79e-06,17536.0,0.03138944
SNT/BTC,1565001928504,2019-08-05T10:45:28.504Z,buy,1.79e-06,6446.0,0.01153834
SNT/BTC,1565001928684,2019-08-05T10:45:28.684Z,buy,1.79e-06,10613.0,0.01899727
SNT/BTC,1565001939453,2019-08-05T10:45:39.453Z,sell,1.79e-06,528.0,0.00094512
SNT/BTC,1565001945151,2019-08-05T10:45:45.151Z,sell,1.79e-06,2283.0,0.00408657
SNT/BTC,1565002157038,2019-08-05T10:49:17.038Z,sell,1.78e-06,67.0,0.0001192599999999
SNT/BTC,1565002326000,2019-08-05T10:52:06.000Z,sell,1.79e-06,1295.0,0.00231805
SNT/BTC,1565002337356,2019-08-05T10:52:17.356Z,sell,1.79e-06,1538.0,0.00275302
SNT/BTC,1565002391404,2019-08-05T10:53:11.404Z,sell,1.79e-06,1446.0,0.00258834
SNT/BTC,1565002424596,2019-08-05T10:53:44.596Z,buy,1.8e-06,466.0,0.0008388
SNT/BTC,1565002429614,2019-08-05T10:53:49.614Z,sell,1.79e-06,223.0,0.00039917
SNT/BTC,1565002435757,2019-08-05T10:53:55.757Z,sell,1.79e-06,674.0,0.00120646
SNT/BTC,1565002512374,2019-08-05T10:55:12.374Z,sell,1.79e-06,224.0,0.00040096
SNT/BTC,1565002622382,2019-08-05T10:57:02.382Z,buy,1.8e-06,1229.0,0.0022122
SNT/BTC,1565002622885,2019-08-05T10:57:02.885Z,buy,1.8e-06,614.0,0.0011052
SNT/BTC,1565002622925,2019-08-05T10:57:02.925Z,buy,1.8e-06,67.0,0.0001205999999999
SNT/BTC,1565002623664,2019-08-05T10:57:03.664Z,buy,1.8e-06,68.0,0.0001224
SNT/BTC,1565002897095,2019-08-05T11:01:37.095Z,sell,1.79e-06,1681.0,0.00300899
SNT/BTC,1565002898094,2019-08-05T11:01:38.094Z,sell,1.79e-06,3764.0,0.00673756
SNT/BTC,1565002907262,2019-08-05T11:01:47.262Z,sell,1.79e-06,5694.0,0.01019226
SNT/BTC,1565003246814,2019-08-05T11:07:26.814Z,buy,1.79e-06,371.0,0.00066409
SNT/BTC,1565003336057,2019-08-05T11:08:56.057Z,sell,1.78e-06,11448.0,0.02037744
SNT/BTC,1565003635764,2019-08-05T11:13:55.764Z,buy,1.79e-06,876.0,0.00156804
SNT/BTC,1565003646676,2019-08-05T11:14:06.676Z,buy,1.79e-06,1053.0,0.00188487
SNT/BTC,1565003651571,2019-08-05T11:14:11.571Z,sell,1.79e-06,4078.0,0.00729962
SNT/BTC,1565003690881,2019-08-05T11:14:50.881Z,buy,1.79e-06,200.0,0.000358
SNT/BTC,1565003692874,2019-08-05T11:14:52.874Z,buy,1.79e-06,292.0,0.00052268
SNT/BTC,1565003694997,2019-08-05T11:14:54.997Z,buy,1.79e-06,560.0,0.0010024
SNT/BTC,1565003882181,2019-08-05T11:18:02.181Z,buy,1.79e-06,213.0,0.00038127
SNT/BTC,1565003888270,2019-08-05T11:18:08.270Z,sell,1.79e-06,14338.0,0.02566502
SNT/BTC,1565003998841,2019-08-05T11:19:58.841Z,buy,1.79e-06,559.0,0.00100061
SNT/BTC,1565003998841,2019-08-05T11:19:58.841Z,buy,1.79e-06,559.0,0.00100061
SNT/BTC,1565004137766,2019-08-05T11:22:17.766Z,sell,1.78e-06,67684.0,0.1204775199999999
SNT/BTC,1565004140676,2019-08-05T11:22:20.676Z,buy,1.78e-06,1413.0,0.00251514
SNT/BTC,1565004146456,2019-08-05T11:22:26.456Z,buy,1.78e-06,11933.0,0.0212407399999999
SNT/BTC,1565004187949,2019-08-05T11:23:07.949Z,buy,1.78e-06,57.0,0.00010146
SNT/BTC,1565004241055,2019-08-05T11:24:01.055Z,sell,1.77e-06,2000.0,0.00354
SNT/BTC,1565004261276,2019-08-05T11:24:21.276Z,buy,1.78e-06,2241.0,0.00398898
SNT/BTC,1565004261305,2019-08-05T11:24:21.305Z,sell,1.78e-06,5811.0,0.01034358
SNT/BTC,1565004261473,2019-08-05T11:24:21.473Z,buy,1.79e-06,18.0,3.222e-05
SNT/BTC,1565004320279,2019-08-05T11:25:20.279Z,buy,1.78e-06,1113.0,0.0019811399999999
SNT/BTC,1565004320387,2019-08-05T11:25:20.387Z,buy,1.78e-06,1113.0,0.0019811399999999
SNT/BTC,1565004320591,2019-08-05T11:25:20.591Z,buy,1.78e-06,1113.0,0.0019811399999999
SNT/BTC,1565004333124,2019-08-05T11:25:33.124Z,buy,1.78e-06,675.0,0.0012014999999999
SNT/BTC,1565004702483,2019-08-05T11:31:42.483Z,sell,1.77e-06,43050.0,0.0761985
SNT/BTC,1565004711141,2019-08-05T11:31:51.141Z,sell,1.77e-06,95.0,0.00016815
SNT/BTC,1565005273071,2019-08-05T11:41:13.071Z,sell,1.77e-06,31395.0,0.05556915
SNT/BTC,1565005273547,2019-08-05T11:41:13.547Z,buy,1.77e-06,15286.0,0.02705622
SNT/BTC,1565005273737,2019-08-05T11:41:13.737Z,sell,1.77e-06,68.0,0.0001203599999999
SNT/BTC,1565005286354,2019-08-05T11:41:26.354Z,buy,1.78e-06,4384.0,0.0078035199999999
SNT/BTC,1565005500780,2019-08-05T11:45:00.780Z,buy,1.78e-06,128.0,0.00022784
SNT/BTC,1565005521920,2019-08-05T11:45:21.920Z,sell,1.77e-06,2321.0,0.00410817
SNT/BTC,1565005527805,2019-08-05T11:45:27.805Z,buy,1.77e-06,1371.0,0.00242667
SNT/BTC,1565005528205,2019-08-05T11:45:28.205Z,buy,1.77e-06,950.0,0.0016815
SNT/BTC,1565005528561,2019-08-05T11:45:28.561Z,sell,1.77e-06,421.0,0.00074517
SNT/BTC,1565005572827,2019-08-05T11:46:12.827Z,buy,1.77e-06,950.0,0.0016815
SNT/BTC,1565005681392,2019-08-05T11:48:01.392Z,sell,1.76e-06,18225.0,0.032076
SNT/BTC,1565005742990,2019-08-05T11:49:02.990Z,sell,1.76e-06,706.0,0.00124256
SNT/BTC,1565006021738,2019-08-05T11:53:41.738Z,buy,1.77e-06,377.0,0.00066729
SNT/BTC,1565006172172,2019-08-05T11:56:12.172Z,sell,1.76e-06,26308.0,0.04630208
SNT/BTC,1565006406143,2019-08-05T12:00:06.143Z,sell,1.76e-06,57.0,0.00010032
SNT/BTC,1565006630966,2019-08-05T12:03:50.966Z,buy,1.76e-06,62.0,0.00010912
SNT/BTC,1565006695182,2019-08-05T12:04:55.182Z,sell,1.75e-06,11933.0,0.02088275
SNT/BTC,1565006700632,2019-08-05T12:05:00.632Z,sell,1.75e-06,67.0,0.00011725
SNT/BTC,1565006713407,2019-08-05T12:05:13.407Z,buy,1.76e-06,1411.0,0.00248336
SNT/BTC,1565006728550,2019-08-05T12:05:28.550Z,buy,1.76e-06,1240.0,0.0021824
SNT/BTC,1565006741907,2019-08-05T12:05:41.907Z,buy,1.76e-06,34551.0,0.06080976
SNT/BTC,1565006748276,2019-08-05T12:05:48.276Z,buy,1.76e-06,34989.0,0.06158064
SNT/BTC,1565006755110,2019-08-05T12:05:55.110Z,buy,1.76e-06,5673.0,0.00998448
SNT/BTC,1565006759842,2019-08-05T12:05:59.842Z,buy,1.76e-06,5961.0,0.01049136
SNT/BTC,1565006837886,2019-08-05T12:07:17.886Z,sell,1.76e-06,110.0,0.0001936
SNT/BTC,1565007339821,2019-08-05T12:15:39.821Z,sell,1.76e-06,78.0,0.00013728
SNT/BTC,1565007339821,2019-08-05T12:15:39.821Z,sell,1.76e-06,78.0,0.00013728
SNT/BTC,1565007752763,2019-08-05T12:22:32.763Z,buy,1.77e-06,62.0,0.00010974
SNT/BTC,1565007821451,2019-08-05T12:23:41.451Z,buy,1.77e-06,57.0,0.00010089
SNT/BTC,1565008032341,2019-08-05T12:27:12.341Z,buy,1.77e-06,5649.0,0.00999873
SNT/BTC,1565008475638,2019-08-05T12:34:35.638Z,buy,1.77e-06,61.0,0.00010797
SNT/BTC,1565008517385,2019-08-05T12:35:17.385Z,sell,1.76e-06,675.0,0.001188
SNT/BTC,1565008654101,2019-08-05T12:37:34.101Z,buy,1.77e-06,19022.0,0.03366894
SNT/BTC,1565008695246,2019-08-05T12:38:15.246Z,sell,1.76e-06,7534.0,0.01325984
SNT/BTC,1565008751414,2019-08-05T12:39:11.414Z,buy,1.76e-06,2016.0,0.00354816
SNT/BTC,1565008751545,2019-08-05T12:39:11.545Z,buy,1.76e-06,6841.0,0.01204016
SNT/BTC,1565009365290,2019-08-05T12:49:25.290Z,sell,1.75e-06,6974.0,0.0122045
SNT/BTC,1565009370706,2019-08-05T12:49:30.706Z,sell,1.75e-06,8378.0,0.0146615
SNT/BTC,1565009464003,2019-08-05T12:51:04.003Z,sell,1.75e-06,710.0,0.0012425
SNT/BTC,1565009616613,2019-08-05T12:53:36.613Z,buy,1.76e-06,78.0,0.00013728
SNT/BTC,1565009639578,2019-08-05T12:53:59.578Z,buy,1.76e-06,3297.0,0.00580272
SNT/BTC,1565009709613,2019-08-05T12:55:09.613Z,buy,1.76e-06,825.0,0.001452
SNT/BTC,1565009715459,2019-08-05T12:55:15.459Z,buy,1.76e-06,758.0,0.00133408
SNT/BTC,1565010012310,2019-08-05T13:00:12.310Z,sell,1.76e-06,2270.0,0.0039952
SNT/BTC,1565010107370,2019-08-05T13:01:47.370Z,sell,1.76e-06,12487.0,0.02197712
SNT/BTC,1565010189705,2019-08-05T13:03:09.705Z,buy,1.76e-06,1346.0,0.00236896
SNT/BTC,1565010190540,2019-08-05T13:03:10.540Z,buy,1.76e-06,600.0,0.001056
SNT/BTC,1565010210667,2019-08-05T13:03:30.667Z,buy,1.76e-06,2824.0,0.00497024
SNT/BTC,1565010214291,2019-08-05T13:03:34.291Z,buy,1.76e-06,1574.0,0.00277024
SNT/BTC,1565010222418,2019-08-05T13:03:42.418Z,sell,1.75e-06,1912.0,0.003346
SNT/BTC,1565010344672,2019-08-05T13:05:44.672Z,buy,1.76e-06,2801.0,0.00492976
SNT/BTC,1565010345057,2019-08-05T13:05:45.057Z,buy,1.76e-06,13517.0,0.02378992
SNT/BTC,1565010346158,2019-08-05T13:05:46.158Z,buy,1.76e-06,1.0,1.76e-06
SNT/BTC,1565010379910,2019-08-05T13:06:19.910Z,buy,1.77e-06,371.0,0.00065667
SNT/BTC,1565010686498,2019-08-05T13:11:26.498Z,sell,1.76e-06,8853.0,0.01558128
SNT/BTC,1565010688846,2019-08-05T13:11:28.846Z,buy,1.76e-06,4659.0,0.00819984
SNT/BTC,1565010700049,2019-08-05T13:11:40.049Z,buy,1.77e-06,857.0,0.00151689
SNT/BTC,1565010764063,2019-08-05T13:12:44.063Z,sell,1.76e-06,2332.0,0.00410432
SNT/BTC,1565010764063,2019-08-05T13:12:44.063Z,sell,1.75e-06,2668.0,0.0046689999999999
SNT/BTC,1565010764063,2019-08-05T13:12:44.063Z,sell,1.76e-06,2332.0,0.00410432
SNT/BTC,1565010764063,2019-08-05T13:12:44.063Z,sell,1.75e-06,2668.0,0.0046689999999999
SNT/BTC,1565010995728,2019-08-05T13:16:35.728Z,buy,1.76e-06,15384.0,0.02707584
SNT/BTC,1565010997199,2019-08-05T13:16:37.199Z,buy,1.76e-06,1.0,1.76e-06
SNT/BTC,1565011034119,2019-08-05T13:17:14.119Z,buy,1.77e-06,74.0,0.00013098
SNT/BTC,1565011811551,2019-08-05T13:30:11.551Z,buy,1.77e-06,38500.0,0.068145
SNT/BTC,1565011811836,2019-08-05T13:30:11.836Z,buy,1.77e-06,8691.0,0.01538307
SNT/BTC,1565011812059,2019-08-05T13:30:12.059Z,buy,1.77e-06,9529.0,0.01686633
SNT/BTC,1565011812102,2019-08-05T13:30:12.102Z,sell,1.77e-06,3458.0,0.00612066
SNT/BTC,1565011812162,2019-08-05T13:30:12.162Z,sell,1.77e-06,2410.0,0.0042657
SNT/BTC,1565011812210,2019-08-05T13:30:12.210Z,buy,1.78e-06,17364.0,0.03090792
SNT/BTC,1565011812220,2019-08-05T13:30:12.220Z,sell,1.77e-06,893.0,0.00158061
SNT/BTC,1565011812222,2019-08-05T13:30:12.222Z,sell,1.77e-06,2407.0,0.00426039
SNT/BTC,1565011812388,2019-08-05T13:30:12.388Z,sell,1.77e-06,3781.0,0.00669237
SNT/BTC,1565011816687,2019-08-05T13:30:16.687Z,sell,1.77e-06,8691.0,0.01538307
SNT/BTC,1565011817782,2019-08-05T13:30:17.782Z,sell,1.77e-06,8691.0,0.01538307
SNT/BTC,1565011818193,2019-08-05T13:30:18.193Z,sell,1.77e-06,8691.0,0.01538307
SNT/BTC,1565011819222,2019-08-05T13:30:19.222Z,buy,1.78e-06,15750.0,0.0280349999999999
SNT/BTC,1565011857549,2019-08-05T13:30:57.549Z,sell,1.77e-06,99.0,0.00017523
SNT/BTC,1565012257277,2019-08-05T13:37:37.277Z,sell,1.77e-06,422.0,0.00074694
SNT/BTC,1565012355686,2019-08-05T13:39:15.686Z,sell,1.77e-06,7966.0,0.01409982
SNT/BTC,1565012355717,2019-08-05T13:39:15.717Z,buy,1.77e-06,4850.0,0.0085845
SNT/BTC,1565012360618,2019-08-05T13:39:20.618Z,sell,1.77e-06,1813.0,0.00320901
SNT/BTC,1565012360618,2019-08-05T13:39:20.618Z,sell,1.76e-06,1803.0,0.00317328
SNT/BTC,1565012668293,2019-08-05T13:44:28.293Z,sell,1.76e-06,7597.0,0.01337072
SNT/BTC,1565012735242,2019-08-05T13:45:35.242Z,sell,1.76e-06,4061.0,0.00714736
SNT/BTC,1565012768176,2019-08-05T13:46:08.176Z,buy,1.77e-06,1738.0,0.00307626
SNT/BTC,1565012768292,2019-08-05T13:46:08.292Z,buy,1.77e-06,2000.0,0.00354
SNT/BTC,1565012768521,2019-08-05T13:46:08.521Z,buy,1.77e-06,1977.0,0.00349929
SNT/BTC,1565012775174,2019-08-05T13:46:15.174Z,buy,1.77e-06,2105.0,0.00372585
SNT/BTC,1565012778478,2019-08-05T13:46:18.478Z,buy,1.77e-06,7809.0,0.01382193
SNT/BTC,1565012779367,2019-08-05T13:46:19.367Z,buy,1.77e-06,137.0,0.00024249
SNT/BTC,1565012827909,2019-08-05T13:47:07.909Z,sell,1.77e-06,57.0,0.00010089
SNT/BTC,1565013201706,2019-08-05T13:53:21.706Z,sell,1.77e-06,43044.0,0.07618788
SNT/BTC,1565013201706,2019-08-05T13:53:21.706Z,sell,1.76e-06,13774.0,0.02424224
SNT/BTC,1565013220727,2019-08-05T13:53:40.727Z,buy,1.78e-06,115.0,0.0002047
SNT/BTC,1565014086931,2019-08-05T14:08:06.931Z,buy,1.78e-06,1000.0,0.00178
SNT/BTC,1565014291010,2019-08-05T14:11:31.010Z,sell,1.77e-06,1142.0,0.00202134
SNT/BTC,1565014291010,2019-08-05T14:11:31.010Z,sell,1.76e-06,32138.0,0.05656288
SNT/BTC,1565014293380,2019-08-05T14:11:33.380Z,buy,1.77e-06,344.0,0.00060888
SNT/BTC,1565014334167,2019-08-05T14:12:14.167Z,buy,1.77e-06,1250.0,0.0022125
SNT/BTC,1565014342043,2019-08-05T14:12:22.043Z,buy,1.77e-06,959.0,0.00169743
SNT/BTC,1565014342043,2019-08-05T14:12:22.043Z,buy,1.77e-06,959.0,0.00169743
SNT/BTC,1565015298789,2019-08-05T14:28:18.789Z,sell,1.76e-06,1992.0,0.00350592
SNT/BTC,1565015323919,2019-08-05T14:28:43.919Z,buy,1.77e-06,13334.0,0.02360118
SNT/BTC,1565015329099,2019-08-05T14:28:49.099Z,buy,1.77e-06,8555.0,0.01514235
SNT/BTC,1565015457697,2019-08-05T14:30:57.697Z,buy,1.78e-06,7317.0,0.01302426
SNT/BTC,1565015517722,2019-08-05T14:31:57.722Z,buy,1.78e-06,7316.0,0.01302248
SNT/BTC,1565015577792,2019-08-05T14:32:57.792Z,buy,1.78e-06,7313.0,0.01301714
SNT/BTC,1565015597429,2019-08-05T14:33:17.429Z,sell,1.77e-06,600.0,0.001062
SNT/BTC,1565015597511,2019-08-05T14:33:17.511Z,sell,1.77e-06,1711.0,0.00302847
SNT/BTC,1565015608939,2019-08-05T14:33:28.939Z,sell,1.76e-06,325.0,0.000572
SNT/BTC,1565015646194,2019-08-05T14:34:06.194Z,buy,1.77e-06,7342.0,0.01299534
SNT/BTC,1565015701756,2019-08-05T14:35:01.756Z,buy,1.77e-06,7343.0,0.01299711
SNT/BTC,1565015761313,2019-08-05T14:36:01.313Z,buy,1.77e-06,7341.0,0.01299357
SNT/BTC,1565015822540,2019-08-05T14:37:02.540Z,buy,1.77e-06,3065.0,0.00542505
SNT/BTC,1565015882483,2019-08-05T14:38:02.483Z,buy,1.78e-06,7303.0,0.01299934
SNT/BTC,1565015943007,2019-08-05T14:39:03.007Z,buy,1.78e-06,7297.0,0.0129886599999999
SNT/BTC,1565016004275,2019-08-05T14:40:04.275Z,buy,1.78e-06,7293.0,0.01298154
SNT/BTC,1565016011113,2019-08-05T14:40:11.113Z,sell,1.77e-06,8132.0,0.01439364
SNT/BTC,1565016011968,2019-08-05T14:40:11.968Z,buy,1.77e-06,2283.0,0.00404091
SNT/BTC,1565016063136,2019-08-05T14:41:03.136Z,buy,1.77e-06,7340.0,0.0129918
SNT/BTC,1565016126193,2019-08-05T14:42:06.193Z,buy,1.78e-06,7299.0,0.0129922199999999
SNT/BTC,1565016179514,2019-08-05T14:42:59.514Z,sell,1.77e-06,3615.0,0.00639855
SNT/BTC,1565016185985,2019-08-05T14:43:05.985Z,buy,1.78e-06,7300.0,0.0129939999999999
SNT/BTC,1565016213045,2019-08-05T14:43:33.045Z,sell,1.77e-06,5573.0,0.00986421
SNT/BTC,1565016236047,2019-08-05T14:43:56.047Z,buy,1.77e-06,806.0,0.00142662
SNT/BTC,1565016246872,2019-08-05T14:44:06.872Z,buy,1.78e-06,7304.0,0.01300112
SNT/BTC,1565016251928,2019-08-05T14:44:11.928Z,buy,1.77e-06,806.0,0.00142662
SNT/BTC,1565016307674,2019-08-05T14:45:07.674Z,buy,1.77e-06,7346.0,0.01300242
SNT/BTC,1565016369120,2019-08-05T14:46:09.120Z,buy,1.77e-06,6117.0,0.01082709
SNT/BTC,1565016430483,2019-08-05T14:47:10.483Z,buy,1.78e-06,7314.0,0.01301892
SNT/BTC,1565016488580,2019-08-05T14:48:08.580Z,buy,1.78e-06,7316.0,0.01302248
SNT/BTC,1565016533994,2019-08-05T14:48:53.994Z,sell,1.77e-06,2824.0,0.00499848
SNT/BTC,1565016538014,2019-08-05T14:48:58.014Z,sell,1.77e-06,1574.0,0.00278598
SNT/BTC,1565016550533,2019-08-05T14:49:10.533Z,buy,1.78e-06,7320.0,0.0130295999999999
SNT/BTC,1565016612444,2019-08-05T14:50:12.444Z,buy,1.78e-06,7317.0,0.01302426
SNT/BTC,1565016673259,2019-08-05T14:51:13.259Z,buy,1.78e-06,7322.0,0.0130331599999999
SNT/BTC,1565016796671,2019-08-05T14:53:16.671Z,buy,1.78e-06,7315.0,0.0130207
SNT/BTC,1565017037001,2019-08-05T14:57:17.001Z,buy,1.78e-06,7305.0,0.0130029
SNT/BTC,1565017627524,2019-08-05T15:07:07.524Z,buy,1.78e-06,57.0,0.00010146
SNT/BTC,1565017650132,2019-08-05T15:07:30.132Z,buy,1.78e-06,57.0,0.00010146
SNT/BTC,1565017650132,2019-08-05T15:07:30.132Z,buy,1.78e-06,57.0,0.00010146
SNT/BTC,1565017982804,2019-08-05T15:13:02.804Z,sell,1.77e-06,1786.0,0.00316122
SNT/BTC,1565018110884,2019-08-05T15:15:10.884Z,sell,1.77e-06,5982.0,0.01058814
SNT/BTC,1565018228991,2019-08-05T15:17:08.991Z,buy,1.77e-06,80.0,0.0001416
SNT/BTC,1565018231161,2019-08-05T15:17:11.161Z,sell,1.76e-06,128.0,0.00022528
SNT/BTC,1565018419241,2019-08-05T15:20:19.241Z,buy,1.77e-06,622.0,0.00110094
SNT/BTC,1565018515472,2019-08-05T15:21:55.472Z,buy,1.77e-06,1706.0,0.00301962
SNT/BTC,1565018546909,2019-08-05T15:22:26.909Z,sell,1.77e-06,8530.0,0.0150981
SNT/BTC,1565018546948,2019-08-05T15:22:26.948Z,buy,1.77e-06,5001.0,0.00885177
SNT/BTC,1565018550624,2019-08-05T15:22:30.624Z,sell,1.77e-06,3331.0,0.00589587
SNT/BTC,1565018758205,2019-08-05T15:25:58.205Z,buy,1.77e-06,305.0,0.00053985
SNT/BTC,1565018809045,2019-08-05T15:26:49.045Z,buy,1.77e-06,2317.0,0.00410109
SNT/BTC,1565018809387,2019-08-05T15:26:49.387Z,sell,1.77e-06,5615.0,0.0099385499999999
SNT/BTC,1565018838515,2019-08-05T15:27:18.515Z,sell,1.77e-06,1.0,1.77e-06
SNT/BTC,1565018848371,2019-08-05T15:27:28.371Z,sell,1.77e-06,2320.0,0.0041064
SNT/BTC,1565018906875,2019-08-05T15:28:26.875Z,buy,1.77e-06,3872.0,0.00685344
SNT/BTC,1565018906901,2019-08-05T15:28:26.901Z,buy,1.77e-06,600.0,0.001062
SNT/BTC,1565018908359,2019-08-05T15:28:28.359Z,buy,1.77e-06,146.0,0.00025842
SNT/BTC,1565018947451,2019-08-05T15:29:07.451Z,sell,1.77e-06,2029.0,0.0035913299999999
SNT/BTC,1565018990578,2019-08-05T15:29:50.578Z,sell,1.76e-06,4855.0,0.0085448
SNT/BTC,1565019290998,2019-08-05T15:34:50.998Z,sell,1.76e-06,1236.0,0.00217536
SNT/BTC,1565019386344,2019-08-05T15:36:26.344Z,sell,1.76e-06,1236.0,0.00217536
SNT/BTC,1565019455723,2019-08-05T15:37:35.723Z,sell,1.76e-06,41941.0,0.07381616
SNT/BTC,1565019529407,2019-08-05T15:38:49.407Z,buy,1.77e-06,3370.0,0.0059649
SNT/BTC,1565019545375,2019-08-05T15:39:05.375Z,sell,1.76e-06,1237.0,0.00217712
SNT/BTC,1565019609114,2019-08-05T15:40:09.114Z,buy,1.77e-06,11434.0,0.02023818
SNT/BTC,1565019656117,2019-08-05T15:40:56.117Z,sell,1.76e-06,1238.0,0.00217888
SNT/BTC,1565019782417,2019-08-05T15:43:02.417Z,sell,1.76e-06,1236.0,0.00217536
SNT/BTC,1565019900152,2019-08-05T15:45:00.152Z,sell,1.76e-06,1235.0,0.0021736
SNT/BTC,1565019966417,2019-08-05T15:46:06.417Z,sell,1.76e-06,10525.0,0.018524
SNT/BTC,1565019971321,2019-08-05T15:46:11.321Z,sell,1.76e-06,9259.0,0.01629584
SNT/BTC,1565019972774,2019-08-05T15:46:12.774Z,buy,1.76e-06,10519.0,0.01851344
SNT/BTC,1565019973140,2019-08-05T15:46:13.140Z,buy,1.76e-06,2824.0,0.00497024
SNT/BTC,1565019973831,2019-08-05T15:46:13.831Z,buy,1.76e-06,603.0,0.00106128
SNT/BTC,1565020020634,2019-08-05T15:47:00.634Z,sell,1.76e-06,1120.0,0.0019712
SNT/BTC,1565020071833,2019-08-05T15:47:51.833Z,buy,1.76e-06,526.0,0.00092576
SNT/BTC,1565020073554,2019-08-05T15:47:53.554Z,buy,1.76e-06,1574.0,0.00277024
SNT/BTC,1565020073980,2019-08-05T15:47:53.980Z,buy,1.76e-06,4849.0,0.00853424
SNT/BTC,1565020075971,2019-08-05T15:47:55.971Z,buy,1.76e-06,2046.0,0.00360096
SNT/BTC,1565020078039,2019-08-05T15:47:58.039Z,buy,1.76e-06,1534.0,0.00269984
SNT/BTC,1565020078319,2019-08-05T15:47:58.319Z,buy,1.76e-06,601.0,0.00105776
SNT/BTC,1565020131712,2019-08-05T15:48:51.712Z,sell,1.75e-06,1240.0,0.00217
SNT/BTC,1565020161809,2019-08-05T15:49:21.809Z,buy,1.77e-06,59.0,0.00010443
SNT/BTC,1565020253073,2019-08-05T15:50:53.073Z,sell,1.76e-06,1234.0,0.00217184
SNT/BTC,1565020417810,2019-08-05T15:53:37.810Z,buy,1.77e-06,94.0,0.00016638
SNT/BTC,1565020426016,2019-08-05T15:53:46.016Z,buy,1.77e-06,9408.0,0.01665216
SNT/BTC,1565020537095,2019-08-05T15:55:37.095Z,sell,1.75e-06,1241.0,0.00217175
SNT/BTC,1565020655740,2019-08-05T15:57:35.740Z,sell,1.75e-06,1242.0,0.0021735
SNT/BTC,1565020798634,2019-08-05T15:59:58.634Z,sell,1.75e-06,1241.0,0.00217175
SNT/BTC,1565020813586,2019-08-05T16:00:13.586Z,buy,1.77e-06,28907.0,0.05116539
SNT/BTC,1565020909171,2019-08-05T16:01:49.171Z,buy,1.76e-06,15656.0,0.02755456
SNT/BTC,1565020910460,2019-08-05T16:01:50.460Z,buy,1.76e-06,363.0,0.00063888
SNT/BTC,1565020969042,2019-08-05T16:02:49.042Z,sell,1.76e-06,7949.0,0.01399024
SNT/BTC,1565021040243,2019-08-05T16:04:00.243Z,sell,1.76e-06,1242.0,0.00218592
SNT/BTC,1565021140772,2019-08-05T16:05:40.772Z,sell,1.75e-06,1239.0,0.00216825
SNT/BTC,1565021140772,2019-08-05T16:05:40.772Z,sell,1.75e-06,1239.0,0.00216825
SNT/BTC,1565021303580,2019-08-05T16:08:23.580Z,sell,1.75e-06,1242.0,0.0021735
SNT/BTC,1565021429244,2019-08-05T16:10:29.244Z,buy,1.76e-06,1549.0,0.00272624
SNT/BTC,1565021438178,2019-08-05T16:10:38.178Z,sell,1.75e-06,1241.0,0.00217175
SNT/BTC,1565021542664,2019-08-05T16:12:22.664Z,sell,1.75e-06,1241.0,0.00217175
SNT/BTC,1565021617699,2019-08-05T16:13:37.699Z,sell,1.75e-06,307056.0,0.5373479999999999
SNT/BTC,1565021617885,2019-08-05T16:13:37.885Z,buy,1.75e-06,21386.0,0.0374255
SNT/BTC,1565021617886,2019-08-05T16:13:37.886Z,buy,1.75e-06,29722.0,0.0520135
SNT/BTC,1565021617890,2019-08-05T16:13:37.890Z,buy,1.75e-06,16301.0,0.02852675
SNT/BTC,1565021617981,2019-08-05T16:13:37.981Z,buy,1.75e-06,17830.0,0.0312025
SNT/BTC,1565021618104,2019-08-05T16:13:38.104Z,buy,1.75e-06,11360.0,0.01988
SNT/BTC,1565021618143,2019-08-05T16:13:38.143Z,buy,1.75e-06,43828.0,0.076699
SNT/BTC,1565021618154,2019-08-05T16:13:38.154Z,buy,1.75e-06,24000.0,0.042
SNT/BTC,1565021618745,2019-08-05T16:13:38.745Z,buy,1.75e-06,8791.0,0.01538425
SNT/BTC,1565021618824,2019-08-05T16:13:38.824Z,buy,1.75e-06,27852.0,0.048741
SNT/BTC,1565021618978,2019-08-05T16:13:38.978Z,buy,1.75e-06,26950.0,0.0471624999999999
SNT/BTC,1565021619017,2019-08-05T16:13:39.017Z,buy,1.75e-06,13770.0,0.0240975
SNT/BTC,1565021619111,2019-08-05T16:13:39.111Z,buy,1.75e-06,11360.0,0.01988
SNT/BTC,1565021619193,2019-08-05T16:13:39.193Z,buy,1.75e-06,17633.0,0.03085775
SNT/BTC,1565021631156,2019-08-05T16:13:51.156Z,buy,1.75e-06,97360.0,0.17038
SNT/BTC,1565021687093,2019-08-05T16:14:47.093Z,buy,1.75e-06,17806.0,0.0311605
SNT/BTC,1565021690410,2019-08-05T16:14:50.410Z,buy,1.75e-06,205790.0,0.3601325
SNT/BTC,1565021700897,2019-08-05T16:15:00.897Z,buy,1.76e-06,914.0,0.00160864
SNT/BTC,1565021713136,2019-08-05T16:15:13.136Z,buy,1.76e-06,8688.0,0.01529088
SNT/BTC,1565021895028,2019-08-05T16:18:15.028Z,sell,1.75e-06,1240.0,0.00217
SNT/BTC,1565021895850,2019-08-05T16:18:15.850Z,sell,1.75e-06,1243.0,0.00217525
SNT/BTC,1565022065168,2019-08-05T16:21:05.168Z,sell,1.75e-06,4775.0,0.0083562499999999
SNT/BTC,1565022066090,2019-08-05T16:21:06.090Z,buy,1.75e-06,5101.0,0.00892675
SNT/BTC,1565022191764,2019-08-05T16:23:11.764Z,sell,1.74e-06,1423.0,0.00247602
SNT/BTC,1565022368509,2019-08-05T16:26:08.509Z,sell,1.74e-06,4483.0,0.00780042
SNT/BTC,1565022424386,2019-08-05T16:27:04.386Z,sell,1.74e-06,715.0,0.0012441
SNT/BTC,1565022774513,2019-08-05T16:32:54.513Z,sell,1.74e-06,1245.0,0.0021663
SNT/BTC,1565022853975,2019-08-05T16:34:13.975Z,buy,1.75e-06,570.0,0.0009975
SNT/BTC,1565022860343,2019-08-05T16:34:20.343Z,buy,1.75e-06,1141.0,0.00199675
SNT/BTC,1565022872664,2019-08-05T16:34:32.664Z,buy,1.75e-06,570.0,0.0009975
SNT/BTC,1565022875751,2019-08-05T16:34:35.751Z,buy,1.75e-06,570.0,0.0009975
SNT/BTC,1565022879496,2019-08-05T16:34:39.496Z,buy,1.75e-06,856.0,0.001498
SNT/BTC,1565022895406,2019-08-05T16:34:55.406Z,sell,1.74e-06,1245.0,0.0021663
SNT/BTC,1565023011597,2019-08-05T16:36:51.597Z,buy,1.75e-06,30983.0,0.05422025
SNT/BTC,1565023013836,2019-08-05T16:36:53.836Z,sell,1.74e-06,1245.0,0.0021663
SNT/BTC,1565023135896,2019-08-05T16:38:55.896Z,sell,1.74e-06,1245.0,0.0021663
SNT/BTC,1565023253350,2019-08-05T16:40:53.350Z,buy,1.75e-06,138365.0,0.2421387499999999
SNT/BTC,1565023253373,2019-08-05T16:40:53.373Z,sell,1.75e-06,3102.0,0.0054285
SNT/BTC,1565023253510,2019-08-05T16:40:53.510Z,sell,1.75e-06,24000.0,0.042
SNT/BTC,1565023253533,2019-08-05T16:40:53.533Z,sell,1.75e-06,44531.0,0.07792925
SNT/BTC,1565023253533,2019-08-05T16:40:53.533Z,sell,1.75e-06,8907.0,0.01558725
SNT/BTC,1565023253773,2019-08-05T16:40:53.773Z,sell,1.75e-06,7617.0,0.01332975
SNT/BTC,1565023253822,2019-08-05T16:40:53.822Z,sell,1.75e-06,7617.0,0.01332975
SNT/BTC,1565023253842,2019-08-05T16:40:53.842Z,sell,1.75e-06,7428.0,0.012999
SNT/BTC,1565023254396,2019-08-05T16:40:54.396Z,sell,1.75e-06,18885.0,0.03304875
SNT/BTC,1565023254465,2019-08-05T16:40:54.465Z,sell,1.75e-06,5738.0,0.0100415
SNT/BTC,1565023258170,2019-08-05T16:40:58.170Z,sell,1.75e-06,1238.0,0.0021665
SNT/BTC,1565023296954,2019-08-05T16:41:36.954Z,buy,1.76e-06,1497.0,0.00263472
SNT/BTC,1565023327989,2019-08-05T16:42:07.989Z,sell,1.76e-06,58.0,0.00010208
SNT/BTC,1565023329005,2019-08-05T16:42:09.005Z,sell,1.76e-06,765.0,0.0013464
SNT/BTC,1565023445820,2019-08-05T16:44:05.820Z,buy,1.77e-06,51984.0,0.09201168
SNT/BTC,1565023445820,2019-08-05T16:44:05.820Z,buy,1.78e-06,344068.0,0.61244104
SNT/BTC,1565023445820,2019-08-05T16:44:05.820Z,buy,1.79e-06,137250.0,0.2456775
SNT/BTC,1565023445820,2019-08-05T16:44:05.820Z,buy,1.8e-06,25336.0,0.0456048
SNT/BTC,1565023445820,2019-08-05T16:44:05.820Z,buy,1.81e-06,13738.0,0.02486578
SNT/BTC,1565023445820,2019-08-05T16:44:05.820Z,buy,1.82e-06,1161.0,0.0021130199999999
SNT/BTC,1565023447757,2019-08-05T16:44:07.757Z,sell,1.77e-06,4081.0,0.00722337
SNT/BTC,1565023448607,2019-08-05T16:44:08.607Z,buy,1.77e-06,2168.0,0.00383736
SNT/BTC,1565023459936,2019-08-05T16:44:19.936Z,buy,1.78e-06,57.0,0.00010146
SNT/BTC,1565023460978,2019-08-05T16:44:20.978Z,buy,1.78e-06,57.0,0.00010146
SNT/BTC,1565023462275,2019-08-05T16:44:22.275Z,buy,1.78e-06,899.0,0.0016002199999999
SNT/BTC,1565023463843,2019-08-05T16:44:23.843Z,buy,1.78e-06,92380.0,0.1644363999999999
SNT/BTC,1565023466845,2019-08-05T16:44:26.845Z,buy,1.78e-06,86161.0,0.15336658
SNT/BTC,1565023472887,2019-08-05T16:44:32.887Z,sell,1.78e-06,303.0,0.0005393399999999
SNT/BTC,1565023472949,2019-08-05T16:44:32.949Z,sell,1.77e-06,303.0,0.00053631
SNT/BTC,1565023474846,2019-08-05T16:44:34.846Z,buy,1.78e-06,9408.0,0.01674624
SNT/BTC,1565023480819,2019-08-05T16:44:40.819Z,buy,1.79e-06,899.0,0.00160921
SNT/BTC,1565023483843,2019-08-05T16:44:43.843Z,buy,1.78e-06,80630.0,0.1435214
SNT/BTC,1565023489852,2019-08-05T16:44:49.852Z,buy,1.78e-06,1714.0,0.00305092
SNT/BTC,1565023500930,2019-08-05T16:45:00.930Z,buy,1.79e-06,899.0,0.00160921
SNT/BTC,1565023520998,2019-08-05T16:45:20.998Z,buy,1.79e-06,899.0,0.00160921
SNT/BTC,1565023541894,2019-08-05T16:45:41.894Z,buy,1.79e-06,899.0,0.00160921
SNT/BTC,1565023648401,2019-08-05T16:47:28.401Z,sell,1.77e-06,4710.0,0.0083367
SNT/BTC,1565023672183,2019-08-05T16:47:52.183Z,buy,1.78e-06,560.0,0.0009968
SNT/BTC,1565023722043,2019-08-05T16:48:42.043Z,buy,1.78e-06,866.0,0.00154148
SNT/BTC,1565023758201,2019-08-05T16:49:18.201Z,sell,1.77e-06,1881.0,0.00332937
SNT/BTC,1565023760467,2019-08-05T16:49:20.467Z,sell,1.77e-06,4119.0,0.00729063
SNT/BTC,1565023761113,2019-08-05T16:49:21.113Z,sell,1.77e-06,2741.0,0.00485157
SNT/BTC,1565023763884,2019-08-05T16:49:23.884Z,sell,1.77e-06,975.0,0.00172575
SNT/BTC,1565023869366,2019-08-05T16:51:09.366Z,sell,1.77e-06,72.0,0.0001274399999999
SNT/BTC,1565023966507,2019-08-05T16:52:46.507Z,sell,1.77e-06,77.0,0.00013629
SNT/BTC,1565024150489,2019-08-05T16:55:50.489Z,sell,1.77e-06,8750.0,0.0154875
SNT/BTC,1565024159225,2019-08-05T16:55:59.225Z,sell,1.77e-06,3178.0,0.00562506
SNT/BTC,1565024242141,2019-08-05T16:57:22.141Z,sell,1.77e-06,76.0,0.00013452
SNT/BTC,1565024251113,2019-08-05T16:57:31.113Z,sell,1.77e-06,8471.0,0.01499367
SNT/BTC,1565024251904,2019-08-05T16:57:31.904Z,sell,1.77e-06,3012.0,0.00533124
SNT/BTC,1565024252288,2019-08-05T16:57:32.288Z,sell,1.77e-06,4831.0,0.00855087
SNT/BTC,1565024255331,2019-08-05T16:57:35.331Z,sell,1.77e-06,1401.0,0.00247977
SNT/BTC,1565024255376,2019-08-05T16:57:35.376Z,sell,1.77e-06,164.0,0.00029028
SNT/BTC,1565024258243,2019-08-05T16:57:38.243Z,sell,1.76e-06,2589.0,0.00455664
SNT/BTC,1565024284177,2019-08-05T16:58:04.177Z,sell,1.76e-06,9408.0,0.01655808
SNT/BTC,1565024354902,2019-08-05T16:59:14.902Z,sell,1.76e-06,11668.0,0.02053568
SNT/BTC,1565024457903,2019-08-05T17:00:57.903Z,sell,1.76e-06,21046.0,0.03704096
SNT/BTC,1565024739396,2019-08-05T17:05:39.396Z,sell,1.75e-06,2824.0,0.004942
SNT/BTC,1565024739396,2019-08-05T17:05:39.396Z,sell,1.75e-06,2824.0,0.004942
SNT/BTC,1565024742694,2019-08-05T17:05:42.694Z,sell,1.75e-06,303.0,0.00053025
SNT/BTC,1565024743238,2019-08-05T17:05:43.238Z,sell,1.75e-06,1574.0,0.0027545
SNT/BTC,1565024823482,2019-08-05T17:07:03.482Z,sell,1.75e-06,710.0,0.0012425
SNT/BTC,1565024877932,2019-08-05T17:07:57.932Z,sell,1.75e-06,4344.0,0.007602
SNT/BTC,1565024898380,2019-08-05T17:08:18.380Z,sell,1.75e-06,21411.0,0.03746925
SNT/BTC,1565024898512,2019-08-05T17:08:18.512Z,sell,1.75e-06,10150.0,0.0177625
SNT/BTC,1565024899838,2019-08-05T17:08:19.838Z,sell,1.75e-06,23138.0,0.0404915
SNT/BTC,1565024913174,2019-08-05T17:08:33.174Z,sell,1.74e-06,1913.0,0.00332862
SNT/BTC,1565024942438,2019-08-05T17:09:02.438Z,sell,1.74e-06,9408.0,0.01636992
SNT/BTC,1565024960525,2019-08-05T17:09:20.525Z,sell,1.74e-06,130618.0,0.22727532
SNT/BTC,1565024960567,2019-08-05T17:09:20.567Z,buy,1.74e-06,189.0,0.00032886
SNT/BTC,1565024960582,2019-08-05T17:09:20.582Z,buy,1.74e-06,189.0,0.00032886
SNT/BTC,1565024960679,2019-08-05T17:09:20.679Z,buy,1.74e-06,24000.0,0.04176
SNT/BTC,1565024961075,2019-08-05T17:09:21.075Z,buy,1.74e-06,8581.0,0.01493094
SNT/BTC,1565024961100,2019-08-05T17:09:21.100Z,buy,1.74e-06,8841.0,0.01538334
SNT/BTC,1565024961287,2019-08-05T17:09:21.287Z,buy,1.74e-06,17794.0,0.03096156
SNT/BTC,1565024962516,2019-08-05T17:09:22.516Z,buy,1.74e-06,8408.0,0.01462992
SNT/BTC,1565024962531,2019-08-05T17:09:22.531Z,buy,1.74e-06,642.0,0.00111708
SNT/BTC,1565024963043,2019-08-05T17:09:23.043Z,buy,1.74e-06,7450.0,0.012963
SNT/BTC,1565024963251,2019-08-05T17:09:23.251Z,buy,1.74e-06,2411.0,0.00419514
SNT/BTC,1565024963303,2019-08-05T17:09:23.303Z,buy,1.74e-06,7975.0,0.0138765
SNT/BTC,1565024963331,2019-08-05T17:09:23.331Z,buy,1.74e-06,2411.0,0.00419514
SNT/BTC,1565024963415,2019-08-05T17:09:23.415Z,buy,1.74e-06,7836.0,0.01363464
SNT/BTC,1565024963515,2019-08-05T17:09:23.515Z,buy,1.74e-06,6298.0,0.01095852
SNT/BTC,1565024963628,2019-08-05T17:09:23.628Z,buy,1.74e-06,6315.0,0.0109881
SNT/BTC,1565024964033,2019-08-05T17:09:24.033Z,buy,1.74e-06,6507.0,0.01132218
SNT/BTC,1565024964493,2019-08-05T17:09:24.493Z,buy,1.74e-06,1276.0,0.00222024
SNT/BTC,1565024966465,2019-08-05T17:09:26.465Z,buy,1.74e-06,600.0,0.001044
SNT/BTC,1565025004016,2019-08-05T17:10:04.016Z,sell,1.73e-06,719.0,0.00124387
SNT/BTC,1565025414848,2019-08-05T17:16:54.848Z,buy,1.74e-06,45817.0,0.07972158
SNT/BTC,1565025414848,2019-08-05T17:16:54.848Z,buy,1.75e-06,139550.0,0.2442125
SNT/BTC,1565025414848,2019-08-05T17:16:54.848Z,buy,1.76e-06,63548.0,0.11184448
SNT/BTC,1565025416553,2019-08-05T17:16:56.553Z,sell,1.74e-06,200.0,0.000348
SNT/BTC,1565025421289,2019-08-05T17:17:01.289Z,buy,1.75e-06,919.0,0.0016082499999999
SNT/BTC,1565025421652,2019-08-05T17:17:01.652Z,buy,1.75e-06,58.0,0.0001015
SNT/BTC,1565025441355,2019-08-05T17:17:21.355Z,buy,1.76e-06,919.0,0.00161744
SNT/BTC,1565025462687,2019-08-05T17:17:42.687Z,buy,1.76e-06,919.0,0.00161744
SNT/BTC,1565025480916,2019-08-05T17:18:00.916Z,buy,1.76e-06,919.0,0.00161744
SNT/BTC,1565025500749,2019-08-05T17:18:20.749Z,sell,1.75e-06,379.0,0.00066325
SNT/BTC,1565025502340,2019-08-05T17:18:22.340Z,buy,1.76e-06,919.0,0.00161744
SNT/BTC,1565025502435,2019-08-05T17:18:22.435Z,sell,1.75e-06,1471.0,0.00257425
SNT/BTC,1565025504774,2019-08-05T17:18:24.774Z,sell,1.74e-06,1229.0,0.00213846
SNT/BTC,1565025791312,2019-08-05T17:23:11.312Z,sell,1.74e-06,8307.0,0.01445418
SNT/BTC,1565025791481,2019-08-05T17:23:11.481Z,buy,1.74e-06,15555.0,0.0270657
SNT/BTC,1565025791502,2019-08-05T17:23:11.502Z,buy,1.74e-06,6528.0,0.01135872
SNT/BTC,1565025791511,2019-08-05T17:23:11.511Z,buy,1.74e-06,5451.0,0.00948474
SNT/BTC,1565025897958,2019-08-05T17:24:57.958Z,buy,1.74e-06,2050.0,0.003567
SNT/BTC,1565025898204,2019-08-05T17:24:58.204Z,sell,1.74e-06,4688.0,0.00815712
SNT/BTC,1565025929557,2019-08-05T17:25:29.557Z,buy,1.75e-06,17376.0,0.030408
SNT/BTC,1565026472085,2019-08-05T17:34:32.085Z,buy,1.75e-06,1650.0,0.0028875
SNT/BTC,1565026639360,2019-08-05T17:37:19.360Z,buy,1.75e-06,27800.0,0.04865
SNT/BTC,1565026639501,2019-08-05T17:37:19.501Z,sell,1.75e-06,6208.0,0.010864
SNT/BTC,1565026639602,2019-08-05T17:37:19.602Z,sell,1.75e-06,4382.0,0.0076685
SNT/BTC,1565026750876,2019-08-05T17:39:10.876Z,sell,1.74e-06,1251.0,0.00217674
SNT/BTC,1565026843216,2019-08-05T17:40:43.216Z,buy,1.75e-06,2358.0,0.0041265
SNT/BTC,1565026868176,2019-08-05T17:41:08.176Z,sell,1.74e-06,1253.0,0.00218022
SNT/BTC,1565026989290,2019-08-05T17:43:09.290Z,sell,1.75e-06,1245.0,0.00217875
SNT/BTC,1565027113674,2019-08-05T17:45:13.674Z,sell,1.75e-06,1074.0,0.0018794999999999
SNT/BTC,1565027228684,2019-08-05T17:47:08.684Z,sell,1.74e-06,1254.0,0.00218196
SNT/BTC,1565027325805,2019-08-05T17:48:45.805Z,sell,1.74e-06,1252.0,0.00217848
SNT/BTC,1565027446778,2019-08-05T17:50:46.778Z,sell,1.74e-06,1253.0,0.00218022
SNT/BTC,1565027568966,2019-08-05T17:52:48.966Z,sell,1.74e-06,1256.0,0.00218544
SNT/BTC,1565027630324,2019-08-05T17:53:50.324Z,buy,1.75e-06,89.0,0.00015575
SNT/BTC,1565027642367,2019-08-05T17:54:02.367Z,sell,1.74e-06,14266.0,0.02482284
SNT/BTC,1565027689144,2019-08-05T17:54:49.144Z,sell,1.74e-06,1258.0,0.00218892
SNT/BTC,1565027690153,2019-08-05T17:54:50.153Z,sell,1.74e-06,1259.0,0.00219066
SNT/BTC,1565027817683,2019-08-05T17:56:57.683Z,sell,1.74e-06,1263.0,0.00219762
SNT/BTC,1565027931839,2019-08-05T17:58:51.839Z,sell,1.74e-06,1260.0,0.0021924
SNT/BTC,1565028021548,2019-08-05T18:00:21.548Z,sell,1.74e-06,77.0,0.00013398
SNT/BTC,1565028056052,2019-08-05T18:00:56.052Z,sell,1.74e-06,1260.0,0.0021924
SNT/BTC,1565028173212,2019-08-05T18:02:53.212Z,sell,1.74e-06,1260.0,0.0021924
SNT/BTC,1565028174039,2019-08-05T18:02:54.039Z,sell,1.74e-06,1262.0,0.00219588
SNT/BTC,1565028232797,2019-08-05T18:03:52.797Z,sell,1.74e-06,1498.0,0.00260652
SNT/BTC,1565028293224,2019-08-05T18:04:53.224Z,sell,1.74e-06,1259.0,0.00219066
SNT/BTC,1565028294015,2019-08-05T18:04:54.015Z,sell,1.74e-06,1262.0,0.00219588
SNT/BTC,1565028303154,2019-08-05T18:05:03.154Z,sell,1.74e-06,3805.0,0.0066207
SNT/BTC,1565028333760,2019-08-05T18:05:33.760Z,sell,1.74e-06,1359.0,0.00236466
SNT/BTC,1565028338366,2019-08-05T18:05:38.366Z,sell,1.74e-06,1359.0,0.00236466
SNT/BTC,1565028338366,2019-08-05T18:05:38.366Z,sell,1.74e-06,1359.0,0.00236466
SNT/BTC,1565028412154,2019-08-05T18:06:52.154Z,sell,1.74e-06,1257.0,0.00218718
SNT/BTC,1565028412971,2019-08-05T18:06:52.971Z,sell,1.74e-06,1261.0,0.00219414
SNT/BTC,1565028510881,2019-08-05T18:08:30.881Z,sell,1.74e-06,84.0,0.00014616
SNT/BTC,1565028535142,2019-08-05T18:08:55.142Z,sell,1.74e-06,1257.0,0.00218718
SNT/BTC,1565028535946,2019-08-05T18:08:55.946Z,sell,1.74e-06,1261.0,0.00219414
SNT/BTC,1565028542481,2019-08-05T18:09:02.481Z,sell,1.74e-06,55047.0,0.09578178
SNT/BTC,1565028565966,2019-08-05T18:09:25.966Z,sell,1.73e-06,184985.0,0.32002405
SNT/BTC,1565028565993,2019-08-05T18:09:25.993Z,buy,1.73e-06,45222.0,0.07823406
SNT/BTC,1565028566001,2019-08-05T18:09:26.001Z,buy,1.73e-06,27460.0,0.0475058
SNT/BTC,1565028566041,2019-08-05T18:09:26.041Z,buy,1.73e-06,25776.0,0.04459248
SNT/BTC,1565028566075,2019-08-05T18:09:26.075Z,buy,1.73e-06,14434.0,0.0249708199999999
SNT/BTC,1565028566089,2019-08-05T18:09:26.089Z,buy,1.73e-06,6000.0,0.01038
SNT/BTC,1565028566097,2019-08-05T18:09:26.097Z,buy,1.73e-06,7445.0,0.01287985
SNT/BTC,1565028566107,2019-08-05T18:09:26.107Z,buy,1.73e-06,24000.0,0.04152
SNT/BTC,1565028566196,2019-08-05T18:09:26.196Z,buy,1.73e-06,21667.0,0.03748391
SNT/BTC,1565028566204,2019-08-05T18:09:26.204Z,buy,1.73e-06,4291.0,0.00742343
SNT/BTC,1565028566204,2019-08-05T18:09:26.204Z,buy,1.73e-06,63622.0,0.11006606
SNT/BTC,1565028566248,2019-08-05T18:09:26.248Z,buy,1.73e-06,32000.0,0.05536
SNT/BTC,1565028566255,2019-08-05T18:09:26.255Z,buy,1.73e-06,18408.0,0.03184584
SNT/BTC,1565028566358,2019-08-05T18:09:26.358Z,buy,1.73e-06,24000.0,0.04152
SNT/BTC,1565028566373,2019-08-05T18:09:26.373Z,buy,1.73e-06,13887.0,0.02402451
SNT/BTC,1565028566404,2019-08-05T18:09:26.404Z,buy,1.73e-06,7888.0,0.01364624
SNT/BTC,1565028566526,2019-08-05T18:09:26.526Z,buy,1.73e-06,4362.0,0.00754626
SNT/BTC,1565028567660,2019-08-05T18:09:27.660Z,buy,1.73e-06,5137.0,0.0088870099999999
SNT/BTC,1565028567665,2019-08-05T18:09:27.665Z,buy,1.73e-06,12329.0,0.0213291699999999
SNT/BTC,1565028567685,2019-08-05T18:09:27.685Z,buy,1.73e-06,5147.0,0.00890431
SNT/BTC,1565028568357,2019-08-05T18:09:28.357Z,buy,1.73e-06,4938.0,0.00854274
SNT/BTC,1565028568672,2019-08-05T18:09:28.672Z,buy,1.73e-06,11790.0,0.0203967
SNT/BTC,1565028568943,2019-08-05T18:09:28.943Z,buy,1.73e-06,2916.0,0.00504468
SNT/BTC,1565028573057,2019-08-05T18:09:33.057Z,sell,1.72e-06,2086.0,0.00358792
SNT/BTC,1565028578468,2019-08-05T18:09:38.468Z,buy,1.73e-06,177.0,0.00030621
SNT/BTC,1565028579421,2019-08-05T18:09:39.421Z,buy,1.73e-06,680.0,0.0011764
SNT/BTC,1565028579907,2019-08-05T18:09:39.907Z,buy,1.73e-06,1269.0,0.00219537
SNT/BTC,1565028582190,2019-08-05T18:09:42.190Z,buy,1.73e-06,739.0,0.0012784699999999
SNT/BTC,1565028582633,2019-08-05T18:09:42.633Z,buy,1.73e-06,1354.0,0.00234242
SNT/BTC,1565028584194,2019-08-05T18:09:44.194Z,buy,1.73e-06,600.0,0.001038
SNT/BTC,1565028601854,2019-08-05T18:10:01.854Z,buy,1.73e-06,913.0,0.00157949
SNT/BTC,1565028602670,2019-08-05T18:10:02.670Z,buy,1.73e-06,58.0,0.0001003399999999
SNT/BTC,1565028640366,2019-08-05T18:10:40.366Z,sell,1.72e-06,1098.0,0.00188856
SNT/BTC,1565028648926,2019-08-05T18:10:48.926Z,buy,1.73e-06,7585.0,0.01312205
SNT/BTC,1565028649457,2019-08-05T18:10:49.457Z,buy,1.73e-06,1149.0,0.00198777
SNT/BTC,1565028655449,2019-08-05T18:10:55.449Z,sell,1.72e-06,1270.0,0.0021844
SNT/BTC,1565028663877,2019-08-05T18:11:03.877Z,sell,1.72e-06,723.0,0.00124356
SNT/BTC,1565028677905,2019-08-05T18:11:17.905Z,buy,1.73e-06,5602.0,0.0096914599999999
SNT/BTC,1565028698519,2019-08-05T18:11:38.519Z,buy,1.73e-06,8222.0,0.01422406
SNT/BTC,1565028704169,2019-08-05T18:11:44.169Z,buy,1.73e-06,59.0,0.00010207
SNT/BTC,1565028715726,2019-08-05T18:11:55.726Z,sell,1.73e-06,71.0,0.00012283
SNT/BTC,1565028733543,2019-08-05T18:12:13.543Z,sell,1.73e-06,2861.0,0.00494953
SNT/BTC,1565028758477,2019-08-05T18:12:38.477Z,sell,1.73e-06,877.0,0.00151721
SNT/BTC,1565028777787,2019-08-05T18:12:57.787Z,sell,1.73e-06,1261.0,0.00218153
SNT/BTC,1565028778701,2019-08-05T18:12:58.701Z,sell,1.73e-06,1266.0,0.00219018
SNT/BTC,1565028812463,2019-08-05T18:13:32.463Z,buy,1.74e-06,1149.0,0.00199926
SNT/BTC,1565028898594,2019-08-05T18:14:58.594Z,sell,1.73e-06,1259.0,0.00217807
SNT/BTC,1565028899523,2019-08-05T18:14:59.523Z,sell,1.73e-06,1264.0,0.00218672
SNT/BTC,1565028963713,2019-08-05T18:16:03.713Z,sell,1.73e-06,115.0,0.0001989499999999
SNT/BTC,1565029021721,2019-08-05T18:17:01.721Z,sell,1.73e-06,1258.0,0.00217634
SNT/BTC,1565029022604,2019-08-05T18:17:02.604Z,sell,1.73e-06,1260.0,0.0021798
SNT/BTC,1565029022609,2019-08-05T18:17:02.609Z,sell,1.73e-06,1297.0,0.0022438099999999
SNT/BTC,1565029035003,2019-08-05T18:17:15.003Z,buy,1.74e-06,144.0,0.00025056
SNT/BTC,1565029141909,2019-08-05T18:19:01.909Z,sell,1.73e-06,1256.0,0.00217288
SNT/BTC,1565029253364,2019-08-05T18:20:53.364Z,sell,1.73e-06,59.0,0.00010207
SNT/BTC,1565029254439,2019-08-05T18:20:54.439Z,buy,1.73e-06,2312.0,0.00399976
SNT/BTC,1565029262044,2019-08-05T18:21:02.044Z,sell,1.72e-06,1264.0,0.00217408
SNT/BTC,1565029355340,2019-08-05T18:22:35.340Z,buy,1.73e-06,84.0,0.00014532
SNT/BTC,1565029377346,2019-08-05T18:22:57.346Z,sell,1.72e-06,1265.0,0.0021758
SNT/BTC,1565029504178,2019-08-05T18:25:04.178Z,sell,1.72e-06,1265.0,0.0021758
SNT/BTC,1565029621311,2019-08-05T18:27:01.311Z,sell,1.72e-06,1265.0,0.0021758
SNT/BTC,1565029642486,2019-08-05T18:27:22.486Z,sell,1.72e-06,478.0,0.00082216
SNT/BTC,1565029740912,2019-08-05T18:29:00.912Z,sell,1.72e-06,1267.0,0.00217924
SNT/BTC,1565029789605,2019-08-05T18:29:49.605Z,buy,1.73e-06,12416.0,0.02147968
SNT/BTC,1565029790088,2019-08-05T18:29:50.088Z,buy,1.73e-06,744.0,0.0012871199999999
SNT/BTC,1565029862119,2019-08-05T18:31:02.119Z,sell,1.73e-06,1261.0,0.00218153
SNT/BTC,1565029863125,2019-08-05T18:31:03.125Z,buy,1.74e-06,152.0,0.00026448
SNT/BTC,1565029863214,2019-08-05T18:31:03.214Z,sell,1.73e-06,958.0,0.00165734
SNT/BTC,1565029863246,2019-08-05T18:31:03.246Z,sell,1.73e-06,305.0,0.00052765
SNT/BTC,1565029982745,2019-08-05T18:33:02.745Z,sell,1.73e-06,1260.0,0.0021798
SNT/BTC,1565029983576,2019-08-05T18:33:03.576Z,sell,1.73e-06,1263.0,0.00218499
SNT/BTC,1565030101879,2019-08-05T18:35:01.879Z,sell,1.73e-06,1260.0,0.0021798
SNT/BTC,1565030103007,2019-08-05T18:35:03.007Z,sell,1.73e-06,1263.0,0.00218499
SNT/BTC,1565030225424,2019-08-05T18:37:05.424Z,sell,1.73e-06,1261.0,0.00218153
SNT/BTC,1565030342572,2019-08-05T18:39:02.572Z,sell,1.73e-06,1261.0,0.00218153
SNT/BTC,1565030461434,2019-08-05T18:41:01.434Z,sell,1.73e-06,1260.0,0.0021798
SNT/BTC,1565030462295,2019-08-05T18:41:02.295Z,sell,1.73e-06,1264.0,0.00218672
SNT/BTC,1565030495022,2019-08-05T18:41:35.022Z,sell,1.73e-06,304.0,0.00052592
SNT/BTC,1565030523965,2019-08-05T18:42:03.965Z,sell,1.73e-06,69.0,0.0001193699999999
SNT/BTC,1565030584162,2019-08-05T18:43:04.162Z,sell,1.73e-06,1260.0,0.0021798
SNT/BTC,1565030706087,2019-08-05T18:45:06.087Z,sell,1.73e-06,1259.0,0.00217807
SNT/BTC,1565030828571,2019-08-05T18:47:08.571Z,sell,1.73e-06,1259.0,0.00217807
SNT/BTC,1565030947391,2019-08-05T18:49:07.391Z,sell,1.73e-06,1260.0,0.0021798
SNT/BTC,1565031065644,2019-08-05T18:51:05.644Z,sell,1.73e-06,1260.0,0.0021798
SNT/BTC,1565031187924,2019-08-05T18:53:07.924Z,sell,1.73e-06,1260.0,0.0021798
SNT/BTC,1565031189036,2019-08-05T18:53:09.036Z,sell,1.73e-06,1264.0,0.00218672
SNT/BTC,1565031217494,2019-08-05T18:53:37.494Z,buy,1.74e-06,143.0,0.00024882
SNT/BTC,1565031309109,2019-08-05T18:55:09.109Z,sell,1.73e-06,1259.0,0.00217807
SNT/BTC,1565031310004,2019-08-05T18:55:10.004Z,sell,1.73e-06,1043.0,0.00180439
SNT/BTC,1565031426977,2019-08-05T18:57:06.977Z,sell,1.73e-06,1260.0,0.0021798
SNT/BTC,1565031427818,2019-08-05T18:57:07.818Z,sell,1.73e-06,1262.0,0.00218326
SNT/BTC,1565031547642,2019-08-05T18:59:07.642Z,sell,1.73e-06,1260.0,0.0021798
SNT/BTC,1565031548479,2019-08-05T18:59:08.479Z,sell,1.73e-06,1263.0,0.00218499
SNT/BTC,1565031673570,2019-08-05T19:01:13.570Z,sell,1.73e-06,1261.0,0.00218153
SNT/BTC,1565031674513,2019-08-05T19:01:14.513Z,sell,1.73e-06,1265.0,0.0021884499999999
SNT/BTC,1565031712928,2019-08-05T19:01:52.928Z,sell,1.73e-06,325.0,0.00056225
SNT/BTC,1565031791437,2019-08-05T19:03:11.437Z,sell,1.73e-06,1261.0,0.00218153
SNT/BTC,1565031792187,2019-08-05T19:03:12.187Z,sell,1.73e-06,1265.0,0.0021884499999999
SNT/BTC,1565031861872,2019-08-05T19:04:21.872Z,buy,1.74e-06,70.0,0.0001218
SNT/BTC,1565031913550,2019-08-05T19:05:13.550Z,sell,1.73e-06,1261.0,0.00218153
SNT/BTC,1565031914377,2019-08-05T19:05:14.377Z,sell,1.73e-06,1266.0,0.00219018
SNT/BTC,1565031925721,2019-08-05T19:05:25.721Z,sell,1.73e-06,72.0,0.00012456
SNT/BTC,1565031925721,2019-08-05T19:05:25.721Z,sell,1.73e-06,72.0,0.00012456
SNT/BTC,1565032024813,2019-08-05T19:07:04.813Z,buy,1.74e-06,1511.0,0.00262914
SNT/BTC,1565032038120,2019-08-05T19:07:18.120Z,sell,1.73e-06,1021.0,0.00176633
SNT/BTC,1565032038931,2019-08-05T19:07:18.931Z,sell,1.73e-06,1265.0,0.0021884499999999
SNT/BTC,1565032156216,2019-08-05T19:09:16.216Z,sell,1.73e-06,1263.0,0.00218499
SNT/BTC,1565032276673,2019-08-05T19:11:16.673Z,sell,1.73e-06,1263.0,0.00218499
SNT/BTC,1565032277461,2019-08-05T19:11:17.461Z,sell,1.73e-06,1266.0,0.00219018
SNT/BTC,1565032385525,2019-08-05T19:13:05.525Z,sell,1.73e-06,2821.0,0.0048803299999999
SNT/BTC,1565032396295,2019-08-05T19:13:16.295Z,sell,1.73e-06,1264.0,0.00218672
SNT/BTC,1565032499842,2019-08-05T19:14:59.842Z,sell,1.73e-06,6612.0,0.01143876
SNT/BTC,1565032503523,2019-08-05T19:15:03.523Z,buy,1.73e-06,4822.0,0.00834206
SNT/BTC,1565032518085,2019-08-05T19:15:18.085Z,sell,1.73e-06,1261.0,0.00218153
SNT/BTC,1565032518920,2019-08-05T19:15:18.920Z,sell,1.73e-06,1096.0,0.0018960799999999
SNT/BTC,1565032574840,2019-08-05T19:16:14.840Z,buy,1.74e-06,78.0,0.00013572
SNT/BTC,1565032634790,2019-08-05T19:17:14.790Z,buy,1.74e-06,95.0,0.0001653
SNT/BTC,1565032638777,2019-08-05T19:17:18.777Z,sell,1.72e-06,1268.0,0.00218096
SNT/BTC,1565032760393,2019-08-05T19:19:20.393Z,sell,1.73e-06,1260.0,0.0021798
SNT/BTC,1565032761300,2019-08-05T19:19:21.300Z,sell,1.73e-06,1263.0,0.00218499
SNT/BTC,1565032780710,2019-08-05T19:19:40.710Z,sell,1.73e-06,14448.0,0.02499504
SNT/BTC,1565032879112,2019-08-05T19:21:19.112Z,sell,1.72e-06,1268.0,0.00218096
SNT/BTC,1565032995345,2019-08-05T19:23:15.345Z,sell,1.73e-06,1260.0,0.0021798
SNT/BTC,1565032996300,2019-08-05T19:23:16.300Z,sell,1.73e-06,1264.0,0.00218672
SNT/BTC,1565033014275,2019-08-05T19:23:34.275Z,sell,1.73e-06,75.0,0.00012975
SNT/BTC,1565033094093,2019-08-05T19:24:54.093Z,buy,1.73e-06,26115.0,0.0451789499999999
SNT/BTC,1565033118022,2019-08-05T19:25:18.022Z,sell,1.73e-06,1261.0,0.00218153
SNT/BTC,1565033118830,2019-08-05T19:25:18.830Z,sell,1.73e-06,1263.0,0.00218499
SNT/BTC,1565033237923,2019-08-05T19:27:17.923Z,sell,1.73e-06,1262.0,0.00218326
SNT/BTC,1565033238850,2019-08-05T19:27:18.850Z,sell,1.73e-06,1263.0,0.00218499
SNT/BTC,1565033361837,2019-08-05T19:29:21.837Z,sell,1.73e-06,1262.0,0.00218326
SNT/BTC,1565033417325,2019-08-05T19:30:17.325Z,sell,1.73e-06,2297.0,0.0039738099999999
SNT/BTC,1565033484527,2019-08-05T19:31:24.527Z,sell,1.73e-06,1263.0,0.00218499
SNT/BTC,1565033607500,2019-08-05T19:33:27.500Z,sell,1.73e-06,1263.0,0.00218499
SNT/BTC,1565033724762,2019-08-05T19:35:24.762Z,sell,1.73e-06,1263.0,0.00218499
SNT/BTC,1565033843870,2019-08-05T19:37:23.870Z,sell,1.73e-06,1262.0,0.00218326
SNT/BTC,1565033966050,2019-08-05T19:39:26.050Z,sell,1.73e-06,1262.0,0.00218326
SNT/BTC,1565034090256,2019-08-05T19:41:30.256Z,sell,1.73e-06,1262.0,0.00218326
SNT/BTC,1565034211995,2019-08-05T19:43:31.995Z,sell,1.73e-06,1262.0,0.00218326
SNT/BTC,1565034212874,2019-08-05T19:43:32.874Z,sell,1.73e-06,656.0,0.00113488
SNT/BTC,1565034327937,2019-08-05T19:45:27.937Z,sell,1.73e-06,1262.0,0.00218326
SNT/BTC,1565034343640,2019-08-05T19:45:43.640Z,sell,1.73e-06,11506.0,0.01990538
SNT/BTC,1565034451492,2019-08-05T19:47:31.492Z,sell,1.73e-06,1263.0,0.00218499
SNT/BTC,1565034570753,2019-08-05T19:49:30.753Z,sell,1.73e-06,1266.0,0.00219018
SNT/BTC,1565034694954,2019-08-05T19:51:34.954Z,sell,1.73e-06,1264.0,0.00218672
SNT/BTC,1565034811692,2019-08-05T19:53:31.692Z,sell,1.73e-06,1264.0,0.00218672
SNT/BTC,1565034822553,2019-08-05T19:53:42.553Z,buy,1.74e-06,342.0,0.00059508
SNT/BTC,1565034934052,2019-08-05T19:55:34.052Z,sell,1.73e-06,1264.0,0.00218672
SNT/BTC,1565035056564,2019-08-05T19:57:36.564Z,sell,1.73e-06,1264.0,0.00218672
SNT/BTC,1565035178085,2019-08-05T19:59:38.085Z,sell,1.73e-06,1266.0,0.00219018
SNT/BTC,1565035293344,2019-08-05T20:01:33.344Z,buy,1.74e-06,25800.0,0.044892
SNT/BTC,1565035298707,2019-08-05T20:01:38.707Z,sell,1.73e-06,1266.0,0.00219018
SNT/BTC,1565035308935,2019-08-05T20:01:48.935Z,buy,1.74e-06,69741.0,0.12134934
SNT/BTC,1565035317567,2019-08-05T20:01:57.567Z,sell,1.74e-06,475.0,0.0008265
SNT/BTC,1565035336622,2019-08-05T20:02:16.622Z,buy,1.75e-06,514.0,0.0008995
SNT/BTC,1565035420913,2019-08-05T20:03:40.913Z,sell,1.74e-06,1260.0,0.0021924
SNT/BTC,1565035421731,2019-08-05T20:03:41.731Z,sell,1.74e-06,1262.0,0.00219588
SNT/BTC,1565035421731,2019-08-05T20:03:41.731Z,sell,1.74e-06,1262.0,0.00219588
SNT/BTC,1565035543488,2019-08-05T20:05:43.488Z,sell,1.74e-06,1261.0,0.00219414
SNT/BTC,1565035543510,2019-08-05T20:05:43.510Z,buy,1.75e-06,1803.0,0.00315525
SNT/BTC,1565035664670,2019-08-05T20:07:44.670Z,sell,1.74e-06,1262.0,0.00219588
SNT/BTC,1565035784928,2019-08-05T20:09:44.928Z,sell,1.74e-06,1261.0,0.00219414
SNT/BTC,1565035837133,2019-08-05T20:10:37.133Z,sell,1.74e-06,407.0,0.00070818
SNT/BTC,1565035838010,2019-08-05T20:10:38.010Z,sell,1.74e-06,1769.0,0.00307806
SNT/BTC,1565035904591,2019-08-05T20:11:44.591Z,sell,1.74e-06,1078.0,0.00187572
SNT/BTC,1565036026234,2019-08-05T20:13:46.234Z,sell,1.73e-06,1265.0,0.0021884499999999
SNT/BTC,1565036149108,2019-08-05T20:15:49.108Z,sell,1.73e-06,1285.0,0.00222305
SNT/BTC,1565036179021,2019-08-05T20:16:19.021Z,sell,1.73e-06,5191.0,0.00898043
SNT/BTC,1565036236183,2019-08-05T20:17:16.183Z,sell,1.73e-06,133.0,0.00023009
SNT/BTC,1565036269919,2019-08-05T20:17:49.919Z,sell,1.73e-06,1261.0,0.00218153
SNT/BTC,1565036270725,2019-08-05T20:17:50.725Z,sell,1.73e-06,1264.0,0.00218672
SNT/BTC,1565036389196,2019-08-05T20:19:49.196Z,sell,1.73e-06,1262.0,0.00218326
SNT/BTC,1565036390079,2019-08-05T20:19:50.079Z,sell,1.73e-06,449.0,0.00077677
SNT/BTC,1565036418673,2019-08-05T20:20:18.673Z,buy,1.73e-06,11913.0,0.02060949
SNT/BTC,1565036511299,2019-08-05T20:21:51.299Z,sell,1.73e-06,1262.0,0.00218326
SNT/BTC,1565036512213,2019-08-05T20:21:52.213Z,sell,1.73e-06,1265.0,0.0021884499999999
SNT/BTC,1565036627880,2019-08-05T20:23:47.880Z,sell,1.73e-06,1263.0,0.00218499
SNT/BTC,1565036747978,2019-08-05T20:25:47.978Z,sell,1.73e-06,1264.0,0.00218672
SNT/BTC,1565036870264,2019-08-05T20:27:50.264Z,sell,1.73e-06,1263.0,0.00218499
SNT/BTC,1565036871072,2019-08-05T20:27:51.072Z,sell,1.73e-06,1265.0,0.0021884499999999
SNT/BTC,1565036992617,2019-08-05T20:29:52.617Z,sell,1.73e-06,1263.0,0.00218499
SNT/BTC,1565037110930,2019-08-05T20:31:50.930Z,sell,1.73e-06,1264.0,0.00218672
SNT/BTC,1565037415980,2019-08-05T20:36:55.980Z,buy,1.74e-06,498.0,0.00086652
