symbol,timestamp,datetime,side,price,amount,btc_volume
SUB/BTC,1544877379058,2018-12-15T12:36:19.058Z,buy,1.202e-05,284.0,0.00341368
SUB/BTC,1544877419944,2018-12-15T12:36:59.944Z,sell,1.194e-05,3188.0,0.0380647199999999
SUB/BTC,1544877421564,2018-12-15T12:37:01.564Z,buy,1.194e-05,2696.0,0.0321902399999999
SUB/BTC,1544878127274,2018-12-15T12:48:47.274Z,sell,1.196e-05,120.0,0.0014352
SUB/BTC,1544878197788,2018-12-15T12:49:57.788Z,sell,1.196e-05,1552.0,0.01856192
SUB/BTC,1544878197788,2018-12-15T12:49:57.788Z,sell,1.194e-05,2164.0,0.02583816
SUB/BTC,1544878276864,2018-12-15T12:51:16.864Z,sell,1.196e-05,154.0,0.00184184
SUB/BTC,1544878437301,2018-12-15T12:53:57.301Z,buy,1.202e-05,1397.0,0.01679194
SUB/BTC,1544878437323,2018-12-15T12:53:57.323Z,sell,1.202e-05,1545.0,0.0185709
SUB/BTC,1544878440379,2018-12-15T12:54:00.379Z,sell,1.202e-05,115.0,0.0013823
SUB/BTC,1544878440780,2018-12-15T12:54:00.780Z,sell,1.202e-05,84.0,0.00100968
SUB/BTC,1544878575657,2018-12-15T12:56:15.657Z,buy,1.205e-05,225.0,0.00271125
SUB/BTC,1544878644521,2018-12-15T12:57:24.521Z,buy,1.207e-05,2561.0,0.0309112699999999
SUB/BTC,1544878644521,2018-12-15T12:57:24.521Z,buy,1.208e-05,4079.0,0.0492743199999999
SUB/BTC,1544878644521,2018-12-15T12:57:24.521Z,buy,1.211e-05,3360.0,0.0406896
SUB/BTC,1544879022170,2018-12-15T13:03:42.170Z,buy,1.207e-05,1385.0,0.0167169499999999
SUB/BTC,1544879022170,2018-12-15T13:03:42.170Z,buy,1.208e-05,3615.0,0.0436692
SUB/BTC,1544879042868,2018-12-15T13:04:02.868Z,buy,1.208e-05,62.0,0.00074896
SUB/BTC,1544879042868,2018-12-15T13:04:02.868Z,buy,1.209e-05,2894.0,0.03498846
SUB/BTC,1544879042868,2018-12-15T13:04:02.868Z,buy,1.21e-05,44.0,0.0005323999999999
SUB/BTC,1544879066405,2018-12-15T13:04:26.405Z,buy,1.21e-05,15000.0,0.1815
SUB/BTC,1544879084650,2018-12-15T13:04:44.650Z,buy,1.211e-05,1979.0,0.0239656899999999
SUB/BTC,1544879084650,2018-12-15T13:04:44.650Z,buy,1.212e-05,4694.0,0.0568912799999999
SUB/BTC,1544879084650,2018-12-15T13:04:44.650Z,buy,1.213e-05,2355.0,0.02856615
SUB/BTC,1544879084695,2018-12-15T13:04:44.695Z,sell,1.213e-05,272.0,0.00329936
SUB/BTC,1544879084695,2018-12-15T13:04:44.695Z,sell,1.213e-05,700.0,0.008491
SUB/BTC,1544879104931,2018-12-15T13:05:04.931Z,buy,1.214e-05,304.0,0.00369056
SUB/BTC,1544879104931,2018-12-15T13:05:04.931Z,buy,1.215e-05,2156.0,0.0261954
SUB/BTC,1544879104931,2018-12-15T13:05:04.931Z,buy,1.218e-05,291.0,0.00354438
SUB/BTC,1544879104931,2018-12-15T13:05:04.931Z,buy,1.22e-05,13232.0,0.1614304
SUB/BTC,1544879107158,2018-12-15T13:05:07.158Z,sell,1.212e-05,93.0,0.0011271599999999
SUB/BTC,1544879146637,2018-12-15T13:05:46.637Z,buy,1.219e-05,163.0,0.00198697
SUB/BTC,1544879154120,2018-12-15T13:05:54.120Z,buy,1.219e-05,2062.0,0.02513578
SUB/BTC,1544879154120,2018-12-15T13:05:54.120Z,buy,1.22e-05,805.0,0.009821
SUB/BTC,1544879154709,2018-12-15T13:05:54.709Z,buy,1.222e-05,1936.0,0.02365792
SUB/BTC,1544879453728,2018-12-15T13:10:53.728Z,buy,1.222e-05,699.0,0.00854178
SUB/BTC,1544879453728,2018-12-15T13:10:53.728Z,buy,1.225e-05,2795.0,0.03423875
SUB/BTC,1544879453728,2018-12-15T13:10:53.728Z,buy,1.226e-05,463.0,0.00567638
SUB/BTC,1544879453728,2018-12-15T13:10:53.728Z,buy,1.229e-05,1932.0,0.02374428
SUB/BTC,1544879453728,2018-12-15T13:10:53.728Z,buy,1.231e-05,81.0,0.00099711
SUB/BTC,1544879453728,2018-12-15T13:10:53.728Z,buy,1.232e-05,11257.0,0.13868624
SUB/BTC,1544879453753,2018-12-15T13:10:53.753Z,sell,1.232e-05,2773.0,0.03416336
SUB/BTC,1544879460249,2018-12-15T13:11:00.249Z,sell,1.221e-05,83.0,0.00101343
SUB/BTC,1544879485834,2018-12-15T13:11:25.834Z,buy,1.228e-05,83.0,0.00101924
SUB/BTC,1544879486866,2018-12-15T13:11:26.866Z,sell,1.228e-05,452.0,0.0055505599999999
SUB/BTC,1544879508552,2018-12-15T13:11:48.552Z,buy,1.231e-05,560.0,0.0068936
SUB/BTC,1544879508552,2018-12-15T13:11:48.552Z,buy,1.233e-05,2340.0,0.0288522
SUB/BTC,1544879583202,2018-12-15T13:13:03.202Z,buy,1.23e-05,774.0,0.0095202
SUB/BTC,1544879583202,2018-12-15T13:13:03.202Z,buy,1.232e-05,580.0,0.0071456
SUB/BTC,1544879583202,2018-12-15T13:13:03.202Z,buy,1.233e-05,516.0,0.00636228
SUB/BTC,1544879583202,2018-12-15T13:13:03.202Z,buy,1.234e-05,7591.0,0.09367294
SUB/BTC,1544879589790,2018-12-15T13:13:09.790Z,buy,1.23e-05,1000.0,0.0123
SUB/BTC,1544879604494,2018-12-15T13:13:24.494Z,buy,1.235e-05,1000.0,0.01235
SUB/BTC,1544879604494,2018-12-15T13:13:24.494Z,buy,1.236e-05,127.0,0.00156972
SUB/BTC,1544879604494,2018-12-15T13:13:24.494Z,buy,1.237e-05,447.0,0.00552939
SUB/BTC,1544879604494,2018-12-15T13:13:24.494Z,buy,1.239e-05,333.0,0.00412587
SUB/BTC,1544879604494,2018-12-15T13:13:24.494Z,buy,1.241e-05,47.0,0.00058327
SUB/BTC,1544879604494,2018-12-15T13:13:24.494Z,buy,1.249e-05,177.0,0.00221073
SUB/BTC,1544879606450,2018-12-15T13:13:26.450Z,sell,1.232e-05,115.0,0.0014168
SUB/BTC,1544879610005,2018-12-15T13:13:30.005Z,sell,1.233e-05,381.0,0.00469773
SUB/BTC,1544879610038,2018-12-15T13:13:30.038Z,sell,1.233e-05,815.0,0.01004895
SUB/BTC,1544879610038,2018-12-15T13:13:30.038Z,sell,1.232e-05,283.0,0.00348656
SUB/BTC,1544879612746,2018-12-15T13:13:32.746Z,sell,1.232e-05,179.0,0.00220528
SUB/BTC,1544879617437,2018-12-15T13:13:37.437Z,sell,1.235e-05,165.0,0.00203775
SUB/BTC,1544879637457,2018-12-15T13:13:57.457Z,buy,1.239e-05,176.0,0.00218064
SUB/BTC,1544879639642,2018-12-15T13:13:59.642Z,buy,1.239e-05,111.0,0.00137529
SUB/BTC,1544879650793,2018-12-15T13:14:10.793Z,sell,1.239e-05,692.0,0.00857388
SUB/BTC,1544879653881,2018-12-15T13:14:13.881Z,sell,1.237e-05,808.0,0.00999496
SUB/BTC,1544879654865,2018-12-15T13:14:14.865Z,sell,1.236e-05,2423.0,0.02994828
SUB/BTC,1544879662790,2018-12-15T13:14:22.790Z,buy,1.231e-05,287.0,0.00353297
SUB/BTC,1544879662890,2018-12-15T13:14:22.890Z,sell,1.23e-05,4510.0,0.055473
SUB/BTC,1544879666856,2018-12-15T13:14:26.856Z,sell,1.228e-05,300.0,0.0036839999999999
SUB/BTC,1544879668933,2018-12-15T13:14:28.933Z,buy,1.229e-05,574.0,0.0070544599999999
SUB/BTC,1544879670701,2018-12-15T13:14:30.701Z,sell,1.226e-05,356.0,0.00436456
SUB/BTC,1544879670701,2018-12-15T13:14:30.701Z,sell,1.225e-05,808.0,0.009898
SUB/BTC,1544879670701,2018-12-15T13:14:30.701Z,sell,1.224e-05,244.0,0.00298656
SUB/BTC,1544879670701,2018-12-15T13:14:30.701Z,sell,1.223e-05,1172.0,0.01433356
SUB/BTC,1544879678182,2018-12-15T13:14:38.182Z,sell,1.224e-05,148.0,0.00181152
SUB/BTC,1544879678182,2018-12-15T13:14:38.182Z,sell,1.223e-05,1276.0,0.01560548
SUB/BTC,1544879678182,2018-12-15T13:14:38.182Z,sell,1.222e-05,576.0,0.00703872
SUB/BTC,1544879680961,2018-12-15T13:14:40.961Z,sell,1.222e-05,190.0,0.0023218
SUB/BTC,1544879690475,2018-12-15T13:14:50.475Z,sell,1.222e-05,1000.0,0.01222
SUB/BTC,1544879703934,2018-12-15T13:15:03.934Z,sell,1.222e-05,393.0,0.00480246
SUB/BTC,1544879705681,2018-12-15T13:15:05.681Z,sell,1.222e-05,363.0,0.00443586
SUB/BTC,1544879707126,2018-12-15T13:15:07.126Z,sell,1.222e-05,298.0,0.00364156
SUB/BTC,1544879801788,2018-12-15T13:16:41.788Z,sell,1.222e-05,83.0,0.00101426
SUB/BTC,1544879839748,2018-12-15T13:17:19.748Z,buy,1.229e-05,109.0,0.00133961
SUB/BTC,1544879979763,2018-12-15T13:19:39.763Z,buy,1.227e-05,226.0,0.0027730199999999
SUB/BTC,1544879979763,2018-12-15T13:19:39.763Z,buy,1.228e-05,284.0,0.0034875199999999
SUB/BTC,1544879998761,2018-12-15T13:19:58.761Z,sell,1.224e-05,2000.0,0.02448
SUB/BTC,1544880082274,2018-12-15T13:21:22.274Z,sell,1.223e-05,664.0,0.00812072
SUB/BTC,1544880082274,2018-12-15T13:21:22.274Z,sell,1.222e-05,82.0,0.00100204
SUB/BTC,1544880082274,2018-12-15T13:21:22.274Z,sell,1.221e-05,2453.0,0.02995113
SUB/BTC,1544880082274,2018-12-15T13:21:22.274Z,sell,1.219e-05,111.0,0.00135309
SUB/BTC,1544880082274,2018-12-15T13:21:22.274Z,sell,1.217e-05,316.0,0.00384572
SUB/BTC,1544880186016,2018-12-15T13:23:06.016Z,sell,1.215e-05,94.0,0.0011421
SUB/BTC,1544880303634,2018-12-15T13:25:03.634Z,sell,1.216e-05,200.0,0.002432
SUB/BTC,1544880303634,2018-12-15T13:25:03.634Z,sell,1.215e-05,49.0,0.00059535
SUB/BTC,1544880303634,2018-12-15T13:25:03.634Z,sell,1.216e-05,200.0,0.002432
SUB/BTC,1544880303634,2018-12-15T13:25:03.634Z,sell,1.215e-05,49.0,0.00059535
SUB/BTC,1544880779677,2018-12-15T13:32:59.677Z,sell,1.215e-05,467.0,0.00567405
SUB/BTC,1544880779677,2018-12-15T13:32:59.677Z,sell,1.214e-05,2469.0,0.02997366
SUB/BTC,1544880779677,2018-12-15T13:32:59.677Z,sell,1.213e-05,6907.0,0.08378191
SUB/BTC,1544880779677,2018-12-15T13:32:59.677Z,sell,1.212e-05,324.0,0.00392688
SUB/BTC,1544880779677,2018-12-15T13:32:59.677Z,sell,1.21e-05,653.0,0.0079013
SUB/BTC,1544880779677,2018-12-15T13:32:59.677Z,sell,1.209e-05,2146.0,0.02594514
SUB/BTC,1544880779677,2018-12-15T13:32:59.677Z,sell,1.208e-05,6776.0,0.08185408
SUB/BTC,1544880779677,2018-12-15T13:32:59.677Z,sell,1.207e-05,2762.0,0.03333734
SUB/BTC,1544880779759,2018-12-15T13:32:59.759Z,sell,1.207e-05,1699.0,0.02050693
SUB/BTC,1544880779759,2018-12-15T13:32:59.759Z,sell,1.206e-05,940.0,0.0113364
SUB/BTC,1544880788624,2018-12-15T13:33:08.624Z,buy,1.21e-05,244.0,0.0029524
SUB/BTC,1544880788624,2018-12-15T13:33:08.624Z,buy,1.212e-05,331.0,0.00401172
SUB/BTC,1544880788624,2018-12-15T13:33:08.624Z,buy,1.213e-05,65.0,0.00078845
SUB/BTC,1544880983680,2018-12-15T13:36:23.680Z,sell,1.206e-05,197.0,0.00237582
SUB/BTC,1544880984079,2018-12-15T13:36:24.079Z,sell,1.206e-05,272.0,0.0032803199999999
SUB/BTC,1544881008621,2018-12-15T13:36:48.621Z,sell,1.206e-05,2000.0,0.02412
SUB/BTC,1544881197894,2018-12-15T13:39:57.894Z,buy,1.211e-05,89.0,0.00107779
SUB/BTC,1544881373016,2018-12-15T13:42:53.016Z,buy,1.205e-05,304.0,0.0036632
SUB/BTC,1544881539521,2018-12-15T13:45:39.521Z,buy,1.211e-05,22.0,0.0002664199999999
SUB/BTC,1544881539521,2018-12-15T13:45:39.521Z,buy,1.212e-05,825.0,0.009999
SUB/BTC,1544881539521,2018-12-15T13:45:39.521Z,buy,1.213e-05,5013.0,0.06080769
SUB/BTC,1544881539521,2018-12-15T13:45:39.521Z,buy,1.214e-05,163.0,0.00197882
SUB/BTC,1544881539521,2018-12-15T13:45:39.521Z,buy,1.215e-05,3027.0,0.03677805
SUB/BTC,1544881539521,2018-12-15T13:45:39.521Z,buy,1.216e-05,960.0,0.0116736
SUB/BTC,1544881586963,2018-12-15T13:46:26.963Z,buy,1.208e-05,86.0,0.00103888
SUB/BTC,1544881587956,2018-12-15T13:46:27.956Z,buy,1.208e-05,86.0,0.00103888
SUB/BTC,1544881588030,2018-12-15T13:46:28.030Z,buy,1.208e-05,258.0,0.00311664
SUB/BTC,1544881589960,2018-12-15T13:46:29.960Z,buy,1.208e-05,86.0,0.00103888
SUB/BTC,1544881590027,2018-12-15T13:46:30.027Z,buy,1.208e-05,88.0,0.00106304
SUB/BTC,1544881590822,2018-12-15T13:46:30.822Z,sell,1.206e-05,247.0,0.00297882
SUB/BTC,1544881905959,2018-12-15T13:51:45.959Z,buy,1.218e-05,1064.0,0.01295952
SUB/BTC,1544882627331,2018-12-15T14:03:47.331Z,buy,1.215e-05,187.0,0.00227205
SUB/BTC,1544882627331,2018-12-15T14:03:47.331Z,buy,1.216e-05,2464.0,0.02996224
SUB/BTC,1544882628043,2018-12-15T14:03:48.043Z,sell,1.218e-05,3041.0,0.03703938
SUB/BTC,1544882917411,2018-12-15T14:08:37.411Z,buy,1.22e-05,82.0,0.0010004
SUB/BTC,1544882937002,2018-12-15T14:08:57.002Z,sell,1.22e-05,1.0,1.22e-05
SUB/BTC,1544882937002,2018-12-15T14:08:57.002Z,sell,1.216e-05,84.0,0.00102144
SUB/BTC,1544882980117,2018-12-15T14:09:40.117Z,sell,1.212e-05,101.0,0.00122412
SUB/BTC,1544883083778,2018-12-15T14:11:23.778Z,sell,1.214e-05,2516.0,0.03054424
SUB/BTC,1544883392692,2018-12-15T14:16:32.692Z,buy,1.221e-05,4344.0,0.05304024
SUB/BTC,1544883392692,2018-12-15T14:16:32.692Z,buy,1.222e-05,949.0,0.01159678
SUB/BTC,1544883392692,2018-12-15T14:16:32.692Z,buy,1.221e-05,4344.0,0.05304024
SUB/BTC,1544883392692,2018-12-15T14:16:32.692Z,buy,1.222e-05,949.0,0.01159678
SUB/BTC,1544884212834,2018-12-15T14:30:12.834Z,buy,1.222e-05,51.0,0.00062322
SUB/BTC,1544884270756,2018-12-15T14:31:10.756Z,buy,1.225e-05,109.0,0.00133525
SUB/BTC,1544884742308,2018-12-15T14:39:02.308Z,buy,1.224e-05,200.0,0.002448
SUB/BTC,1544884826427,2018-12-15T14:40:26.427Z,sell,1.222e-05,37.0,0.00045214
SUB/BTC,1544884826427,2018-12-15T14:40:26.427Z,sell,1.221e-05,125.0,0.00152625
SUB/BTC,1544884978619,2018-12-15T14:42:58.619Z,sell,1.219e-05,87.0,0.00106053
SUB/BTC,1544884992916,2018-12-15T14:43:12.916Z,buy,1.224e-05,1456.0,0.01782144
SUB/BTC,1544884992916,2018-12-15T14:43:12.916Z,buy,1.225e-05,341.0,0.0041772499999999
SUB/BTC,1544885065353,2018-12-15T14:44:25.353Z,buy,1.225e-05,396.0,0.0048509999999999
SUB/BTC,1544885066417,2018-12-15T14:44:26.417Z,sell,1.225e-05,1525.0,0.01868125
SUB/BTC,1544885579104,2018-12-15T14:52:59.104Z,buy,1.225e-05,3062.0,0.0375095
SUB/BTC,1544885658355,2018-12-15T14:54:18.355Z,sell,1.22e-05,856.0,0.0104432
SUB/BTC,1544885691683,2018-12-15T14:54:51.683Z,buy,1.221e-05,1423.0,0.01737483
SUB/BTC,1544885691683,2018-12-15T14:54:51.683Z,buy,1.222e-05,137.0,0.00167414
SUB/BTC,1544885701891,2018-12-15T14:55:01.891Z,buy,1.222e-05,688.0,0.00840736
SUB/BTC,1544885730834,2018-12-15T14:55:30.834Z,sell,1.217e-05,410.0,0.0049897
SUB/BTC,1544885730834,2018-12-15T14:55:30.834Z,sell,1.216e-05,1149.0,0.01397184
SUB/BTC,1544885852562,2018-12-15T14:57:32.562Z,sell,1.217e-05,113.0,0.00137521
SUB/BTC,1544885852562,2018-12-15T14:57:32.562Z,sell,1.216e-05,4758.0,0.05785728
SUB/BTC,1544885852618,2018-12-15T14:57:32.618Z,buy,1.216e-05,113.0,0.00137408
SUB/BTC,1544885852715,2018-12-15T14:57:32.715Z,buy,1.216e-05,304.0,0.00369664
SUB/BTC,1544885909853,2018-12-15T14:58:29.853Z,sell,1.215e-05,109.0,0.00132435
SUB/BTC,1544885961269,2018-12-15T14:59:21.269Z,buy,1.215e-05,214.0,0.0026001
SUB/BTC,1544885961381,2018-12-15T14:59:21.381Z,buy,1.215e-05,880.0,0.010692
SUB/BTC,1544885961381,2018-12-15T14:59:21.381Z,buy,1.215e-05,1295.0,0.01573425
SUB/BTC,1544885961442,2018-12-15T14:59:21.442Z,buy,1.215e-05,3330.0,0.0404595
SUB/BTC,1544885979110,2018-12-15T14:59:39.110Z,buy,1.221e-05,5859.0,0.07153839
SUB/BTC,1544885979110,2018-12-15T14:59:39.110Z,buy,1.222e-05,3761.0,0.04595942
SUB/BTC,1544885979110,2018-12-15T14:59:39.110Z,buy,1.223e-05,500.0,0.006115
SUB/BTC,1544885979127,2018-12-15T14:59:39.127Z,buy,1.223e-05,234.0,0.00286182
SUB/BTC,1544885979127,2018-12-15T14:59:39.127Z,buy,1.224e-05,1067.0,0.01306008
SUB/BTC,1544885979127,2018-12-15T14:59:39.127Z,buy,1.225e-05,1000.0,0.01225
SUB/BTC,1544885979127,2018-12-15T14:59:39.127Z,buy,1.226e-05,771.0,0.00945246
SUB/BTC,1544885979127,2018-12-15T14:59:39.127Z,buy,1.228e-05,524.0,0.00643472
SUB/BTC,1544885979127,2018-12-15T14:59:39.127Z,buy,1.23e-05,103.0,0.0012669
SUB/BTC,1544885979127,2018-12-15T14:59:39.127Z,buy,1.233e-05,1000.0,0.01233
SUB/BTC,1544885979153,2018-12-15T14:59:39.153Z,sell,1.233e-05,722.0,0.00890226
SUB/BTC,1544885979178,2018-12-15T14:59:39.178Z,sell,1.233e-05,1021.0,0.01258893
SUB/BTC,1544885979191,2018-12-15T14:59:39.191Z,buy,1.234e-05,666.0,0.00821844
SUB/BTC,1544885979198,2018-12-15T14:59:39.198Z,sell,1.233e-05,299.0,0.00368667
SUB/BTC,1544885979437,2018-12-15T14:59:39.437Z,sell,1.233e-05,21261.0,0.26214813
SUB/BTC,1544885979503,2018-12-15T14:59:39.503Z,sell,1.233e-05,2439.0,0.03007287
SUB/BTC,1544885979680,2018-12-15T14:59:39.680Z,buy,1.234e-05,400.0,0.004936
SUB/BTC,1544885980238,2018-12-15T14:59:40.238Z,buy,1.234e-05,241.0,0.00297394
SUB/BTC,1544885980255,2018-12-15T14:59:40.255Z,buy,1.234e-05,8306.0,0.10249604
SUB/BTC,1544885980320,2018-12-15T14:59:40.320Z,buy,1.235e-05,161.0,0.00198835
SUB/BTC,1544885980502,2018-12-15T14:59:40.502Z,sell,1.234e-05,11917.0,0.14705578
SUB/BTC,1544885980533,2018-12-15T14:59:40.533Z,sell,1.233e-05,404.0,0.00498132
SUB/BTC,1544885980590,2018-12-15T14:59:40.590Z,buy,1.235e-05,797.0,0.00984295
SUB/BTC,1544885980797,2018-12-15T14:59:40.797Z,buy,1.235e-05,42.0,0.0005187
SUB/BTC,1544885980797,2018-12-15T14:59:40.797Z,buy,1.236e-05,764.0,0.00944304
SUB/BTC,1544885981125,2018-12-15T14:59:41.125Z,sell,1.235e-05,93.0,0.00114855
SUB/BTC,1544885981300,2018-12-15T14:59:41.300Z,sell,1.235e-05,478.0,0.0059033
SUB/BTC,1544886002876,2018-12-15T15:00:02.876Z,buy,1.236e-05,1105.0,0.0136578
SUB/BTC,1544886002876,2018-12-15T15:00:02.876Z,buy,1.238e-05,1323.0,0.01637874
SUB/BTC,1544886002876,2018-12-15T15:00:02.876Z,buy,1.239e-05,3212.0,0.03979668
SUB/BTC,1544886003241,2018-12-15T15:00:03.241Z,sell,1.235e-05,82.0,0.0010127
SUB/BTC,1544886003510,2018-12-15T15:00:03.510Z,sell,1.235e-05,157.0,0.00193895
SUB/BTC,1544886004535,2018-12-15T15:00:04.535Z,sell,1.235e-05,971.0,0.01199185
SUB/BTC,1544886005440,2018-12-15T15:00:05.440Z,sell,1.235e-05,971.0,0.01199185
SUB/BTC,1544886005549,2018-12-15T15:00:05.549Z,sell,1.235e-05,482.0,0.0059527
SUB/BTC,1544886006337,2018-12-15T15:00:06.337Z,buy,1.239e-05,17938.0,0.22225182
SUB/BTC,1544886006337,2018-12-15T15:00:06.337Z,buy,1.24e-05,2649.0,0.0328476
SUB/BTC,1544886006337,2018-12-15T15:00:06.337Z,buy,1.242e-05,5726.0,0.07111692
SUB/BTC,1544886007509,2018-12-15T15:00:07.509Z,sell,1.242e-05,18782.0,0.23327244
SUB/BTC,1544886009519,2018-12-15T15:00:09.519Z,sell,1.239e-05,2595.0,0.03215205
SUB/BTC,1544886014519,2018-12-15T15:00:14.519Z,sell,1.238e-05,1615.0,0.0199937
SUB/BTC,1544886015254,2018-12-15T15:00:15.254Z,sell,1.237e-05,82.0,0.00101434
SUB/BTC,1544886015520,2018-12-15T15:00:15.520Z,sell,1.237e-05,6621.0,0.08190177
SUB/BTC,1544886017518,2018-12-15T15:00:17.518Z,sell,1.236e-05,1618.0,0.01999848
SUB/BTC,1544886018513,2018-12-15T15:00:18.513Z,sell,1.235e-05,4353.0,0.05375955
SUB/BTC,1544886019519,2018-12-15T15:00:19.519Z,sell,1.233e-05,1339.0,0.01650987
SUB/BTC,1544886021520,2018-12-15T15:00:21.520Z,sell,1.232e-05,300.0,0.003696
SUB/BTC,1544886022454,2018-12-15T15:00:22.454Z,sell,1.236e-05,4863.0,0.06010668
SUB/BTC,1544886022565,2018-12-15T15:00:22.565Z,sell,1.237e-05,6460.0,0.0799102
SUB/BTC,1544886030497,2018-12-15T15:00:30.497Z,buy,1.239e-05,1605.0,0.01988595
SUB/BTC,1544886030497,2018-12-15T15:00:30.497Z,buy,1.24e-05,339.0,0.0042036
SUB/BTC,1544886068442,2018-12-15T15:01:08.442Z,buy,1.24e-05,1279.0,0.0158596
SUB/BTC,1544886068442,2018-12-15T15:01:08.442Z,buy,1.241e-05,1816.0,0.02253656
SUB/BTC,1544886068442,2018-12-15T15:01:08.442Z,buy,1.242e-05,1615.0,0.0200583
SUB/BTC,1544886068442,2018-12-15T15:01:08.442Z,buy,1.243e-05,22732.0,0.2825587599999999
SUB/BTC,1544886068442,2018-12-15T15:01:08.442Z,buy,1.245e-05,1000.0,0.01245
SUB/BTC,1544886068442,2018-12-15T15:01:08.442Z,buy,1.246e-05,1145.0,0.0142666999999999
SUB/BTC,1544886068442,2018-12-15T15:01:08.442Z,buy,1.247e-05,250.0,0.0031174999999999
SUB/BTC,1544886068442,2018-12-15T15:01:08.442Z,buy,1.248e-05,721.0,0.00899808
SUB/BTC,1544886068442,2018-12-15T15:01:08.442Z,buy,1.249e-05,667.0,0.00833083
SUB/BTC,1544886068442,2018-12-15T15:01:08.442Z,buy,1.25e-05,1824.0,0.0228
SUB/BTC,1544886068477,2018-12-15T15:01:08.477Z,sell,1.25e-05,2086.0,0.026075
SUB/BTC,1544886068477,2018-12-15T15:01:08.477Z,sell,1.25e-05,1.0,1.25e-05
SUB/BTC,1544886078742,2018-12-15T15:01:18.742Z,buy,1.248e-05,162.0,0.00202176
SUB/BTC,1544886083858,2018-12-15T15:01:23.858Z,buy,1.248e-05,1925.0,0.024024
SUB/BTC,1544886083912,2018-12-15T15:01:23.912Z,sell,1.249e-05,289.0,0.00360961
SUB/BTC,1544886083912,2018-12-15T15:01:23.912Z,sell,1.249e-05,459.0,0.00573291
SUB/BTC,1544886083922,2018-12-15T15:01:23.922Z,sell,1.249e-05,221.0,0.00276029
SUB/BTC,1544886085891,2018-12-15T15:01:25.891Z,sell,1.249e-05,285.0,0.00355965
SUB/BTC,1544886095478,2018-12-15T15:01:35.478Z,buy,1.254e-05,468.0,0.00586872
SUB/BTC,1544886103169,2018-12-15T15:01:43.169Z,buy,1.249e-05,2577.0,0.03218673
SUB/BTC,1544886105369,2018-12-15T15:01:45.369Z,buy,1.249e-05,526.0,0.00656974
SUB/BTC,1544886111944,2018-12-15T15:01:51.944Z,buy,1.249e-05,110.0,0.0013739
SUB/BTC,1544886112549,2018-12-15T15:01:52.549Z,sell,1.242e-05,1000.0,0.01242
SUB/BTC,1544886117126,2018-12-15T15:01:57.126Z,sell,1.242e-05,70.0,0.0008694
SUB/BTC,1544886117126,2018-12-15T15:01:57.126Z,sell,1.241e-05,930.0,0.0115412999999999
SUB/BTC,1544886121698,2018-12-15T15:02:01.698Z,sell,1.242e-05,1000.0,0.01242
SUB/BTC,1544886133237,2018-12-15T15:02:13.237Z,sell,1.242e-05,1000.0,0.01242
SUB/BTC,1544886137069,2018-12-15T15:02:17.069Z,sell,1.243e-05,82.0,0.00101926
SUB/BTC,1544886140454,2018-12-15T15:02:20.454Z,sell,1.243e-05,218.0,0.00270974
SUB/BTC,1544886140454,2018-12-15T15:02:20.454Z,sell,1.241e-05,782.0,0.00970462
SUB/BTC,1544886144027,2018-12-15T15:02:24.027Z,buy,1.246e-05,1179.0,0.01469034
SUB/BTC,1544886144193,2018-12-15T15:02:24.193Z,sell,1.246e-05,412.0,0.00513352
SUB/BTC,1544886144280,2018-12-15T15:02:24.280Z,sell,1.246e-05,825.0,0.0102794999999999
SUB/BTC,1544886164112,2018-12-15T15:02:44.112Z,sell,1.246e-05,158.0,0.00196868
SUB/BTC,1544886197766,2018-12-15T15:03:17.766Z,sell,1.246e-05,2000.0,0.0249199999999999
SUB/BTC,1544886204244,2018-12-15T15:03:24.244Z,sell,1.246e-05,2000.0,0.0249199999999999
SUB/BTC,1544886207760,2018-12-15T15:03:27.760Z,buy,1.247e-05,1851.0,0.0230819699999999
SUB/BTC,1544886208072,2018-12-15T15:03:28.072Z,buy,1.247e-05,149.0,0.0018580299999999
SUB/BTC,1544886208072,2018-12-15T15:03:28.072Z,buy,1.249e-05,252.0,0.00314748
SUB/BTC,1544886233676,2018-12-15T15:03:53.676Z,buy,1.249e-05,1874.0,0.02340626
SUB/BTC,1544886233676,2018-12-15T15:03:53.676Z,buy,1.25e-05,2586.0,0.032325
SUB/BTC,1544886233676,2018-12-15T15:03:53.676Z,buy,1.251e-05,1728.0,0.02161728
SUB/BTC,1544886233676,2018-12-15T15:03:53.676Z,buy,1.253e-05,1000.0,0.01253
SUB/BTC,1544886233676,2018-12-15T15:03:53.676Z,buy,1.254e-05,5817.0,0.07294518
SUB/BTC,1544886237908,2018-12-15T15:03:57.908Z,buy,1.254e-05,165.0,0.0020691
SUB/BTC,1544886240807,2018-12-15T15:04:00.807Z,sell,1.244e-05,165.0,0.0020526
SUB/BTC,1544886247952,2018-12-15T15:04:07.952Z,sell,1.244e-05,1000.0,0.01244
SUB/BTC,1544886291720,2018-12-15T15:04:51.720Z,buy,1.249e-05,1165.0,0.01455085
SUB/BTC,1544886291720,2018-12-15T15:04:51.720Z,buy,1.25e-05,2000.0,0.025
SUB/BTC,1544886291720,2018-12-15T15:04:51.720Z,buy,1.254e-05,81.0,0.00101574
SUB/BTC,1544886291720,2018-12-15T15:04:51.720Z,buy,1.255e-05,1470.0,0.0184485
SUB/BTC,1544886291720,2018-12-15T15:04:51.720Z,buy,1.256e-05,157.0,0.00197192
SUB/BTC,1544886291720,2018-12-15T15:04:51.720Z,buy,1.257e-05,3647.0,0.04584279
SUB/BTC,1544886291720,2018-12-15T15:04:51.720Z,buy,1.258e-05,7.0,8.806e-05
SUB/BTC,1544886293289,2018-12-15T15:04:53.289Z,sell,1.246e-05,103.0,0.00128338
SUB/BTC,1544886306509,2018-12-15T15:05:06.509Z,buy,1.251e-05,103.0,0.00128853
SUB/BTC,1544886310935,2018-12-15T15:05:10.935Z,sell,1.255e-05,59.0,0.00074045
SUB/BTC,1544886316268,2018-12-15T15:05:16.268Z,buy,1.257e-05,1087.0,0.01366359
SUB/BTC,1544886316302,2018-12-15T15:05:16.302Z,sell,1.257e-05,2965.0,0.03727005
SUB/BTC,1544886316324,2018-12-15T15:05:16.324Z,sell,1.257e-05,1236.0,0.01553652
SUB/BTC,1544886316351,2018-12-15T15:05:16.351Z,sell,1.257e-05,1193.0,0.01499601
SUB/BTC,1544886316363,2018-12-15T15:05:16.363Z,sell,1.257e-05,2914.0,0.03662898
SUB/BTC,1544886321632,2018-12-15T15:05:21.632Z,sell,1.257e-05,1676.0,0.02106732
SUB/BTC,1544886322665,2018-12-15T15:05:22.665Z,buy,1.258e-05,3990.0,0.0501942
SUB/BTC,1544886354324,2018-12-15T15:05:54.324Z,buy,1.258e-05,296.0,0.00372368
SUB/BTC,1544886356850,2018-12-15T15:05:56.850Z,sell,1.257e-05,1000.0,0.01257
SUB/BTC,1544886363231,2018-12-15T15:06:03.231Z,buy,1.258e-05,109.0,0.00137122
SUB/BTC,1544886373259,2018-12-15T15:06:13.259Z,buy,1.258e-05,4142.0,0.05210636
SUB/BTC,1544886375391,2018-12-15T15:06:15.391Z,buy,1.259e-05,7309.0,0.09202031
SUB/BTC,1544886384727,2018-12-15T15:06:24.727Z,sell,1.258e-05,2008.0,0.02526064
SUB/BTC,1544886386830,2018-12-15T15:06:26.830Z,sell,1.258e-05,1338.0,0.01683204
SUB/BTC,1544886392844,2018-12-15T15:06:32.844Z,sell,1.258e-05,461.0,0.00579938
SUB/BTC,1544886392844,2018-12-15T15:06:32.844Z,sell,1.257e-05,539.0,0.00677523
SUB/BTC,1544886404378,2018-12-15T15:06:44.378Z,buy,1.259e-05,611.0,0.00769249
SUB/BTC,1544886435998,2018-12-15T15:07:15.998Z,sell,1.257e-05,157.0,0.00197349
SUB/BTC,1544886442205,2018-12-15T15:07:22.205Z,sell,1.257e-05,97.0,0.00121929
SUB/BTC,1544886453432,2018-12-15T15:07:33.432Z,sell,1.252e-05,243.0,0.00304236
SUB/BTC,1544886453432,2018-12-15T15:07:33.432Z,sell,1.252e-05,380.0,0.0047576
SUB/BTC,1544886453432,2018-12-15T15:07:33.432Z,sell,1.252e-05,548.0,0.00686096
SUB/BTC,1544886453495,2018-12-15T15:07:33.495Z,buy,1.253e-05,91.0,0.00114023
SUB/BTC,1544886453495,2018-12-15T15:07:33.495Z,buy,1.253e-05,183.0,0.00229299
SUB/BTC,1544886546437,2018-12-15T15:09:06.437Z,sell,1.253e-05,97.0,0.00121541
SUB/BTC,1544886562932,2018-12-15T15:09:22.932Z,sell,1.252e-05,1500.0,0.01878
SUB/BTC,1544886577081,2018-12-15T15:09:37.081Z,sell,1.252e-05,1523.0,0.01906796
SUB/BTC,1544886577969,2018-12-15T15:09:37.969Z,sell,1.252e-05,1121.0,0.01403492
SUB/BTC,1544886584675,2018-12-15T15:09:44.675Z,sell,1.252e-05,1500.0,0.01878
SUB/BTC,1544886591111,2018-12-15T15:09:51.111Z,sell,1.252e-05,1500.0,0.01878
SUB/BTC,1544886591145,2018-12-15T15:09:51.145Z,sell,1.252e-05,183.0,0.00229116
SUB/BTC,1544886593102,2018-12-15T15:09:53.102Z,sell,1.252e-05,1437.0,0.01799124
SUB/BTC,1544886603034,2018-12-15T15:10:03.034Z,sell,1.248e-05,145.0,0.0018096
SUB/BTC,1544886603034,2018-12-15T15:10:03.034Z,sell,1.247e-05,1719.0,0.02143593
SUB/BTC,1544886603094,2018-12-15T15:10:03.094Z,buy,1.25e-05,145.0,0.0018125
SUB/BTC,1544886603828,2018-12-15T15:10:03.828Z,sell,1.247e-05,249.0,0.00310503
SUB/BTC,1544886604579,2018-12-15T15:10:04.579Z,sell,1.247e-05,145.0,0.00180815
SUB/BTC,1544886611730,2018-12-15T15:10:11.730Z,buy,1.248e-05,705.0,0.0087984
SUB/BTC,1544886617013,2018-12-15T15:10:17.013Z,sell,1.247e-05,158.0,0.0019702599999999
SUB/BTC,1544886617013,2018-12-15T15:10:17.013Z,sell,1.245e-05,42.0,0.0005229
SUB/BTC,1544886636929,2018-12-15T15:10:36.929Z,sell,1.246e-05,697.0,0.0086846199999999
SUB/BTC,1544886638742,2018-12-15T15:10:38.742Z,sell,1.247e-05,173.0,0.00215731
SUB/BTC,1544886655359,2018-12-15T15:10:55.359Z,sell,1.247e-05,695.0,0.00866665
SUB/BTC,1544886655511,2018-12-15T15:10:55.511Z,buy,1.247e-05,3458.0,0.0431212599999999
SUB/BTC,1544886664288,2018-12-15T15:11:04.288Z,buy,1.252e-05,399.0,0.00499548
SUB/BTC,1544886665201,2018-12-15T15:11:05.201Z,buy,1.252e-05,13.0,0.00016276
SUB/BTC,1544886682745,2018-12-15T15:11:22.745Z,buy,1.259e-05,418.0,0.00526262
SUB/BTC,1544886682745,2018-12-15T15:11:22.745Z,buy,1.26e-05,600.0,0.00756
SUB/BTC,1544886682745,2018-12-15T15:11:22.745Z,buy,1.261e-05,979.0,0.0123451899999999
SUB/BTC,1544886682745,2018-12-15T15:11:22.745Z,buy,1.264e-05,1412.0,0.0178476799999999
SUB/BTC,1544886682745,2018-12-15T15:11:22.745Z,buy,1.265e-05,1438.0,0.0181906999999999
SUB/BTC,1544886682745,2018-12-15T15:11:22.745Z,buy,1.268e-05,2201.0,0.02790868
SUB/BTC,1544886682745,2018-12-15T15:11:22.745Z,buy,1.269e-05,702.0,0.00890838
SUB/BTC,1544886682745,2018-12-15T15:11:22.745Z,buy,1.27e-05,3666.0,0.0465582
SUB/BTC,1544886682745,2018-12-15T15:11:22.745Z,buy,1.271e-05,185.0,0.00235135
SUB/BTC,1544886682745,2018-12-15T15:11:22.745Z,buy,1.272e-05,1616.0,0.02055552
SUB/BTC,1544886682745,2018-12-15T15:11:22.745Z,buy,1.273e-05,2793.0,0.03555489
SUB/BTC,1544886682745,2018-12-15T15:11:22.745Z,buy,1.274e-05,611.0,0.00778414
SUB/BTC,1544886682745,2018-12-15T15:11:22.745Z,buy,1.275e-05,4769.0,0.06080475
SUB/BTC,1544886682745,2018-12-15T15:11:22.745Z,buy,1.276e-05,3645.0,0.0465102
SUB/BTC,1544886682745,2018-12-15T15:11:22.745Z,buy,1.277e-05,15383.0,0.19644091
SUB/BTC,1544886682745,2018-12-15T15:11:22.745Z,buy,1.278e-05,559.0,0.00714402
SUB/BTC,1544886682745,2018-12-15T15:11:22.745Z,buy,1.279e-05,1590.0,0.0203361
SUB/BTC,1544886682745,2018-12-15T15:11:22.745Z,buy,1.28e-05,21528.0,0.2755584
SUB/BTC,1544886682745,2018-12-15T15:11:22.745Z,buy,1.281e-05,7324.0,0.0938204399999999
SUB/BTC,1544886682745,2018-12-15T15:11:22.745Z,buy,1.282e-05,1512.0,0.01938384
SUB/BTC,1544886682745,2018-12-15T15:11:22.745Z,buy,1.283e-05,211.0,0.00270713
SUB/BTC,1544886682745,2018-12-15T15:11:22.745Z,buy,1.284e-05,108.0,0.00138672
SUB/BTC,1544886682745,2018-12-15T15:11:22.745Z,buy,1.285e-05,2250.0,0.0289125
SUB/BTC,1544886684740,2018-12-15T15:11:24.740Z,sell,1.264e-05,151.0,0.0019086399999999
SUB/BTC,1544886685473,2018-12-15T15:11:25.473Z,sell,1.264e-05,323.0,0.00408272
SUB/BTC,1544886687489,2018-12-15T15:11:27.489Z,sell,1.265e-05,718.0,0.0090826999999999
SUB/BTC,1544886688171,2018-12-15T15:11:28.171Z,sell,1.266e-05,184.0,0.00232944
SUB/BTC,1544886690033,2018-12-15T15:11:30.033Z,sell,1.266e-05,442.0,0.00559572
SUB/BTC,1544886690483,2018-12-15T15:11:30.483Z,sell,1.266e-05,90.0,0.0011394
SUB/BTC,1544886692025,2018-12-15T15:11:32.025Z,sell,1.267e-05,326.0,0.00413042
SUB/BTC,1544886692554,2018-12-15T15:11:32.554Z,sell,1.267e-05,162.0,0.00205254
SUB/BTC,1544886692756,2018-12-15T15:11:32.756Z,buy,1.278e-05,718.0,0.00917604
SUB/BTC,1544886692756,2018-12-15T15:11:32.756Z,buy,1.279e-05,532.0,0.0068042799999999
SUB/BTC,1544886692756,2018-12-15T15:11:32.756Z,buy,1.28e-05,184.0,0.0023552
SUB/BTC,1544886692756,2018-12-15T15:11:32.756Z,buy,1.281e-05,650.0,0.0083264999999999
SUB/BTC,1544886692756,2018-12-15T15:11:32.756Z,buy,1.29e-05,3098.0,0.0399642
SUB/BTC,1544886692756,2018-12-15T15:11:32.756Z,buy,1.291e-05,4028.0,0.05200148
SUB/BTC,1544886692756,2018-12-15T15:11:32.756Z,buy,1.292e-05,4743.0,0.06127956
SUB/BTC,1544886692756,2018-12-15T15:11:32.756Z,buy,1.294e-05,2728.0,0.0353003199999999
SUB/BTC,1544886692756,2018-12-15T15:11:32.756Z,buy,1.295e-05,6846.0,0.0886557
SUB/BTC,1544886692756,2018-12-15T15:11:32.756Z,buy,1.298e-05,2899.0,0.03762902
SUB/BTC,1544886692756,2018-12-15T15:11:32.756Z,buy,1.299e-05,13932.0,0.18097668
SUB/BTC,1544886692756,2018-12-15T15:11:32.756Z,buy,1.3e-05,23286.0,0.302718
SUB/BTC,1544886693041,2018-12-15T15:11:33.041Z,sell,1.268e-05,269.0,0.00341092
SUB/BTC,1544886693097,2018-12-15T15:11:33.097Z,buy,1.277e-05,95.0,0.00121315
SUB/BTC,1544886693266,2018-12-15T15:11:33.266Z,sell,1.268e-05,1936.0,0.02454848
SUB/BTC,1544886693333,2018-12-15T15:11:33.333Z,buy,1.277e-05,385.0,0.00491645
SUB/BTC,1544886693505,2018-12-15T15:11:33.505Z,buy,1.277e-05,702.0,0.00896454
SUB/BTC,1544886694025,2018-12-15T15:11:34.025Z,sell,1.291e-05,1161.0,0.01498851
SUB/BTC,1544886694073,2018-12-15T15:11:34.073Z,sell,1.291e-05,699.0,0.00902409
SUB/BTC,1544886694101,2018-12-15T15:11:34.101Z,sell,1.291e-05,463.0,0.00597733
SUB/BTC,1544886694101,2018-12-15T15:11:34.101Z,sell,1.29e-05,232.0,0.0029928
SUB/BTC,1544886694112,2018-12-15T15:11:34.112Z,sell,1.277e-05,391.0,0.00499307
SUB/BTC,1544886694112,2018-12-15T15:11:34.112Z,sell,1.271e-05,289.0,0.00367319
SUB/BTC,1544886694112,2018-12-15T15:11:34.112Z,sell,1.269e-05,77.0,0.00097713
SUB/BTC,1544886694782,2018-12-15T15:11:34.782Z,sell,1.274e-05,267.0,0.00340158
SUB/BTC,1544886695392,2018-12-15T15:11:35.392Z,sell,1.277e-05,109.0,0.00139193
SUB/BTC,1544886695910,2018-12-15T15:11:35.910Z,sell,1.278e-05,262.0,0.00334836
SUB/BTC,1544886697088,2018-12-15T15:11:37.088Z,sell,1.281e-05,90.0,0.0011528999999999
SUB/BTC,1544886699914,2018-12-15T15:11:39.914Z,sell,1.282e-05,2792.0,0.0357934399999999
SUB/BTC,1544886700018,2018-12-15T15:11:40.018Z,sell,1.282e-05,731.0,0.00937142
SUB/BTC,1544886700710,2018-12-15T15:11:40.710Z,buy,1.285e-05,703.0,0.00903355
SUB/BTC,1544886701294,2018-12-15T15:11:41.294Z,sell,1.282e-05,966.0,0.0123841199999999
SUB/BTC,1544886701479,2018-12-15T15:11:41.479Z,sell,1.282e-05,163.0,0.0020896599999999
SUB/BTC,1544886702072,2018-12-15T15:11:42.072Z,sell,1.284e-05,188.0,0.00241392
SUB/BTC,1544886702269,2018-12-15T15:11:42.269Z,sell,1.284e-05,104.0,0.00133536
SUB/BTC,1544886702520,2018-12-15T15:11:42.520Z,sell,1.284e-05,4160.0,0.0534144
SUB/BTC,1544886704880,2018-12-15T15:11:44.880Z,sell,1.28e-05,100.0,0.0012799999999999
SUB/BTC,1544886705188,2018-12-15T15:11:45.188Z,buy,1.285e-05,1058.0,0.0135953
SUB/BTC,1544886705915,2018-12-15T15:11:45.915Z,buy,1.286e-05,90.0,0.0011574
SUB/BTC,1544886705915,2018-12-15T15:11:45.915Z,buy,1.287e-05,267.0,0.00343629
SUB/BTC,1544886706041,2018-12-15T15:11:46.041Z,buy,1.288e-05,33.0,0.00042504
SUB/BTC,1544886706041,2018-12-15T15:11:46.041Z,buy,1.291e-05,64.0,0.00082624
SUB/BTC,1544886706248,2018-12-15T15:11:46.248Z,sell,1.287e-05,1274.0,0.01639638
SUB/BTC,1544886707133,2018-12-15T15:11:47.133Z,sell,1.287e-05,140.0,0.0018018
SUB/BTC,1544886711783,2018-12-15T15:11:51.783Z,buy,1.291e-05,31.0,0.00040021
SUB/BTC,1544886713597,2018-12-15T15:11:53.597Z,buy,1.293e-05,229.0,0.00296097
SUB/BTC,1544886715557,2018-12-15T15:11:55.557Z,sell,1.291e-05,271.0,0.00349861
SUB/BTC,1544886715557,2018-12-15T15:11:55.557Z,sell,1.287e-05,4181.0,0.05380947
SUB/BTC,1544886716106,2018-12-15T15:11:56.106Z,sell,1.287e-05,934.0,0.01202058
SUB/BTC,1544886723844,2018-12-15T15:12:03.844Z,sell,1.286e-05,107.0,0.00137602
SUB/BTC,1544886723844,2018-12-15T15:12:03.844Z,sell,1.282e-05,277.0,0.00355114
SUB/BTC,1544886723882,2018-12-15T15:12:03.882Z,sell,1.282e-05,1672.0,0.02143504
SUB/BTC,1544886724070,2018-12-15T15:12:04.070Z,sell,1.282e-05,388.0,0.00497416
SUB/BTC,1544886724070,2018-12-15T15:12:04.070Z,sell,1.279e-05,1286.0,0.0164479399999999
SUB/BTC,1544886724085,2018-12-15T15:12:04.085Z,sell,1.279e-05,740.0,0.0094646
SUB/BTC,1544886724140,2018-12-15T15:12:04.140Z,buy,1.284e-05,239.0,0.00306876
SUB/BTC,1544886724229,2018-12-15T15:12:04.229Z,sell,1.279e-05,2099.0,0.02684621
SUB/BTC,1544886724229,2018-12-15T15:12:04.229Z,sell,1.278e-05,132.0,0.00168696
SUB/BTC,1544886724427,2018-12-15T15:12:04.427Z,sell,1.278e-05,161.0,0.00205758
SUB/BTC,1544886724851,2018-12-15T15:12:04.851Z,sell,1.278e-05,560.0,0.0071568
SUB/BTC,1544886724954,2018-12-15T15:12:04.954Z,sell,1.278e-05,2798.0,0.0357584399999999
SUB/BTC,1544886724973,2018-12-15T15:12:04.973Z,sell,1.278e-05,240.0,0.0030672
SUB/BTC,1544886724976,2018-12-15T15:12:04.976Z,sell,1.278e-05,160.0,0.0020448
SUB/BTC,1544886725692,2018-12-15T15:12:05.692Z,sell,1.278e-05,1681.0,0.02148318
SUB/BTC,1544886728659,2018-12-15T15:12:08.659Z,sell,1.279e-05,469.0,0.0059985099999999
SUB/BTC,1544886729100,2018-12-15T15:12:09.100Z,sell,1.276e-05,1677.0,0.02139852
SUB/BTC,1544886729772,2018-12-15T15:12:09.772Z,sell,1.272e-05,2864.0,0.03643008
SUB/BTC,1544886729772,2018-12-15T15:12:09.772Z,sell,1.271e-05,311.0,0.00395281
SUB/BTC,1544886729772,2018-12-15T15:12:09.772Z,sell,1.27e-05,1293.0,0.0164211
SUB/BTC,1544886733693,2018-12-15T15:12:13.693Z,sell,1.272e-05,2358.0,0.02999376
SUB/BTC,1544886733790,2018-12-15T15:12:13.790Z,buy,1.272e-05,142.0,0.00180624
SUB/BTC,1544886735792,2018-12-15T15:12:15.792Z,sell,1.27e-05,212.0,0.0026924
SUB/BTC,1544886735872,2018-12-15T15:12:15.872Z,buy,1.269e-05,81.0,0.00102789
SUB/BTC,1544886735975,2018-12-15T15:12:15.975Z,buy,1.269e-05,81.0,0.00102789
SUB/BTC,1544886736038,2018-12-15T15:12:16.038Z,buy,1.269e-05,432.0,0.00548208
SUB/BTC,1544886736038,2018-12-15T15:12:16.038Z,buy,1.272e-05,83.0,0.00105576
SUB/BTC,1544886736489,2018-12-15T15:12:16.489Z,buy,1.272e-05,159.0,0.00202248
SUB/BTC,1544886738356,2018-12-15T15:12:18.356Z,buy,1.27e-05,103.0,0.0013081
SUB/BTC,1544886740260,2018-12-15T15:12:20.260Z,buy,1.267e-05,203.0,0.00257201
SUB/BTC,1544886746239,2018-12-15T15:12:26.239Z,buy,1.266e-05,79.0,0.00100014
SUB/BTC,1544886748223,2018-12-15T15:12:28.223Z,sell,1.265e-05,82.0,0.0010373
SUB/BTC,1544886748223,2018-12-15T15:12:28.223Z,sell,1.265e-05,75.0,0.0009487499999999
SUB/BTC,1544886748565,2018-12-15T15:12:28.565Z,buy,1.265e-05,397.0,0.0050220499999999
SUB/BTC,1544886748565,2018-12-15T15:12:28.565Z,buy,1.267e-05,653.0,0.00827351
SUB/BTC,1544886748600,2018-12-15T15:12:28.600Z,buy,1.27e-05,107.0,0.0013589
SUB/BTC,1544886750170,2018-12-15T15:12:30.170Z,sell,1.268e-05,100.0,0.001268
SUB/BTC,1544886750302,2018-12-15T15:12:30.302Z,sell,1.268e-05,105.0,0.0013314
SUB/BTC,1544886750743,2018-12-15T15:12:30.743Z,buy,1.27e-05,1870.0,0.023749
SUB/BTC,1544886751304,2018-12-15T15:12:31.304Z,sell,1.27e-05,2000.0,0.0254
SUB/BTC,1544886756899,2018-12-15T15:12:36.899Z,buy,1.272e-05,1234.0,0.01569648
SUB/BTC,1544886757775,2018-12-15T15:12:37.775Z,sell,1.27e-05,2000.0,0.0254
SUB/BTC,1544886760853,2018-12-15T15:12:40.853Z,sell,1.27e-05,302.0,0.0038354
SUB/BTC,1544886762225,2018-12-15T15:12:42.225Z,buy,1.272e-05,2500.0,0.0318
SUB/BTC,1544886766696,2018-12-15T15:12:46.696Z,sell,1.268e-05,189.0,0.00239652
SUB/BTC,1544886773055,2018-12-15T15:12:53.055Z,sell,1.265e-05,107.0,0.0013535499999999
SUB/BTC,1544886776282,2018-12-15T15:12:56.282Z,sell,1.264e-05,548.0,0.00692672
SUB/BTC,1544886780922,2018-12-15T15:13:00.922Z,sell,1.266e-05,128.0,0.00162048
SUB/BTC,1544886782382,2018-12-15T15:13:02.382Z,sell,1.266e-05,167.0,0.00211422
SUB/BTC,1544886786411,2018-12-15T15:13:06.411Z,sell,1.266e-05,27372.0,0.34652952
SUB/BTC,1544886787987,2018-12-15T15:13:07.987Z,sell,1.263e-05,548.0,0.0069212399999999
SUB/BTC,1544886787987,2018-12-15T15:13:07.987Z,sell,1.261e-05,452.0,0.00569972
SUB/BTC,1544886789609,2018-12-15T15:13:09.609Z,sell,1.261e-05,395.0,0.00498095
SUB/BTC,1544886789609,2018-12-15T15:13:09.609Z,sell,1.26e-05,6173.0,0.0777798
SUB/BTC,1544886789609,2018-12-15T15:13:09.609Z,sell,1.26e-05,320.0,0.004032
SUB/BTC,1544886797790,2018-12-15T15:13:17.790Z,sell,1.26e-05,773.0,0.0097398
SUB/BTC,1544886799215,2018-12-15T15:13:19.215Z,sell,1.26e-05,1000.0,0.0126
SUB/BTC,1544886800967,2018-12-15T15:13:20.967Z,sell,1.26e-05,6335.0,0.079821
SUB/BTC,1544886803646,2018-12-15T15:13:23.646Z,buy,1.259e-05,311.0,0.00391549
SUB/BTC,1544886848182,2018-12-15T15:14:08.182Z,sell,1.259e-05,5359.0,0.06746981
SUB/BTC,1544886852820,2018-12-15T15:14:12.820Z,buy,1.259e-05,1190.0,0.0149821
SUB/BTC,1544886852919,2018-12-15T15:14:12.919Z,buy,1.259e-05,1190.0,0.0149821
SUB/BTC,1544886853026,2018-12-15T15:14:13.026Z,buy,1.259e-05,1190.0,0.0149821
SUB/BTC,1544886853066,2018-12-15T15:14:13.066Z,sell,1.258e-05,1000.0,0.01258
SUB/BTC,1544886853066,2018-12-15T15:14:13.066Z,sell,1.258e-05,160.0,0.0020128
SUB/BTC,1544886853249,2018-12-15T15:14:13.249Z,buy,1.259e-05,1190.0,0.0149821
SUB/BTC,1544886853348,2018-12-15T15:14:13.348Z,buy,1.259e-05,643.0,0.00809537
SUB/BTC,1544886853451,2018-12-15T15:14:13.451Z,buy,1.259e-05,580.0,0.0073022
SUB/BTC,1544886855183,2018-12-15T15:14:15.183Z,sell,1.258e-05,1610.0,0.0202538
SUB/BTC,1544886864497,2018-12-15T15:14:24.497Z,sell,1.258e-05,30.0,0.0003774
SUB/BTC,1544886864497,2018-12-15T15:14:24.497Z,sell,1.257e-05,103.0,0.00129471
SUB/BTC,1544886864530,2018-12-15T15:14:24.530Z,buy,1.257e-05,1113.0,0.01399041
SUB/BTC,1544886864552,2018-12-15T15:14:24.552Z,buy,1.257e-05,149.0,0.00187293
SUB/BTC,1544886873175,2018-12-15T15:14:33.175Z,sell,1.257e-05,807.0,0.01014399
SUB/BTC,1544886873175,2018-12-15T15:14:33.175Z,sell,1.256e-05,193.0,0.00242408
SUB/BTC,1544886895062,2018-12-15T15:14:55.062Z,buy,1.265e-05,950.0,0.0120174999999999
SUB/BTC,1544886907651,2018-12-15T15:15:07.651Z,buy,1.264e-05,4303.0,0.0543899199999999
SUB/BTC,1544886907651,2018-12-15T15:15:07.651Z,buy,1.265e-05,1497.0,0.01893705
SUB/BTC,1544886951313,2018-12-15T15:15:51.313Z,buy,1.261e-05,167.0,0.00210587
SUB/BTC,1544886956192,2018-12-15T15:15:56.192Z,sell,1.258e-05,932.0,0.01172456
SUB/BTC,1544886956192,2018-12-15T15:15:56.192Z,sell,1.258e-05,932.0,0.01172456
SUB/BTC,1544887026671,2018-12-15T15:17:06.671Z,sell,1.258e-05,99.0,0.00124542
SUB/BTC,1544887198269,2018-12-15T15:19:58.269Z,sell,1.258e-05,790.0,0.0099382
SUB/BTC,1544887198269,2018-12-15T15:19:58.269Z,sell,1.256e-05,397.0,0.00498632
SUB/BTC,1544887198269,2018-12-15T15:19:58.269Z,sell,1.255e-05,1310.0,0.0164405
SUB/BTC,1544887198269,2018-12-15T15:19:58.269Z,sell,1.255e-05,1099.0,0.01379245
SUB/BTC,1544887204423,2018-12-15T15:20:04.423Z,sell,1.256e-05,3643.0,0.04575608
SUB/BTC,1544887234221,2018-12-15T15:20:34.221Z,buy,1.261e-05,80.0,0.0010088
SUB/BTC,1544887234798,2018-12-15T15:20:34.798Z,sell,1.255e-05,385.0,0.00483175
SUB/BTC,1544887242407,2018-12-15T15:20:42.407Z,sell,1.255e-05,210.0,0.0026355
SUB/BTC,1544887242459,2018-12-15T15:20:42.459Z,buy,1.254e-05,1112.0,0.01394448
SUB/BTC,1544887242483,2018-12-15T15:20:42.483Z,buy,1.254e-05,940.0,0.0117876
SUB/BTC,1544887242492,2018-12-15T15:20:42.492Z,buy,1.254e-05,1104.0,0.01384416
SUB/BTC,1544887242773,2018-12-15T15:20:42.773Z,buy,1.254e-05,828.0,0.01038312
SUB/BTC,1544887243666,2018-12-15T15:20:43.666Z,buy,1.254e-05,7385.0,0.0926079
SUB/BTC,1544887243666,2018-12-15T15:20:43.666Z,buy,1.261e-05,4654.0,0.05868694
SUB/BTC,1544887260970,2018-12-15T15:21:00.970Z,sell,1.258e-05,454.0,0.00571132
SUB/BTC,1544887261292,2018-12-15T15:21:01.292Z,sell,1.258e-05,265.0,0.0033336999999999
SUB/BTC,1544887261928,2018-12-15T15:21:01.928Z,sell,1.258e-05,189.0,0.00237762
SUB/BTC,1544887359395,2018-12-15T15:22:39.395Z,buy,1.256e-05,212.0,0.00266272
SUB/BTC,1544887359395,2018-12-15T15:22:39.395Z,buy,1.262e-05,206.0,0.00259972
SUB/BTC,1544887374703,2018-12-15T15:22:54.703Z,buy,1.262e-05,2028.0,0.02559336
SUB/BTC,1544887378975,2018-12-15T15:22:58.975Z,sell,1.258e-05,523.0,0.0065793399999999
SUB/BTC,1544887379082,2018-12-15T15:22:59.082Z,sell,1.258e-05,132.0,0.00166056
SUB/BTC,1544887384061,2018-12-15T15:23:04.061Z,sell,1.254e-05,219.0,0.00274626
SUB/BTC,1544887452799,2018-12-15T15:24:12.799Z,buy,1.261e-05,1387.0,0.01749007
SUB/BTC,1544887452799,2018-12-15T15:24:12.799Z,buy,1.262e-05,113.0,0.00142606
SUB/BTC,1544887591149,2018-12-15T15:26:31.149Z,buy,1.262e-05,2633.0,0.03322846
SUB/BTC,1544887607354,2018-12-15T15:26:47.354Z,buy,1.262e-05,1537.0,0.0193969399999999
SUB/BTC,1544887607354,2018-12-15T15:26:47.354Z,buy,1.265e-05,742.0,0.0093863
SUB/BTC,1544887617442,2018-12-15T15:26:57.442Z,buy,1.265e-05,100.0,0.0012649999999999
SUB/BTC,1544887669823,2018-12-15T15:27:49.823Z,buy,1.265e-05,3691.0,0.0466911499999999
SUB/BTC,1544887670362,2018-12-15T15:27:50.362Z,buy,1.265e-05,345.0,0.00436425
SUB/BTC,1544887676052,2018-12-15T15:27:56.052Z,buy,1.266e-05,550.0,0.006963
SUB/BTC,1544887676611,2018-12-15T15:27:56.611Z,buy,1.267e-05,452.0,0.00572684
SUB/BTC,1544887688817,2018-12-15T15:28:08.817Z,sell,1.266e-05,3573.0,0.04523418
SUB/BTC,1544887688817,2018-12-15T15:28:08.817Z,sell,1.265e-05,1903.0,0.02407295
SUB/BTC,1544887689135,2018-12-15T15:28:09.135Z,buy,1.268e-05,286.0,0.00362648
SUB/BTC,1544887691788,2018-12-15T15:28:11.788Z,sell,1.268e-05,87.0,0.00110316
SUB/BTC,1544887693926,2018-12-15T15:28:13.926Z,sell,1.268e-05,27.0,0.00034236
SUB/BTC,1544887693926,2018-12-15T15:28:13.926Z,sell,1.266e-05,196.0,0.00248136
SUB/BTC,1544887693926,2018-12-15T15:28:13.926Z,sell,1.265e-05,1602.0,0.0202653
SUB/BTC,1544887750018,2018-12-15T15:29:10.018Z,sell,1.265e-05,486.0,0.0061478999999999
SUB/BTC,1544887750018,2018-12-15T15:29:10.018Z,sell,1.263e-05,200.0,0.002526
SUB/BTC,1544887750018,2018-12-15T15:29:10.018Z,sell,1.26e-05,314.0,0.0039564
SUB/BTC,1544887849507,2018-12-15T15:30:49.507Z,sell,1.26e-05,1266.0,0.0159516
SUB/BTC,1544887849507,2018-12-15T15:30:49.507Z,sell,1.259e-05,500.0,0.006295
SUB/BTC,1544887849507,2018-12-15T15:30:49.507Z,sell,1.257e-05,1000.0,0.01257
SUB/BTC,1544887849507,2018-12-15T15:30:49.507Z,sell,1.256e-05,1886.0,0.02368816
SUB/BTC,1544887870142,2018-12-15T15:31:10.142Z,sell,1.257e-05,1232.0,0.01548624
SUB/BTC,1544887870632,2018-12-15T15:31:10.632Z,buy,1.257e-05,369.0,0.00463833
SUB/BTC,1544887872620,2018-12-15T15:31:12.620Z,buy,1.257e-05,369.0,0.00463833
SUB/BTC,1544887873629,2018-12-15T15:31:13.629Z,buy,1.257e-05,369.0,0.00463833
SUB/BTC,1544887874621,2018-12-15T15:31:14.621Z,buy,1.257e-05,369.0,0.00463833
SUB/BTC,1544887874699,2018-12-15T15:31:14.699Z,buy,1.257e-05,278.0,0.00349446
SUB/BTC,1544887876624,2018-12-15T15:31:16.624Z,buy,1.257e-05,91.0,0.00114387
SUB/BTC,1544887877631,2018-12-15T15:31:17.631Z,buy,1.257e-05,369.0,0.00463833
SUB/BTC,1544887878618,2018-12-15T15:31:18.618Z,buy,1.257e-05,242.0,0.00304194
SUB/BTC,1544887961837,2018-12-15T15:32:41.837Z,buy,1.264e-05,195.0,0.0024648
SUB/BTC,1544887966889,2018-12-15T15:32:46.889Z,buy,1.264e-05,154.0,0.00194656
SUB/BTC,1544887969888,2018-12-15T15:32:49.888Z,sell,1.258e-05,1111.0,0.01397638
SUB/BTC,1544888083327,2018-12-15T15:34:43.327Z,sell,1.257e-05,2090.0,0.0262713
SUB/BTC,1544888135775,2018-12-15T15:35:35.775Z,buy,1.258e-05,87.0,0.00109446
SUB/BTC,1544888138644,2018-12-15T15:35:38.644Z,buy,1.253e-05,232.0,0.00290696
SUB/BTC,1544888139719,2018-12-15T15:35:39.719Z,sell,1.251e-05,461.0,0.00576711
SUB/BTC,1544888140826,2018-12-15T15:35:40.826Z,buy,1.257e-05,397.0,0.00499029
SUB/BTC,1544888141650,2018-12-15T15:35:41.650Z,buy,1.257e-05,177.0,0.00222489
SUB/BTC,1544888143644,2018-12-15T15:35:43.644Z,buy,1.256e-05,230.0,0.0028888
SUB/BTC,1544888144655,2018-12-15T15:35:44.655Z,buy,1.256e-05,230.0,0.0028888
SUB/BTC,1544888145689,2018-12-15T15:35:45.689Z,buy,1.256e-05,230.0,0.0028888
SUB/BTC,1544888146652,2018-12-15T15:35:46.652Z,buy,1.256e-05,230.0,0.0028888
SUB/BTC,1544888148660,2018-12-15T15:35:48.660Z,buy,1.255e-05,138.0,0.0017319
SUB/BTC,1544888149644,2018-12-15T15:35:49.644Z,buy,1.255e-05,138.0,0.0017319
SUB/BTC,1544888151656,2018-12-15T15:35:51.656Z,buy,1.255e-05,138.0,0.0017319
SUB/BTC,1544888152657,2018-12-15T15:35:52.657Z,buy,1.254e-05,96.0,0.00120384
SUB/BTC,1544888153655,2018-12-15T15:35:53.655Z,buy,1.254e-05,96.0,0.00120384
SUB/BTC,1544888154666,2018-12-15T15:35:54.666Z,buy,1.254e-05,96.0,0.00120384
SUB/BTC,1544888156653,2018-12-15T15:35:56.653Z,buy,1.253e-05,84.0,0.00105252
SUB/BTC,1544888157677,2018-12-15T15:35:57.677Z,buy,1.253e-05,84.0,0.00105252
SUB/BTC,1544888158672,2018-12-15T15:35:58.672Z,buy,1.253e-05,84.0,0.00105252
SUB/BTC,1544888160651,2018-12-15T15:36:00.651Z,buy,1.252e-05,84.0,0.00105168
SUB/BTC,1544888161656,2018-12-15T15:36:01.656Z,buy,1.252e-05,84.0,0.00105168
SUB/BTC,1544888163647,2018-12-15T15:36:03.647Z,buy,1.252e-05,84.0,0.00105168
SUB/BTC,1544888164441,2018-12-15T15:36:04.441Z,sell,1.251e-05,164.0,0.00205164
SUB/BTC,1544888193605,2018-12-15T15:36:33.605Z,sell,1.25e-05,200.0,0.0025
SUB/BTC,1544888193666,2018-12-15T15:36:33.666Z,buy,1.25e-05,849.0,0.0106125
SUB/BTC,1544888203564,2018-12-15T15:36:43.564Z,sell,1.249e-05,548.0,0.00684452
SUB/BTC,1544888203564,2018-12-15T15:36:43.564Z,sell,1.249e-05,166.0,0.00207334
SUB/BTC,1544888204822,2018-12-15T15:36:44.822Z,sell,1.248e-05,109.0,0.00136032
SUB/BTC,1544888204822,2018-12-15T15:36:44.822Z,sell,1.247e-05,97.0,0.00120959
SUB/BTC,1544888204822,2018-12-15T15:36:44.822Z,sell,1.244e-05,231.0,0.00287364
SUB/BTC,1544888205146,2018-12-15T15:36:45.146Z,buy,1.249e-05,118.0,0.00147382
SUB/BTC,1544888206167,2018-12-15T15:36:46.167Z,buy,1.249e-05,854.0,0.01066646
SUB/BTC,1544888206613,2018-12-15T15:36:46.613Z,buy,1.248e-05,110.0,0.0013728
SUB/BTC,1544888206709,2018-12-15T15:36:46.709Z,buy,1.248e-05,603.0,0.00752544
SUB/BTC,1544888206932,2018-12-15T15:36:46.932Z,buy,1.245e-05,81.0,0.00100845
SUB/BTC,1544888207670,2018-12-15T15:36:47.670Z,buy,1.245e-05,163.0,0.00202935
SUB/BTC,1544888207904,2018-12-15T15:36:47.904Z,sell,1.244e-05,89.0,0.00110716
SUB/BTC,1544888207904,2018-12-15T15:36:47.904Z,sell,1.243e-05,68.0,0.0008452399999999
SUB/BTC,1544888207938,2018-12-15T15:36:47.938Z,sell,1.243e-05,41.0,0.00050963
SUB/BTC,1544888207938,2018-12-15T15:36:47.938Z,sell,1.242e-05,279.0,0.00346518
SUB/BTC,1544888207938,2018-12-15T15:36:47.938Z,sell,1.241e-05,471.0,0.00584511
SUB/BTC,1544888207988,2018-12-15T15:36:47.988Z,buy,1.241e-05,416.0,0.00516256
SUB/BTC,1544888207990,2018-12-15T15:36:47.990Z,buy,1.241e-05,431.0,0.00534871
SUB/BTC,1544888208904,2018-12-15T15:36:48.904Z,sell,1.24e-05,395.0,0.004898
SUB/BTC,1544888208924,2018-12-15T15:36:48.924Z,buy,1.241e-05,771.0,0.00956811
SUB/BTC,1544888210221,2018-12-15T15:36:50.221Z,sell,1.24e-05,322.0,0.0039928
SUB/BTC,1544888210252,2018-12-15T15:36:50.252Z,buy,1.241e-05,809.0,0.01003969
SUB/BTC,1544888211315,2018-12-15T15:36:51.315Z,sell,1.24e-05,984.0,0.0122016
SUB/BTC,1544888211315,2018-12-15T15:36:51.315Z,sell,1.239e-05,224.0,0.00277536
SUB/BTC,1544888211341,2018-12-15T15:36:51.341Z,buy,1.241e-05,809.0,0.01003969
SUB/BTC,1544888211465,2018-12-15T15:36:51.465Z,buy,1.241e-05,201.0,0.00249441
SUB/BTC,1544888212125,2018-12-15T15:36:52.125Z,sell,1.239e-05,257.0,0.00318423
SUB/BTC,1544888212125,2018-12-15T15:36:52.125Z,sell,1.238e-05,2971.0,0.03678098
SUB/BTC,1544888212125,2018-12-15T15:36:52.125Z,sell,1.237e-05,633.0,0.00783021
SUB/BTC,1544888212522,2018-12-15T15:36:52.522Z,sell,1.237e-05,4051.0,0.05011087
SUB/BTC,1544888218783,2018-12-15T15:36:58.783Z,sell,1.241e-05,85.0,0.00105485
SUB/BTC,1544888221198,2018-12-15T15:37:01.198Z,buy,1.243e-05,257.0,0.00319451
SUB/BTC,1544888221198,2018-12-15T15:37:01.198Z,buy,1.244e-05,215.0,0.0026746
SUB/BTC,1544888221198,2018-12-15T15:37:01.198Z,buy,1.245e-05,332.0,0.0041334
SUB/BTC,1544888225696,2018-12-15T15:37:05.696Z,buy,1.245e-05,345.0,0.00429525
SUB/BTC,1544888226670,2018-12-15T15:37:06.670Z,buy,1.246e-05,81.0,0.0010092599999999
SUB/BTC,1544888231669,2018-12-15T15:37:11.669Z,buy,1.246e-05,81.0,0.0010092599999999
SUB/BTC,1544888232917,2018-12-15T15:37:12.917Z,buy,1.246e-05,81.0,0.0010092599999999
SUB/BTC,1544888237748,2018-12-15T15:37:17.748Z,sell,1.242e-05,82.0,0.00101844
SUB/BTC,1544888268468,2018-12-15T15:37:48.468Z,sell,1.243e-05,381.0,0.00473583
SUB/BTC,1544888268468,2018-12-15T15:37:48.468Z,sell,1.242e-05,764.0,0.00948888
SUB/BTC,1544888286171,2018-12-15T15:38:06.171Z,buy,1.242e-05,483.0,0.00599886
SUB/BTC,1544888286462,2018-12-15T15:38:06.462Z,buy,1.242e-05,402.0,0.00499284
SUB/BTC,1544888286496,2018-12-15T15:38:06.496Z,buy,1.242e-05,951.0,0.01181142
SUB/BTC,1544888286560,2018-12-15T15:38:06.560Z,buy,1.244e-05,119.0,0.00148036
SUB/BTC,1544888288435,2018-12-15T15:38:08.435Z,buy,1.245e-05,160.0,0.001992
SUB/BTC,1544888291680,2018-12-15T15:38:11.680Z,buy,1.246e-05,81.0,0.0010092599999999
SUB/BTC,1544888292677,2018-12-15T15:38:12.677Z,buy,1.246e-05,81.0,0.0010092599999999
SUB/BTC,1544888294668,2018-12-15T15:38:14.668Z,buy,1.246e-05,81.0,0.0010092599999999
SUB/BTC,1544888298987,2018-12-15T15:38:18.987Z,sell,1.245e-05,161.0,0.00200445
SUB/BTC,1544888299622,2018-12-15T15:38:19.622Z,buy,1.246e-05,77.0,0.0009594199999999
SUB/BTC,1544888308289,2018-12-15T15:38:28.289Z,sell,1.246e-05,404.0,0.0050338399999999
SUB/BTC,1544888311278,2018-12-15T15:38:31.278Z,buy,1.248e-05,320.0,0.0039936
SUB/BTC,1544888319166,2018-12-15T15:38:39.166Z,buy,1.247e-05,567.0,0.00707049
SUB/BTC,1544888319180,2018-12-15T15:38:39.180Z,buy,1.247e-05,564.0,0.00703308
SUB/BTC,1544888335559,2018-12-15T15:38:55.559Z,sell,1.244e-05,363.0,0.00451572
SUB/BTC,1544888394513,2018-12-15T15:39:54.513Z,sell,1.241e-05,719.0,0.00892279
SUB/BTC,1544888406401,2018-12-15T15:40:06.401Z,sell,1.239e-05,1000.0,0.01239
SUB/BTC,1544888406615,2018-12-15T15:40:06.615Z,buy,1.238e-05,314.0,0.00388732
SUB/BTC,1544888406734,2018-12-15T15:40:06.734Z,buy,1.238e-05,111.0,0.00137418
SUB/BTC,1544888407035,2018-12-15T15:40:07.035Z,sell,1.237e-05,567.0,0.00701379
SUB/BTC,1544888407565,2018-12-15T15:40:07.565Z,buy,1.238e-05,10709.0,0.13257742
SUB/BTC,1544888410326,2018-12-15T15:40:10.326Z,sell,1.238e-05,1622.0,0.02008036
SUB/BTC,1544888410685,2018-12-15T15:40:10.685Z,buy,1.238e-05,355.0,0.0043949
SUB/BTC,1544888413060,2018-12-15T15:40:13.060Z,buy,1.243e-05,316.0,0.00392788
SUB/BTC,1544888413060,2018-12-15T15:40:13.060Z,buy,1.245e-05,403.0,0.0050173499999999
SUB/BTC,1544888413060,2018-12-15T15:40:13.060Z,buy,1.246e-05,1211.0,0.01508906
SUB/BTC,1544888413227,2018-12-15T15:40:13.227Z,sell,1.246e-05,188.0,0.00234248
SUB/BTC,1544888426893,2018-12-15T15:40:26.893Z,buy,1.248e-05,116.0,0.00144768
SUB/BTC,1544888480413,2018-12-15T15:41:20.413Z,buy,1.248e-05,110.0,0.0013728
SUB/BTC,1544888480441,2018-12-15T15:41:20.441Z,buy,1.248e-05,468.0,0.00584064
SUB/BTC,1544888481695,2018-12-15T15:41:21.695Z,buy,1.248e-05,160.0,0.0019968
SUB/BTC,1544888483690,2018-12-15T15:41:23.690Z,buy,1.248e-05,160.0,0.0019968
SUB/BTC,1544888485694,2018-12-15T15:41:25.694Z,buy,1.248e-05,160.0,0.0019968
SUB/BTC,1544888487689,2018-12-15T15:41:27.689Z,buy,1.248e-05,160.0,0.0019968
SUB/BTC,1544888489525,2018-12-15T15:41:29.525Z,buy,1.248e-05,347.0,0.00433056
SUB/BTC,1544888489554,2018-12-15T15:41:29.554Z,buy,1.248e-05,132.0,0.00164736
SUB/BTC,1544888489554,2018-12-15T15:41:29.554Z,buy,1.249e-05,107.0,0.00133643
SUB/BTC,1544888490697,2018-12-15T15:41:30.697Z,buy,1.249e-05,132.0,0.00164868
SUB/BTC,1544888498240,2018-12-15T15:41:38.240Z,buy,1.252e-05,161.0,0.00201572
SUB/BTC,1544888498240,2018-12-15T15:41:38.240Z,buy,1.254e-05,240.0,0.0030096
SUB/BTC,1544888509859,2018-12-15T15:41:49.859Z,buy,1.251e-05,1856.0,0.02321856
SUB/BTC,1544888513688,2018-12-15T15:41:53.688Z,buy,1.251e-05,248.0,0.00310248
SUB/BTC,1544888515698,2018-12-15T15:41:55.698Z,buy,1.251e-05,526.0,0.00658026
SUB/BTC,1544888520714,2018-12-15T15:42:00.714Z,buy,1.252e-05,263.0,0.00329276
SUB/BTC,1544888521724,2018-12-15T15:42:01.724Z,buy,1.252e-05,263.0,0.00329276
SUB/BTC,1544888523699,2018-12-15T15:42:03.699Z,buy,1.253e-05,210.0,0.0026313
SUB/BTC,1544888525717,2018-12-15T15:42:05.717Z,buy,1.253e-05,210.0,0.0026313
SUB/BTC,1544888526699,2018-12-15T15:42:06.699Z,buy,1.253e-05,210.0,0.0026313
SUB/BTC,1544888527708,2018-12-15T15:42:07.708Z,buy,1.253e-05,210.0,0.0026313
SUB/BTC,1544888529703,2018-12-15T15:42:09.703Z,buy,1.253e-05,210.0,0.0026313
SUB/BTC,1544888531769,2018-12-15T15:42:11.769Z,buy,1.253e-05,210.0,0.0026313
SUB/BTC,1544888532007,2018-12-15T15:42:12.007Z,sell,1.248e-05,1151.0,0.01436448
SUB/BTC,1544888532007,2018-12-15T15:42:12.007Z,sell,1.247e-05,750.0,0.0093525
SUB/BTC,1544888568112,2018-12-15T15:42:48.112Z,buy,1.253e-05,1151.0,0.01442203
SUB/BTC,1544888568170,2018-12-15T15:42:48.170Z,sell,1.253e-05,49.0,0.00061397
SUB/BTC,1544888622788,2018-12-15T15:43:42.788Z,sell,1.249e-05,93.0,0.00116157
SUB/BTC,1544888678790,2018-12-15T15:44:38.790Z,sell,1.249e-05,149.0,0.00186101
SUB/BTC,1544888723773,2018-12-15T15:45:23.773Z,sell,1.25e-05,1000.0,0.0125
SUB/BTC,1544888724764,2018-12-15T15:45:24.764Z,sell,1.25e-05,123.0,0.0015375
SUB/BTC,1544888789738,2018-12-15T15:46:29.738Z,buy,1.254e-05,148.0,0.00185592
SUB/BTC,1544888800209,2018-12-15T15:46:40.209Z,sell,1.251e-05,7010.0,0.0876951
SUB/BTC,1544888827386,2018-12-15T15:47:07.386Z,sell,1.25e-05,6.0,7.500000000000001e-05
SUB/BTC,1544888827386,2018-12-15T15:47:07.386Z,sell,1.249e-05,829.0,0.01035421
SUB/BTC,1544888828728,2018-12-15T15:47:08.728Z,buy,1.251e-05,81.0,0.00101331
SUB/BTC,1544888850155,2018-12-15T15:47:30.155Z,sell,1.248e-05,81.0,0.00101088
SUB/BTC,1544888851249,2018-12-15T15:47:31.249Z,buy,1.256e-05,81.0,0.00101736
SUB/BTC,1544888951636,2018-12-15T15:49:11.636Z,buy,1.252e-05,270.0,0.0033804
SUB/BTC,1544888951636,2018-12-15T15:49:11.636Z,buy,1.253e-05,200.0,0.002506
SUB/BTC,1544889046672,2018-12-15T15:50:46.672Z,sell,1.253e-05,1.0,1.253e-05
SUB/BTC,1544889109148,2018-12-15T15:51:49.148Z,sell,1.249e-05,273.0,0.00340977
SUB/BTC,1544889184928,2018-12-15T15:53:04.928Z,sell,1.247e-05,248.0,0.00309256
SUB/BTC,1544889203295,2018-12-15T15:53:23.295Z,buy,1.256e-05,365.0,0.0045844
SUB/BTC,1544889229118,2018-12-15T15:53:49.118Z,buy,1.256e-05,161.0,0.00202216
SUB/BTC,1544889288236,2018-12-15T15:54:48.236Z,sell,1.249e-05,751.0,0.00937999
SUB/BTC,1544889288776,2018-12-15T15:54:48.776Z,buy,1.249e-05,1275.0,0.01592475
SUB/BTC,1544889320168,2018-12-15T15:55:20.168Z,buy,1.258e-05,278.0,0.00349724
SUB/BTC,1544889329866,2018-12-15T15:55:29.866Z,buy,1.258e-05,206.0,0.00259148
SUB/BTC,1544889382926,2018-12-15T15:56:22.926Z,sell,1.249e-05,177.0,0.00221073
SUB/BTC,1544889412094,2018-12-15T15:56:52.094Z,sell,1.248e-05,106.0,0.00132288
SUB/BTC,1544889443161,2018-12-15T15:57:23.161Z,sell,1.249e-05,960.0,0.0119904
SUB/BTC,1544889499473,2018-12-15T15:58:19.473Z,sell,1.249e-05,3317.0,0.04142933
SUB/BTC,1544889499787,2018-12-15T15:58:19.787Z,buy,1.249e-05,2375.0,0.02966375
SUB/BTC,1544889557105,2018-12-15T15:59:17.105Z,sell,1.249e-05,1389.0,0.01734861
SUB/BTC,1544889580900,2018-12-15T15:59:40.900Z,sell,1.25e-05,1133.0,0.0141625
SUB/BTC,1544889580900,2018-12-15T15:59:40.900Z,sell,1.249e-05,1256.0,0.01568744
SUB/BTC,1544889580900,2018-12-15T15:59:40.900Z,sell,1.248e-05,3463.0,0.04321824
SUB/BTC,1544889580900,2018-12-15T15:59:40.900Z,sell,1.247e-05,320.0,0.0039904
SUB/BTC,1544889651604,2018-12-15T16:00:51.604Z,sell,1.248e-05,516.0,0.00643968
SUB/BTC,1544889653802,2018-12-15T16:00:53.802Z,buy,1.248e-05,196.0,0.00244608
SUB/BTC,1544889665442,2018-12-15T16:01:05.442Z,buy,1.255e-05,163.0,0.00204565
SUB/BTC,1544889708253,2018-12-15T16:01:48.253Z,buy,1.255e-05,1374.0,0.0172437
SUB/BTC,1544889708253,2018-12-15T16:01:48.253Z,buy,1.257e-05,2378.0,0.0298914599999999
SUB/BTC,1544889708253,2018-12-15T16:01:48.253Z,buy,1.259e-05,434.0,0.00546406
SUB/BTC,1544889708253,2018-12-15T16:01:48.253Z,buy,1.26e-05,5087.0,0.0640961999999999
SUB/BTC,1544889708253,2018-12-15T16:01:48.253Z,buy,1.261e-05,143.0,0.0018032299999999
SUB/BTC,1544889708253,2018-12-15T16:01:48.253Z,buy,1.263e-05,201.0,0.00253863
SUB/BTC,1544889708253,2018-12-15T16:01:48.253Z,buy,1.264e-05,100.0,0.001264
SUB/BTC,1544889708253,2018-12-15T16:01:48.253Z,buy,1.268e-05,79.0,0.00100172
SUB/BTC,1544889708253,2018-12-15T16:01:48.253Z,buy,1.27e-05,4304.0,0.0546608
SUB/BTC,1544889721217,2018-12-15T16:02:01.217Z,sell,1.26e-05,86.0,0.0010835999999999
SUB/BTC,1544889721963,2018-12-15T16:02:01.963Z,sell,1.262e-05,108.0,0.0013629599999999
SUB/BTC,1544889722394,2018-12-15T16:02:02.394Z,sell,1.263e-05,603.0,0.0076158899999999
SUB/BTC,1544889722501,2018-12-15T16:02:02.501Z,sell,1.263e-05,691.0,0.00872733
SUB/BTC,1544889723887,2018-12-15T16:02:03.887Z,sell,1.263e-05,2523.0,0.0318654899999999
SUB/BTC,1544889744815,2018-12-15T16:02:24.815Z,sell,1.266e-05,412.0,0.00521592
SUB/BTC,1544889752284,2018-12-15T16:02:32.284Z,sell,1.267e-05,2941.0,0.03726247
SUB/BTC,1544889752457,2018-12-15T16:02:32.457Z,sell,1.267e-05,4520.0,0.0572684
SUB/BTC,1544889752541,2018-12-15T16:02:32.541Z,sell,1.267e-05,2349.0,0.02976183
SUB/BTC,1544889757520,2018-12-15T16:02:37.520Z,sell,1.267e-05,246.0,0.00311682
SUB/BTC,1544889757817,2018-12-15T16:02:37.817Z,sell,1.267e-05,7415.0,0.09394805
SUB/BTC,1544889766625,2018-12-15T16:02:46.625Z,sell,1.262e-05,161.0,0.0020318199999999
SUB/BTC,1544889849771,2018-12-15T16:04:09.771Z,buy,1.263e-05,1005.0,0.0126931499999999
SUB/BTC,1544889849788,2018-12-15T16:04:09.788Z,buy,1.263e-05,512.0,0.00646656
SUB/BTC,1544889852263,2018-12-15T16:04:12.263Z,buy,1.265e-05,248.0,0.0031371999999999
SUB/BTC,1544889856801,2018-12-15T16:04:16.801Z,buy,1.265e-05,264.0,0.0033396
SUB/BTC,1544889898338,2018-12-15T16:04:58.338Z,sell,1.265e-05,1000.0,0.01265
SUB/BTC,1544889909961,2018-12-15T16:05:09.961Z,buy,1.268e-05,100.0,0.001268
SUB/BTC,1544889921671,2018-12-15T16:05:21.671Z,buy,1.268e-05,225.0,0.002853
SUB/BTC,1544889953256,2018-12-15T16:05:53.256Z,buy,1.271e-05,237.0,0.00301227
SUB/BTC,1544889953256,2018-12-15T16:05:53.256Z,buy,1.272e-05,1708.0,0.02172576
SUB/BTC,1544889953256,2018-12-15T16:05:53.256Z,buy,1.273e-05,1870.0,0.0238051
SUB/BTC,1544889992112,2018-12-15T16:06:32.112Z,buy,1.273e-05,516.0,0.00656868
SUB/BTC,1544890001777,2018-12-15T16:06:41.777Z,buy,1.273e-05,937.0,0.01192801
SUB/BTC,1544890001777,2018-12-15T16:06:41.777Z,buy,1.274e-05,63.0,0.00080262
SUB/BTC,1544890006295,2018-12-15T16:06:46.295Z,sell,1.267e-05,88.0,0.00111496
SUB/BTC,1544890009679,2018-12-15T16:06:49.679Z,buy,1.274e-05,316.0,0.00402584
SUB/BTC,1544890024747,2018-12-15T16:07:04.747Z,buy,1.274e-05,15.0,0.0001911
SUB/BTC,1544890024747,2018-12-15T16:07:04.747Z,buy,1.275e-05,495.0,0.00631125
SUB/BTC,1544890141591,2018-12-15T16:09:01.591Z,buy,1.274e-05,3924.0,0.04999176
SUB/BTC,1544890141607,2018-12-15T16:09:01.607Z,buy,1.274e-05,1884.0,0.02400216
SUB/BTC,1544890141680,2018-12-15T16:09:01.680Z,sell,1.274e-05,174.0,0.00221676
SUB/BTC,1544890141855,2018-12-15T16:09:01.855Z,sell,1.274e-05,1641.0,0.02090634
SUB/BTC,1544890151222,2018-12-15T16:09:11.222Z,sell,1.27e-05,248.0,0.0031496
SUB/BTC,1544890151341,2018-12-15T16:09:11.341Z,sell,1.27e-05,335.0,0.0042545
SUB/BTC,1544890153977,2018-12-15T16:09:13.977Z,sell,1.27e-05,3039.0,0.0385953
SUB/BTC,1544890166717,2018-12-15T16:09:26.717Z,sell,1.267e-05,1380.0,0.0174846
SUB/BTC,1544890166717,2018-12-15T16:09:26.717Z,sell,1.266e-05,2365.0,0.0299409
SUB/BTC,1544890166717,2018-12-15T16:09:26.717Z,sell,1.265e-05,473.0,0.0059834499999999
SUB/BTC,1544890176087,2018-12-15T16:09:36.087Z,sell,1.262e-05,166.0,0.00209492
SUB/BTC,1544890181414,2018-12-15T16:09:41.414Z,sell,1.261e-05,807.0,0.01017627
SUB/BTC,1544890436223,2018-12-15T16:13:56.223Z,buy,1.27e-05,1200.0,0.01524
SUB/BTC,1544890436223,2018-12-15T16:13:56.223Z,buy,1.27e-05,1200.0,0.01524
SUB/BTC,1544890570911,2018-12-15T16:16:10.911Z,sell,1.264e-05,364.0,0.0046009599999999
SUB/BTC,1544890582645,2018-12-15T16:16:22.645Z,sell,1.264e-05,197.0,0.00249008
SUB/BTC,1544890606165,2018-12-15T16:16:46.165Z,sell,1.264e-05,102.0,0.0012892799999999
SUB/BTC,1544890608285,2018-12-15T16:16:48.285Z,sell,1.264e-05,499.0,0.00630736
SUB/BTC,1544890619903,2018-12-15T16:16:59.903Z,sell,1.264e-05,596.0,0.00753344
SUB/BTC,1544890685018,2018-12-15T16:18:05.018Z,sell,1.264e-05,198.0,0.00250272
SUB/BTC,1544890692947,2018-12-15T16:18:12.947Z,buy,1.27e-05,4175.0,0.0530225
SUB/BTC,1544890693008,2018-12-15T16:18:13.008Z,sell,1.27e-05,243.0,0.0030861
SUB/BTC,1544890722907,2018-12-15T16:18:42.907Z,sell,1.27e-05,1039.0,0.0131953
SUB/BTC,1544890890461,2018-12-15T16:21:30.461Z,sell,1.262e-05,5000.0,0.0631
SUB/BTC,1544891047593,2018-12-15T16:24:07.593Z,sell,1.262e-05,80.0,0.0010096
SUB/BTC,1544891061161,2018-12-15T16:24:21.161Z,sell,1.262e-05,7.0,8.834e-05
SUB/BTC,1544891061942,2018-12-15T16:24:21.942Z,buy,1.262e-05,954.0,0.01203948
SUB/BTC,1544891082872,2018-12-15T16:24:42.872Z,buy,1.268e-05,362.0,0.00459016
SUB/BTC,1544891115509,2018-12-15T16:25:15.509Z,sell,1.261e-05,1186.0,0.01495546
SUB/BTC,1544891117068,2018-12-15T16:25:17.068Z,buy,1.261e-05,86.0,0.00108446
SUB/BTC,1544891119950,2018-12-15T16:25:19.950Z,sell,1.259e-05,588.0,0.0074029199999999
SUB/BTC,1544891175235,2018-12-15T16:26:15.235Z,sell,1.255e-05,138.0,0.0017319
SUB/BTC,1544891175235,2018-12-15T16:26:15.235Z,sell,1.251e-05,991.0,0.01239741
SUB/BTC,1544891175296,2018-12-15T16:26:15.296Z,buy,1.254e-05,140.0,0.0017556
SUB/BTC,1544891379600,2018-12-15T16:29:39.600Z,sell,1.25e-05,2418.0,0.030225
SUB/BTC,1544891379600,2018-12-15T16:29:39.600Z,sell,1.249e-05,1467.0,0.01832283
SUB/BTC,1544891379600,2018-12-15T16:29:39.600Z,sell,1.247e-05,535.0,0.00667145
SUB/BTC,1544891447438,2018-12-15T16:30:47.438Z,sell,1.248e-05,348.0,0.00434304
SUB/BTC,1544891469959,2018-12-15T16:31:09.959Z,sell,1.248e-05,347.0,0.00433056
SUB/BTC,1544891497422,2018-12-15T16:31:37.422Z,buy,1.254e-05,399.0,0.00500346
SUB/BTC,1544891534257,2018-12-15T16:32:14.257Z,buy,1.254e-05,527.0,0.00660858
SUB/BTC,1544891687258,2018-12-15T16:34:47.258Z,buy,1.26e-05,1231.0,0.0155106
SUB/BTC,1544891688440,2018-12-15T16:34:48.440Z,buy,1.26e-05,402.0,0.0050652
SUB/BTC,1544891719417,2018-12-15T16:35:19.417Z,buy,1.26e-05,3454.0,0.0435204
SUB/BTC,1544891723134,2018-12-15T16:35:23.134Z,sell,1.26e-05,1000.0,0.0126
SUB/BTC,1544891735950,2018-12-15T16:35:35.950Z,buy,1.265e-05,746.0,0.0094369
SUB/BTC,1544891735950,2018-12-15T16:35:35.950Z,buy,1.267e-05,2415.0,0.03059805
SUB/BTC,1544891735950,2018-12-15T16:35:35.950Z,buy,1.269e-05,363.0,0.00460647
SUB/BTC,1544891735950,2018-12-15T16:35:35.950Z,buy,1.271e-05,469.0,0.00596099
SUB/BTC,1544891735950,2018-12-15T16:35:35.950Z,buy,1.274e-05,1920.0,0.0244608
SUB/BTC,1544891736598,2018-12-15T16:35:36.598Z,sell,1.262e-05,318.0,0.00401316
SUB/BTC,1544891737780,2018-12-15T16:35:37.780Z,sell,1.263e-05,206.0,0.0026017799999999
SUB/BTC,1544891743490,2018-12-15T16:35:43.490Z,sell,1.266e-05,89.0,0.00112674
SUB/BTC,1544891747227,2018-12-15T16:35:47.227Z,buy,1.272e-05,89.0,0.00113208
SUB/BTC,1544891747227,2018-12-15T16:35:47.227Z,buy,1.273e-05,422.0,0.00537206
SUB/BTC,1544891782433,2018-12-15T16:36:22.433Z,buy,1.275e-05,1127.0,0.01436925
SUB/BTC,1544891800600,2018-12-15T16:36:40.600Z,sell,1.269e-05,472.0,0.00598968
SUB/BTC,1544891813645,2018-12-15T16:36:53.645Z,buy,1.272e-05,217.0,0.00276024
SUB/BTC,1544891813645,2018-12-15T16:36:53.645Z,buy,1.274e-05,3703.0,0.04717622
SUB/BTC,1544891813645,2018-12-15T16:36:53.645Z,buy,1.275e-05,3073.0,0.03918075
SUB/BTC,1544891813645,2018-12-15T16:36:53.645Z,buy,1.281e-05,120.0,0.0015371999999999
SUB/BTC,1544891813645,2018-12-15T16:36:53.645Z,buy,1.282e-05,1613.0,0.0206786599999999
SUB/BTC,1544891813672,2018-12-15T16:36:53.672Z,sell,1.282e-05,2461.0,0.03155002
SUB/BTC,1544891813706,2018-12-15T16:36:53.706Z,sell,1.282e-05,475.0,0.0060894999999999
SUB/BTC,1544891813761,2018-12-15T16:36:53.761Z,sell,1.282e-05,149.0,0.0019101799999999
SUB/BTC,1544891814025,2018-12-15T16:36:54.025Z,sell,1.282e-05,8676.0,0.1112263199999999
SUB/BTC,1544891814113,2018-12-15T16:36:54.113Z,sell,1.282e-05,257.0,0.00329474
SUB/BTC,1544891814199,2018-12-15T16:36:54.199Z,sell,1.282e-05,257.0,0.00329474
SUB/BTC,1544891814229,2018-12-15T16:36:54.229Z,sell,1.282e-05,210.0,0.0026921999999999
SUB/BTC,1544891814309,2018-12-15T16:36:54.309Z,sell,1.282e-05,101.0,0.00129482
SUB/BTC,1544891816325,2018-12-15T16:36:56.325Z,sell,1.282e-05,104.0,0.0013332799999999
SUB/BTC,1544891816417,2018-12-15T16:36:56.417Z,sell,1.282e-05,87.0,0.00111534
SUB/BTC,1544891822592,2018-12-15T16:37:02.592Z,buy,1.283e-05,683.0,0.00876289
SUB/BTC,1544891822702,2018-12-15T16:37:02.702Z,sell,1.282e-05,82.0,0.00105124
SUB/BTC,1544891824515,2018-12-15T16:37:04.515Z,sell,1.282e-05,399.0,0.0051151799999999
SUB/BTC,1544891824751,2018-12-15T16:37:04.751Z,buy,1.283e-05,164.0,0.00210412
SUB/BTC,1544891825992,2018-12-15T16:37:05.992Z,sell,1.282e-05,252.0,0.00323064
SUB/BTC,1544891826095,2018-12-15T16:37:06.095Z,sell,1.282e-05,483.0,0.0061920599999999
SUB/BTC,1544891826425,2018-12-15T16:37:06.425Z,sell,1.282e-05,402.0,0.0051536399999999
SUB/BTC,1544891826747,2018-12-15T16:37:06.747Z,sell,1.282e-05,482.0,0.00617924
SUB/BTC,1544891827598,2018-12-15T16:37:07.598Z,sell,1.282e-05,320.0,0.0041024
SUB/BTC,1544891828571,2018-12-15T16:37:08.571Z,sell,1.282e-05,321.0,0.00411522
SUB/BTC,1544891828729,2018-12-15T16:37:08.729Z,sell,1.282e-05,481.0,0.00616642
SUB/BTC,1544891828729,2018-12-15T16:37:08.729Z,sell,1.282e-05,82.0,0.00105124
SUB/BTC,1544891828799,2018-12-15T16:37:08.799Z,sell,1.282e-05,391.0,0.00501262
SUB/BTC,1544891828990,2018-12-15T16:37:08.990Z,sell,1.282e-05,397.0,0.00508954
SUB/BTC,1544891841275,2018-12-15T16:37:21.275Z,sell,1.282e-05,510.0,0.0065381999999999
SUB/BTC,1544891852898,2018-12-15T16:37:32.898Z,buy,1.283e-05,533.0,0.00683839
SUB/BTC,1544891852898,2018-12-15T16:37:32.898Z,buy,1.284e-05,4465.0,0.0573306
SUB/BTC,1544891852898,2018-12-15T16:37:32.898Z,buy,1.285e-05,5381.0,0.06914585
SUB/BTC,1544891856727,2018-12-15T16:37:36.727Z,sell,1.283e-05,107.0,0.00137281
SUB/BTC,1544891857797,2018-12-15T16:37:37.797Z,buy,1.285e-05,197.0,0.00253145
SUB/BTC,1544891870458,2018-12-15T16:37:50.458Z,sell,1.282e-05,1030.0,0.0132045999999999
SUB/BTC,1544891879462,2018-12-15T16:37:59.462Z,sell,1.278e-05,154.0,0.00196812
SUB/BTC,1544891884623,2018-12-15T16:38:04.623Z,buy,1.28e-05,850.0,0.0108799999999999
SUB/BTC,1544891906094,2018-12-15T16:38:26.094Z,sell,1.278e-05,304.0,0.0038851199999999
SUB/BTC,1544891914000,2018-12-15T16:38:34.000Z,buy,1.28e-05,1327.0,0.0169856
SUB/BTC,1544891914000,2018-12-15T16:38:34.000Z,buy,1.283e-05,95.0,0.00121885
SUB/BTC,1544891914000,2018-12-15T16:38:34.000Z,buy,1.284e-05,2804.0,0.03600336
SUB/BTC,1544891914000,2018-12-15T16:38:34.000Z,buy,1.285e-05,1181.0,0.01517585
SUB/BTC,1544891914000,2018-12-15T16:38:34.000Z,buy,1.286e-05,2214.0,0.02847204
SUB/BTC,1544891914000,2018-12-15T16:38:34.000Z,buy,1.288e-05,4379.0,0.05640152
SUB/BTC,1544891918505,2018-12-15T16:38:38.505Z,buy,1.287e-05,859.0,0.01105533
SUB/BTC,1544891928434,2018-12-15T16:38:48.434Z,sell,1.285e-05,4437.0,0.05701545
SUB/BTC,1544891929028,2018-12-15T16:38:49.028Z,sell,1.28e-05,1171.0,0.0149888
SUB/BTC,1544891937016,2018-12-15T16:38:57.016Z,buy,1.285e-05,1152.0,0.0148032
SUB/BTC,1544891941331,2018-12-15T16:39:01.331Z,buy,1.285e-05,19.0,0.00024415
SUB/BTC,1544891941331,2018-12-15T16:39:01.331Z,buy,1.286e-05,158.0,0.00203188
SUB/BTC,1544891941331,2018-12-15T16:39:01.331Z,buy,1.287e-05,2268.0,0.02918916
SUB/BTC,1544891944300,2018-12-15T16:39:04.300Z,buy,1.287e-05,283.0,0.00364221
SUB/BTC,1544891944452,2018-12-15T16:39:04.452Z,sell,1.285e-05,268.0,0.0034438
SUB/BTC,1544891945052,2018-12-15T16:39:05.052Z,sell,1.281e-05,1561.0,0.01999641
SUB/BTC,1544891946122,2018-12-15T16:39:06.122Z,buy,1.286e-05,1561.0,0.02007446
SUB/BTC,1544891946122,2018-12-15T16:39:06.122Z,buy,1.287e-05,171.0,0.00220077
SUB/BTC,1544891946122,2018-12-15T16:39:06.122Z,buy,1.288e-05,1184.0,0.01524992
SUB/BTC,1544891946588,2018-12-15T16:39:06.588Z,buy,1.288e-05,95.0,0.0012236
SUB/BTC,1544891947497,2018-12-15T16:39:07.497Z,sell,1.281e-05,1129.0,0.01446249
SUB/BTC,1544891948124,2018-12-15T16:39:08.124Z,sell,1.28e-05,1562.0,0.0199936
SUB/BTC,1544891948336,2018-12-15T16:39:08.336Z,buy,1.287e-05,2691.0,0.03463317
SUB/BTC,1544891948336,2018-12-15T16:39:08.336Z,buy,1.288e-05,214.0,0.00275632
SUB/BTC,1544891948698,2018-12-15T16:39:08.698Z,sell,1.279e-05,581.0,0.0074309899999999
SUB/BTC,1544891949223,2018-12-15T16:39:09.223Z,buy,1.288e-05,112.0,0.00144256
SUB/BTC,1544891949223,2018-12-15T16:39:09.223Z,buy,1.289e-05,1725.0,0.02223525
SUB/BTC,1544891952816,2018-12-15T16:39:12.816Z,buy,1.287e-05,159.0,0.00204633
SUB/BTC,1544891952816,2018-12-15T16:39:12.816Z,buy,1.289e-05,438.0,0.00564582
SUB/BTC,1544891958417,2018-12-15T16:39:18.417Z,buy,1.289e-05,106.0,0.00136634
SUB/BTC,1544891960635,2018-12-15T16:39:20.635Z,sell,1.281e-05,1500.0,0.019215
SUB/BTC,1544891969041,2018-12-15T16:39:29.041Z,buy,1.287e-05,391.0,0.00503217
SUB/BTC,1544891974105,2018-12-15T16:39:34.105Z,buy,1.288e-05,1109.0,0.01428392
SUB/BTC,1544891976101,2018-12-15T16:39:36.101Z,buy,1.289e-05,1130.0,0.0145657
SUB/BTC,1544892000087,2018-12-15T16:40:00.087Z,buy,1.289e-05,3602.0,0.04642978
SUB/BTC,1544892000087,2018-12-15T16:40:00.087Z,buy,1.29e-05,7961.0,0.1026969
SUB/BTC,1544892003860,2018-12-15T16:40:03.860Z,buy,1.289e-05,80.0,0.0010312
SUB/BTC,1544892003860,2018-12-15T16:40:03.860Z,buy,1.29e-05,155.0,0.0019995
SUB/BTC,1544892005633,2018-12-15T16:40:05.633Z,sell,1.284e-05,1131.0,0.01452204
SUB/BTC,1544892005633,2018-12-15T16:40:05.633Z,sell,1.281e-05,5496.0,0.07040376
SUB/BTC,1544892005633,2018-12-15T16:40:05.633Z,sell,1.28e-05,3540.0,0.045312
SUB/BTC,1544892005633,2018-12-15T16:40:05.633Z,sell,1.279e-05,37.0,0.00047323
SUB/BTC,1544892005633,2018-12-15T16:40:05.633Z,sell,1.278e-05,465.0,0.0059426999999999
SUB/BTC,1544892005633,2018-12-15T16:40:05.633Z,sell,1.274e-05,271.0,0.00345254
SUB/BTC,1544892005633,2018-12-15T16:40:05.633Z,sell,1.273e-05,2173.0,0.02766229
SUB/BTC,1544892006272,2018-12-15T16:40:06.272Z,sell,1.283e-05,155.0,0.00198865
SUB/BTC,1544892006296,2018-12-15T16:40:06.296Z,sell,1.283e-05,244.0,0.00313052
SUB/BTC,1544892006345,2018-12-15T16:40:06.345Z,sell,1.283e-05,248.0,0.00318184
SUB/BTC,1544892006353,2018-12-15T16:40:06.353Z,sell,1.283e-05,1215.0,0.01558845
SUB/BTC,1544892006402,2018-12-15T16:40:06.402Z,sell,1.283e-05,311.0,0.00399013
SUB/BTC,1544892009393,2018-12-15T16:40:09.393Z,buy,1.288e-05,105.0,0.0013524
SUB/BTC,1544892028959,2018-12-15T16:40:28.959Z,sell,1.282e-05,398.0,0.0051023599999999
SUB/BTC,1544892039529,2018-12-15T16:40:39.529Z,sell,1.275e-05,804.0,0.010251
SUB/BTC,1544892040891,2018-12-15T16:40:40.891Z,buy,1.282e-05,1297.0,0.01662754
SUB/BTC,1544892040891,2018-12-15T16:40:40.891Z,buy,1.283e-05,3399.0,0.04360917
SUB/BTC,1544892043991,2018-12-15T16:40:43.991Z,buy,1.283e-05,1933.0,0.02480039
SUB/BTC,1544892059160,2018-12-15T16:40:59.160Z,buy,1.282e-05,119.0,0.00152558
SUB/BTC,1544892064137,2018-12-15T16:41:04.137Z,buy,1.282e-05,958.0,0.0122815599999999
SUB/BTC,1544892064137,2018-12-15T16:41:04.137Z,buy,1.283e-05,493.0,0.00632519
SUB/BTC,1544892066364,2018-12-15T16:41:06.364Z,buy,1.282e-05,79.0,0.00101278
SUB/BTC,1544892066364,2018-12-15T16:41:06.364Z,buy,1.283e-05,404.0,0.00518332
SUB/BTC,1544892093703,2018-12-15T16:41:33.703Z,sell,1.279e-05,849.0,0.0108587099999999
SUB/BTC,1544892094577,2018-12-15T16:41:34.577Z,buy,1.283e-05,1732.0,0.02222156
SUB/BTC,1544892101278,2018-12-15T16:41:41.278Z,buy,1.283e-05,227.0,0.00291241
SUB/BTC,1544892107231,2018-12-15T16:41:47.231Z,buy,1.284e-05,1333.0,0.01711572
SUB/BTC,1544892108241,2018-12-15T16:41:48.241Z,sell,1.284e-05,625.0,0.008025
SUB/BTC,1544892108292,2018-12-15T16:41:48.292Z,buy,1.283e-05,886.0,0.01136738
SUB/BTC,1544892128534,2018-12-15T16:42:08.534Z,buy,1.283e-05,3920.0,0.0502936
SUB/BTC,1544892157051,2018-12-15T16:42:37.051Z,buy,1.283e-05,148.0,0.00189884
SUB/BTC,1544892195972,2018-12-15T16:43:15.972Z,buy,1.282e-05,184.0,0.00235888
SUB/BTC,1544892460199,2018-12-15T16:47:40.199Z,sell,1.275e-05,251.0,0.00320025
SUB/BTC,1544892471718,2018-12-15T16:47:51.718Z,sell,1.271e-05,108.0,0.00137268
SUB/BTC,1544892471718,2018-12-15T16:47:51.718Z,sell,1.27e-05,2359.0,0.0299593
SUB/BTC,1544892471718,2018-12-15T16:47:51.718Z,sell,1.269e-05,5087.0,0.06455403
SUB/BTC,1544892471718,2018-12-15T16:47:51.718Z,sell,1.268e-05,2222.0,0.02817496
SUB/BTC,1544892471718,2018-12-15T16:47:51.718Z,sell,1.267e-05,879.0,0.01113693
SUB/BTC,1544892471820,2018-12-15T16:47:51.820Z,buy,1.27e-05,142.0,0.0018034
SUB/BTC,1544892473932,2018-12-15T16:47:53.932Z,buy,1.27e-05,95.0,0.0012065
SUB/BTC,1544892474268,2018-12-15T16:47:54.268Z,sell,1.267e-05,801.0,0.01014867
SUB/BTC,1544892485536,2018-12-15T16:48:05.536Z,sell,1.268e-05,87.0,0.00110316
SUB/BTC,1544892485896,2018-12-15T16:48:05.896Z,buy,1.267e-05,79.0,0.00100093
SUB/BTC,1544892507895,2018-12-15T16:48:27.895Z,buy,1.265e-05,150.0,0.0018974999999999
SUB/BTC,1544892520668,2018-12-15T16:48:40.668Z,buy,1.265e-05,991.0,0.01253615
SUB/BTC,1544892534408,2018-12-15T16:48:54.408Z,buy,1.265e-05,790.0,0.0099934999999999
SUB/BTC,1544892535458,2018-12-15T16:48:55.458Z,sell,1.262e-05,107.0,0.00135034
SUB/BTC,1544892535531,2018-12-15T16:48:55.531Z,buy,1.262e-05,1248.0,0.0157497599999999
SUB/BTC,1544892535568,2018-12-15T16:48:55.568Z,buy,1.262e-05,434.0,0.00547708
SUB/BTC,1544892535616,2018-12-15T16:48:55.616Z,buy,1.262e-05,1.0,1.262e-05
SUB/BTC,1544892540017,2018-12-15T16:49:00.017Z,sell,1.262e-05,83.0,0.00104746
SUB/BTC,1544892558222,2018-12-15T16:49:18.222Z,sell,1.262e-05,280.0,0.0035336
SUB/BTC,1544892581492,2018-12-15T16:49:41.492Z,sell,1.262e-05,500.0,0.00631
SUB/BTC,1544892653951,2018-12-15T16:50:53.951Z,sell,1.262e-05,90.0,0.0011358
SUB/BTC,1544892679797,2018-12-15T16:51:19.797Z,buy,1.264e-05,100.0,0.001264
SUB/BTC,1544892753082,2018-12-15T16:52:33.082Z,buy,1.264e-05,160.0,0.0020223999999999
SUB/BTC,1544892803616,2018-12-15T16:53:23.616Z,buy,1.264e-05,608.0,0.0076851199999999
SUB/BTC,1544892902000,2018-12-15T16:55:02.000Z,sell,1.264e-05,85.0,0.0010743999999999
SUB/BTC,1544892922669,2018-12-15T16:55:22.669Z,sell,1.264e-05,813.0,0.01027632
SUB/BTC,1544892946461,2018-12-15T16:55:46.461Z,sell,1.264e-05,4692.0,0.05930688
SUB/BTC,1544893046837,2018-12-15T16:57:26.837Z,sell,1.264e-05,96.0,0.0012134399999999
SUB/BTC,1544893195636,2018-12-15T16:59:55.636Z,sell,1.26e-05,95.0,0.001197
SUB/BTC,1544893195636,2018-12-15T16:59:55.636Z,sell,1.257e-05,1296.0,0.01629072
SUB/BTC,1544893214256,2018-12-15T17:00:14.256Z,sell,1.254e-05,682.0,0.00855228
SUB/BTC,1544893224180,2018-12-15T17:00:24.180Z,buy,1.256e-05,312.0,0.00391872
SUB/BTC,1544893274230,2018-12-15T17:01:14.230Z,sell,1.256e-05,80.0,0.0010048
SUB/BTC,1544893274230,2018-12-15T17:01:14.230Z,sell,1.255e-05,1307.0,0.01640285
SUB/BTC,1544893274230,2018-12-15T17:01:14.230Z,sell,1.254e-05,4428.0,0.05552712
SUB/BTC,1544893275706,2018-12-15T17:01:15.706Z,sell,1.255e-05,268.0,0.0033634
SUB/BTC,1544893316150,2018-12-15T17:01:56.150Z,sell,1.253e-05,2630.0,0.0329539
SUB/BTC,1544893325456,2018-12-15T17:02:05.456Z,sell,1.254e-05,131.0,0.00164274
SUB/BTC,1544893340278,2018-12-15T17:02:20.278Z,sell,1.254e-05,81.0,0.00101574
SUB/BTC,1544893437758,2018-12-15T17:03:57.758Z,sell,1.254e-05,148.0,0.00185592
SUB/BTC,1544893481017,2018-12-15T17:04:41.017Z,sell,1.254e-05,164.0,0.00205656
SUB/BTC,1544893579930,2018-12-15T17:06:19.930Z,sell,1.255e-05,464.0,0.0058232
SUB/BTC,1544893673149,2018-12-15T17:07:53.149Z,sell,1.255e-05,4301.0,0.05397755
SUB/BTC,1544893673149,2018-12-15T17:07:53.149Z,sell,1.254e-05,2888.0,0.03621552
SUB/BTC,1544893673216,2018-12-15T17:07:53.216Z,sell,1.252e-05,312.0,0.00390624
SUB/BTC,1544893731043,2018-12-15T17:08:51.043Z,buy,1.252e-05,87.0,0.00108924
SUB/BTC,1544893731043,2018-12-15T17:08:51.043Z,buy,1.253e-05,173.0,0.00216769
SUB/BTC,1544893732201,2018-12-15T17:08:52.201Z,buy,1.253e-05,95.0,0.00119035
SUB/BTC,1544893735510,2018-12-15T17:08:55.510Z,buy,1.254e-05,2400.0,0.030096
SUB/BTC,1544893743023,2018-12-15T17:09:03.023Z,sell,1.252e-05,304.0,0.00380608
SUB/BTC,1544893743023,2018-12-15T17:09:03.023Z,sell,1.251e-05,196.0,0.00245196
SUB/BTC,1544893758293,2018-12-15T17:09:18.293Z,buy,1.26e-05,90.0,0.001134
SUB/BTC,1544893758293,2018-12-15T17:09:18.293Z,buy,1.261e-05,308.0,0.0038838799999999
SUB/BTC,1544893843080,2018-12-15T17:10:43.080Z,buy,1.26e-05,3172.0,0.0399672
SUB/BTC,1544893877485,2018-12-15T17:11:17.485Z,buy,1.261e-05,396.0,0.00499356
SUB/BTC,1544893878388,2018-12-15T17:11:18.388Z,buy,1.261e-05,117.0,0.00147537
SUB/BTC,1544893878655,2018-12-15T17:11:18.655Z,buy,1.261e-05,396.0,0.00499356
SUB/BTC,1544893879294,2018-12-15T17:11:19.294Z,buy,1.261e-05,475.0,0.0059897499999999
SUB/BTC,1544893879304,2018-12-15T17:11:19.304Z,buy,1.261e-05,326.0,0.00411086
SUB/BTC,1544893879304,2018-12-15T17:11:19.304Z,buy,1.262e-05,520.0,0.0065623999999999
SUB/BTC,1544893880307,2018-12-15T17:11:20.307Z,buy,1.262e-05,396.0,0.00499752
SUB/BTC,1544893881499,2018-12-15T17:11:21.499Z,buy,1.262e-05,192.0,0.00242304
SUB/BTC,1544893913699,2018-12-15T17:11:53.699Z,sell,1.262e-05,283.0,0.00357146
SUB/BTC,1544893913699,2018-12-15T17:11:53.699Z,sell,1.258e-05,576.0,0.00724608
SUB/BTC,1544893970649,2018-12-15T17:12:50.649Z,sell,1.255e-05,196.0,0.0024598
SUB/BTC,1544893970649,2018-12-15T17:12:50.649Z,sell,1.255e-05,196.0,0.0024598
SUB/BTC,1544894163852,2018-12-15T17:16:03.852Z,buy,1.26e-05,431.0,0.0054306
SUB/BTC,1544894286356,2018-12-15T17:18:06.356Z,sell,1.252e-05,999.0,0.01250748
SUB/BTC,1544894287204,2018-12-15T17:18:07.204Z,sell,1.252e-05,109.0,0.00136468
SUB/BTC,1544894287403,2018-12-15T17:18:07.403Z,sell,1.252e-05,194.0,0.00242888
SUB/BTC,1544894300268,2018-12-15T17:18:20.268Z,buy,1.261e-05,1645.0,0.02074345
SUB/BTC,1544894300275,2018-12-15T17:18:20.275Z,buy,1.261e-05,2860.0,0.0360645999999999
SUB/BTC,1544894300275,2018-12-15T17:18:20.275Z,buy,1.262e-05,2072.0,0.0261486399999999
SUB/BTC,1544894300282,2018-12-15T17:18:20.282Z,buy,1.262e-05,3087.0,0.0389579399999999
SUB/BTC,1544894300282,2018-12-15T17:18:20.282Z,buy,1.263e-05,1263.0,0.0159516899999999
SUB/BTC,1544894300282,2018-12-15T17:18:20.282Z,buy,1.264e-05,582.0,0.0073564799999999
SUB/BTC,1544894312138,2018-12-15T17:18:32.138Z,buy,1.263e-05,108.0,0.00136404
SUB/BTC,1544894356572,2018-12-15T17:19:16.572Z,buy,1.263e-05,4057.0,0.05123991
SUB/BTC,1544894356572,2018-12-15T17:19:16.572Z,buy,1.263e-05,767.0,0.00968721
SUB/BTC,1544894356572,2018-12-15T17:19:16.572Z,buy,1.264e-05,144.0,0.00182016
SUB/BTC,1544894356599,2018-12-15T17:19:16.599Z,buy,1.264e-05,3795.0,0.0479688
SUB/BTC,1544894356654,2018-12-15T17:19:16.654Z,buy,1.264e-05,695.0,0.0087847999999999
SUB/BTC,1544894512243,2018-12-15T17:21:52.243Z,buy,1.264e-05,9153.0,0.1156939199999999
SUB/BTC,1544894512243,2018-12-15T17:21:52.243Z,buy,1.265e-05,9797.0,0.1239320499999999
SUB/BTC,1544894522965,2018-12-15T17:22:02.965Z,buy,1.266e-05,283.0,0.00358278
SUB/BTC,1544894526987,2018-12-15T17:22:06.987Z,buy,1.272e-05,312.0,0.00396864
SUB/BTC,1544894529250,2018-12-15T17:22:09.250Z,sell,1.262e-05,396.0,0.00499752
SUB/BTC,1544894530718,2018-12-15T17:22:10.718Z,sell,1.262e-05,396.0,0.00499752
SUB/BTC,1544894530896,2018-12-15T17:22:10.896Z,sell,1.262e-05,475.0,0.0059945
SUB/BTC,1544894532015,2018-12-15T17:22:12.015Z,buy,1.272e-05,436.0,0.00554592
SUB/BTC,1544894532015,2018-12-15T17:22:12.015Z,buy,1.273e-05,396.0,0.00504108
SUB/BTC,1544894532015,2018-12-15T17:22:12.015Z,buy,1.274e-05,1019.0,0.01298206
SUB/BTC,1544894537020,2018-12-15T17:22:17.020Z,buy,1.274e-05,2021.0,0.02574754
SUB/BTC,1544894551068,2018-12-15T17:22:31.068Z,buy,1.273e-05,100.0,0.001273
SUB/BTC,1544894551074,2018-12-15T17:22:31.074Z,buy,1.273e-05,335.0,0.00426455
SUB/BTC,1544894551074,2018-12-15T17:22:31.074Z,buy,1.274e-05,35.0,0.0004459
SUB/BTC,1544894558085,2018-12-15T17:22:38.085Z,sell,1.273e-05,475.0,0.00604675
SUB/BTC,1544894564827,2018-12-15T17:22:44.827Z,sell,1.267e-05,320.0,0.0040544
SUB/BTC,1544894565439,2018-12-15T17:22:45.439Z,buy,1.273e-05,320.0,0.0040736
SUB/BTC,1544894565439,2018-12-15T17:22:45.439Z,buy,1.274e-05,1739.0,0.02215486
SUB/BTC,1544894565439,2018-12-15T17:22:45.439Z,buy,1.275e-05,3384.0,0.043146
SUB/BTC,1544894565439,2018-12-15T17:22:45.439Z,buy,1.276e-05,526.0,0.00671176
SUB/BTC,1544894569269,2018-12-15T17:22:49.269Z,buy,1.276e-05,513.0,0.00654588
SUB/BTC,1544894569269,2018-12-15T17:22:49.269Z,buy,1.277e-05,442.0,0.00564434
SUB/BTC,1544894569269,2018-12-15T17:22:49.269Z,buy,1.278e-05,79.0,0.00100962
SUB/BTC,1544894569269,2018-12-15T17:22:49.269Z,buy,1.28e-05,300.0,0.0038399999999999
SUB/BTC,1544894569269,2018-12-15T17:22:49.269Z,buy,1.282e-05,149.0,0.0019101799999999
SUB/BTC,1544894571271,2018-12-15T17:22:51.271Z,buy,1.282e-05,489.0,0.0062689799999999
SUB/BTC,1544894585634,2018-12-15T17:23:05.634Z,sell,1.274e-05,396.0,0.00504504
SUB/BTC,1544894588003,2018-12-15T17:23:08.003Z,sell,1.275e-05,87.0,0.00110925
SUB/BTC,1544894595390,2018-12-15T17:23:15.390Z,buy,1.281e-05,483.0,0.0061872299999999
SUB/BTC,1544894595390,2018-12-15T17:23:15.390Z,buy,1.282e-05,3276.0,0.04199832
SUB/BTC,1544894595390,2018-12-15T17:23:15.390Z,buy,1.283e-05,21603.0,0.27716649
SUB/BTC,1544894595414,2018-12-15T17:23:15.414Z,sell,1.283e-05,9591.0,0.12305253
SUB/BTC,1544894595504,2018-12-15T17:23:15.504Z,sell,1.283e-05,144.0,0.00184752
SUB/BTC,1544894597578,2018-12-15T17:23:17.578Z,sell,1.283e-05,103.0,0.00132149
SUB/BTC,1544894614418,2018-12-15T17:23:34.418Z,buy,1.284e-05,6651.0,0.08539884
SUB/BTC,1544894614686,2018-12-15T17:23:34.686Z,buy,1.284e-05,1024.0,0.01314816
SUB/BTC,1544894615032,2018-12-15T17:23:35.032Z,buy,1.284e-05,1748.0,0.02244432
SUB/BTC,1544894615776,2018-12-15T17:23:35.776Z,buy,1.284e-05,11390.0,0.1462476
SUB/BTC,1544894624865,2018-12-15T17:23:44.865Z,buy,1.286e-05,945.0,0.0121527
SUB/BTC,1544894624865,2018-12-15T17:23:44.865Z,buy,1.288e-05,380.0,0.0048944
SUB/BTC,1544894624865,2018-12-15T17:23:44.865Z,buy,1.29e-05,637.0,0.0082173
SUB/BTC,1544894624865,2018-12-15T17:23:44.865Z,buy,1.291e-05,870.0,0.0112317
SUB/BTC,1544894625279,2018-12-15T17:23:45.279Z,buy,1.291e-05,1145.0,0.01478195
SUB/BTC,1544894625279,2018-12-15T17:23:45.279Z,buy,1.292e-05,513.0,0.00662796
SUB/BTC,1544894626919,2018-12-15T17:23:46.919Z,buy,1.29e-05,1611.0,0.0207819
SUB/BTC,1544894626919,2018-12-15T17:23:46.919Z,buy,1.292e-05,209.0,0.0027002799999999
SUB/BTC,1544894626919,2018-12-15T17:23:46.919Z,buy,1.293e-05,985.0,0.01273605
SUB/BTC,1544894638690,2018-12-15T17:23:58.690Z,buy,1.293e-05,476.0,0.00615468
SUB/BTC,1544894638690,2018-12-15T17:23:58.690Z,buy,1.294e-05,5038.0,0.06519172
SUB/BTC,1544894640084,2018-12-15T17:24:00.084Z,buy,1.294e-05,1832.0,0.02370608
SUB/BTC,1544894643653,2018-12-15T17:24:03.653Z,sell,1.288e-05,160.0,0.0020608
SUB/BTC,1544894645490,2018-12-15T17:24:05.490Z,buy,1.294e-05,404.0,0.00522776
SUB/BTC,1544894651257,2018-12-15T17:24:11.257Z,buy,1.294e-05,225.0,0.0029115
SUB/BTC,1544894653464,2018-12-15T17:24:13.464Z,buy,1.294e-05,101.0,0.00130694
SUB/BTC,1544894655720,2018-12-15T17:24:15.720Z,buy,1.294e-05,8179.0,0.10583626
SUB/BTC,1544894655720,2018-12-15T17:24:15.720Z,buy,1.295e-05,5678.0,0.0735301
SUB/BTC,1544894655720,2018-12-15T17:24:15.720Z,sell,1.288e-05,2552.0,0.03286976
SUB/BTC,1544894655720,2018-12-15T17:24:15.720Z,sell,1.287e-05,3380.0,0.0435006
SUB/BTC,1544894658669,2018-12-15T17:24:18.669Z,buy,1.293e-05,508.0,0.00656844
SUB/BTC,1544894662376,2018-12-15T17:24:22.376Z,buy,1.293e-05,106.0,0.00137058
SUB/BTC,1544894664342,2018-12-15T17:24:24.342Z,buy,1.293e-05,196.0,0.00253428
SUB/BTC,1544894669457,2018-12-15T17:24:29.457Z,buy,1.293e-05,822.0,0.01062846
SUB/BTC,1544894669457,2018-12-15T17:24:29.457Z,buy,1.294e-05,2871.0,0.03715074
SUB/BTC,1544894670990,2018-12-15T17:24:30.990Z,buy,1.294e-05,3689.0,0.04773566
SUB/BTC,1544894673029,2018-12-15T17:24:33.029Z,buy,1.294e-05,4330.0,0.0560302
SUB/BTC,1544894676006,2018-12-15T17:24:36.006Z,buy,1.294e-05,189.0,0.00244566
SUB/BTC,1544894681152,2018-12-15T17:24:41.152Z,sell,1.287e-05,2189.0,0.02817243
SUB/BTC,1544894681152,2018-12-15T17:24:41.152Z,sell,1.286e-05,466.0,0.00599276
SUB/BTC,1544894681152,2018-12-15T17:24:41.152Z,sell,1.285e-05,31.0,0.00039835
SUB/BTC,1544894690748,2018-12-15T17:24:50.748Z,buy,1.293e-05,1554.0,0.02009322
SUB/BTC,1544894690748,2018-12-15T17:24:50.748Z,buy,1.294e-05,8791.0,0.11375554
SUB/BTC,1544894690748,2018-12-15T17:24:50.748Z,buy,1.295e-05,10572.0,0.1369073999999999
SUB/BTC,1544894690748,2018-12-15T17:24:50.748Z,buy,1.296e-05,78.0,0.00101088
SUB/BTC,1544894690748,2018-12-15T17:24:50.748Z,buy,1.297e-05,18928.0,0.24549616
SUB/BTC,1544894690748,2018-12-15T17:24:50.748Z,buy,1.298e-05,37.0,0.00048026
SUB/BTC,1544894692969,2018-12-15T17:24:52.969Z,sell,1.289e-05,1500.0,0.019335
SUB/BTC,1544894693511,2018-12-15T17:24:53.511Z,sell,1.29e-05,710.0,0.009159
SUB/BTC,1544894695540,2018-12-15T17:24:55.540Z,sell,1.29e-05,711.0,0.0091719
SUB/BTC,1544894722410,2018-12-15T17:25:22.410Z,buy,1.295e-05,664.0,0.0085988
SUB/BTC,1544894724068,2018-12-15T17:25:24.068Z,sell,1.29e-05,650.0,0.008385
SUB/BTC,1544894738152,2018-12-15T17:25:38.152Z,buy,1.293e-05,348.0,0.00449964
SUB/BTC,1544894738152,2018-12-15T17:25:38.152Z,buy,1.295e-05,650.0,0.0084175
SUB/BTC,1544894739146,2018-12-15T17:25:39.146Z,sell,1.295e-05,486.0,0.0062937
SUB/BTC,1544894743116,2018-12-15T17:25:43.116Z,sell,1.295e-05,88.0,0.0011396
SUB/BTC,1544894767997,2018-12-15T17:26:07.997Z,sell,1.295e-05,79.0,0.00102305
SUB/BTC,1544894793404,2018-12-15T17:26:33.404Z,sell,1.295e-05,409.0,0.00529655
SUB/BTC,1544894793404,2018-12-15T17:26:33.404Z,sell,1.291e-05,58.0,0.00074878
SUB/BTC,1544894799562,2018-12-15T17:26:39.562Z,sell,1.291e-05,236.0,0.00304676
SUB/BTC,1544894806933,2018-12-15T17:26:46.933Z,sell,1.289e-05,2496.0,0.03217344
SUB/BTC,1544894811300,2018-12-15T17:26:51.300Z,sell,1.286e-05,200.0,0.002572
SUB/BTC,1544894818928,2018-12-15T17:26:58.928Z,sell,1.285e-05,10270.0,0.1319695
SUB/BTC,1544894818928,2018-12-15T17:26:58.928Z,sell,1.284e-05,2231.0,0.02864604
SUB/BTC,1544894818928,2018-12-15T17:26:58.928Z,sell,1.283e-05,1007.0,0.01291981
SUB/BTC,1544894818928,2018-12-15T17:26:58.928Z,sell,1.282e-05,518.0,0.00664076
SUB/BTC,1544894818928,2018-12-15T17:26:58.928Z,sell,1.281e-05,21110.0,0.2704190999999999
SUB/BTC,1544894823726,2018-12-15T17:27:03.726Z,sell,1.28e-05,208.0,0.0026623999999999
SUB/BTC,1544894823726,2018-12-15T17:27:03.726Z,sell,1.279e-05,589.0,0.00753331
SUB/BTC,1544894826398,2018-12-15T17:27:06.398Z,buy,1.286e-05,87.0,0.00111882
SUB/BTC,1544894827894,2018-12-15T17:27:07.894Z,sell,1.281e-05,141.0,0.00180621
SUB/BTC,1544894827894,2018-12-15T17:27:07.894Z,sell,1.279e-05,1941.0,0.02482539
SUB/BTC,1544894827894,2018-12-15T17:27:07.894Z,sell,1.278e-05,2243.0,0.02866554
SUB/BTC,1544894828460,2018-12-15T17:27:08.460Z,buy,1.284e-05,141.0,0.00181044
SUB/BTC,1544894832150,2018-12-15T17:27:12.150Z,sell,1.277e-05,1017.0,0.01298709
SUB/BTC,1544894832792,2018-12-15T17:27:12.792Z,sell,1.277e-05,141.0,0.00180057
SUB/BTC,1544894833768,2018-12-15T17:27:13.768Z,buy,1.284e-05,268.0,0.00344112
SUB/BTC,1544894837172,2018-12-15T17:27:17.172Z,sell,1.276e-05,79.0,0.00100804
SUB/BTC,1544894837172,2018-12-15T17:27:17.172Z,sell,1.275e-05,319.0,0.00406725
SUB/BTC,1544894870286,2018-12-15T17:27:50.286Z,buy,1.284e-05,778.0,0.00998952
SUB/BTC,1544894890169,2018-12-15T17:28:10.169Z,buy,1.283e-05,1825.0,0.02341475
SUB/BTC,1544894911845,2018-12-15T17:28:31.845Z,buy,1.282e-05,119.0,0.00152558
SUB/BTC,1544894927060,2018-12-15T17:28:47.060Z,buy,1.282e-05,3262.0,0.0418188399999999
SUB/BTC,1544894927060,2018-12-15T17:28:47.060Z,buy,1.283e-05,2335.0,0.02995805
SUB/BTC,1544894927060,2018-12-15T17:28:47.060Z,buy,1.284e-05,25568.0,0.32829312
SUB/BTC,1544894927183,2018-12-15T17:28:47.183Z,sell,1.284e-05,78.0,0.00100152
SUB/BTC,1544894955729,2018-12-15T17:29:15.729Z,buy,1.285e-05,247.0,0.00317395
SUB/BTC,1544894956354,2018-12-15T17:29:16.354Z,buy,1.286e-05,200.0,0.002572
SUB/BTC,1544894960600,2018-12-15T17:29:20.600Z,buy,1.286e-05,77.0,0.00099022
SUB/BTC,1544894960620,2018-12-15T17:29:20.620Z,buy,1.287e-05,79.0,0.00101673
SUB/BTC,1544894962356,2018-12-15T17:29:22.356Z,buy,1.287e-05,79.0,0.00101673
SUB/BTC,1544894963353,2018-12-15T17:29:23.353Z,buy,1.287e-05,79.0,0.00101673
SUB/BTC,1544894965358,2018-12-15T17:29:25.358Z,buy,1.287e-05,79.0,0.00101673
SUB/BTC,1544894966363,2018-12-15T17:29:26.363Z,buy,1.287e-05,79.0,0.00101673
SUB/BTC,1544894988357,2018-12-15T17:29:48.357Z,buy,1.287e-05,201.0,0.00258687
SUB/BTC,1544894994402,2018-12-15T17:29:54.402Z,buy,1.289e-05,2858.0,0.03683962
SUB/BTC,1544895006361,2018-12-15T17:30:06.361Z,sell,1.29e-05,566.0,0.0073014
SUB/BTC,1544895054444,2018-12-15T17:30:54.444Z,buy,1.289e-05,157.0,0.00202373
SUB/BTC,1544895100791,2018-12-15T17:31:40.791Z,sell,1.286e-05,431.0,0.00554266
SUB/BTC,1544895128622,2018-12-15T17:32:08.622Z,buy,1.288e-05,193.0,0.00248584
SUB/BTC,1544895129383,2018-12-15T17:32:09.383Z,sell,1.288e-05,230.0,0.0029624
SUB/BTC,1544895137322,2018-12-15T17:32:17.322Z,buy,1.289e-05,157.0,0.00202373
SUB/BTC,1544895172272,2018-12-15T17:32:52.272Z,buy,1.289e-05,361.0,0.00465329
SUB/BTC,1544895277871,2018-12-15T17:34:37.871Z,buy,1.289e-05,87.0,0.00112143
SUB/BTC,1544895282435,2018-12-15T17:34:42.435Z,sell,1.286e-05,1823.0,0.02344378
SUB/BTC,1544895299573,2018-12-15T17:34:59.573Z,buy,1.289e-05,831.0,0.01071159
SUB/BTC,1544895299573,2018-12-15T17:34:59.573Z,buy,1.29e-05,1307.0,0.0168603
SUB/BTC,1544895299573,2018-12-15T17:34:59.573Z,buy,1.291e-05,385.0,0.00497035
SUB/BTC,1544895299573,2018-12-15T17:34:59.573Z,buy,1.292e-05,233.0,0.00301036
SUB/BTC,1544895299573,2018-12-15T17:34:59.573Z,buy,1.293e-05,3594.0,0.04647042
SUB/BTC,1544895299573,2018-12-15T17:34:59.573Z,buy,1.294e-05,2348.0,0.03038312
SUB/BTC,1544895299573,2018-12-15T17:34:59.573Z,buy,1.295e-05,134.0,0.0017353
SUB/BTC,1544895323107,2018-12-15T17:35:23.107Z,buy,1.294e-05,1311.0,0.01696434
SUB/BTC,1544895325996,2018-12-15T17:35:25.996Z,sell,1.294e-05,82.0,0.00106108
SUB/BTC,1544895338545,2018-12-15T17:35:38.545Z,sell,1.294e-05,100.0,0.001294
SUB/BTC,1544895340120,2018-12-15T17:35:40.120Z,sell,1.294e-05,318.0,0.00411492
SUB/BTC,1544895385837,2018-12-15T17:36:25.837Z,sell,1.288e-05,1289.0,0.01660232
SUB/BTC,1544895401808,2018-12-15T17:36:41.808Z,sell,1.286e-05,151.0,0.00194186
SUB/BTC,1544895444485,2018-12-15T17:37:24.485Z,sell,1.286e-05,1000.0,0.01286
SUB/BTC,1544895445939,2018-12-15T17:37:25.939Z,sell,1.286e-05,520.0,0.0066872
SUB/BTC,1544895455086,2018-12-15T17:37:35.086Z,buy,1.293e-05,157.0,0.00203001
SUB/BTC,1544895496119,2018-12-15T17:38:16.119Z,sell,1.286e-05,2215.0,0.0284849
SUB/BTC,1544895496119,2018-12-15T17:38:16.119Z,sell,1.285e-05,5564.0,0.0714974
SUB/BTC,1544895496119,2018-12-15T17:38:16.119Z,sell,1.284e-05,2333.0,0.02995572
SUB/BTC,1544895496119,2018-12-15T17:38:16.119Z,sell,1.283e-05,3731.0,0.04786873
SUB/BTC,1544895552371,2018-12-15T17:39:12.371Z,sell,1.284e-05,1356.0,0.01741104
SUB/BTC,1544895552371,2018-12-15T17:39:12.371Z,sell,1.283e-05,1175.0,0.01507525
SUB/BTC,1544895592979,2018-12-15T17:39:52.979Z,sell,1.282e-05,781.0,0.01001242
SUB/BTC,1544895595911,2018-12-15T17:39:55.911Z,buy,1.282e-05,88.0,0.00112816
SUB/BTC,1544895609265,2018-12-15T17:40:09.265Z,sell,1.281e-05,79.0,0.00101199
SUB/BTC,1544895609265,2018-12-15T17:40:09.265Z,sell,1.277e-05,48.0,0.00061296
SUB/BTC,1544895686144,2018-12-15T17:41:26.144Z,buy,1.282e-05,262.0,0.0033588399999999
SUB/BTC,1544895686144,2018-12-15T17:41:26.144Z,buy,1.285e-05,128.0,0.0016448
SUB/BTC,1544895911369,2018-12-15T17:45:11.369Z,sell,1.285e-05,78.0,0.0010023
SUB/BTC,1544895912394,2018-12-15T17:45:12.394Z,buy,1.285e-05,1414.0,0.0181699
SUB/BTC,1544895917947,2018-12-15T17:45:17.947Z,sell,1.285e-05,100.0,0.001285
SUB/BTC,1544895943995,2018-12-15T17:45:43.995Z,sell,1.285e-05,6832.0,0.0877912
SUB/BTC,1544895954612,2018-12-15T17:45:54.612Z,buy,1.284e-05,85.0,0.0010914
SUB/BTC,1544895962147,2018-12-15T17:46:02.147Z,buy,1.284e-05,256.0,0.00328704
SUB/BTC,1544896140614,2018-12-15T17:49:00.614Z,sell,1.281e-05,1971.0,0.02524851
SUB/BTC,1544896140614,2018-12-15T17:49:00.614Z,sell,1.28e-05,1062.0,0.0135935999999999
SUB/BTC,1544896149327,2018-12-15T17:49:09.327Z,sell,1.277e-05,188.0,0.00240076
SUB/BTC,1544896149327,2018-12-15T17:49:09.327Z,sell,1.276e-05,200.0,0.002552
SUB/BTC,1544896149327,2018-12-15T17:49:09.327Z,sell,1.275e-05,487.0,0.00620925
SUB/BTC,1544896149951,2018-12-15T17:49:09.951Z,sell,1.275e-05,7253.0,0.09247575
SUB/BTC,1544896160884,2018-12-15T17:49:20.884Z,sell,1.275e-05,69.0,0.00087975
SUB/BTC,1544896160884,2018-12-15T17:49:20.884Z,sell,1.274e-05,1021.0,0.01300754
SUB/BTC,1544896160884,2018-12-15T17:49:20.884Z,sell,1.272e-05,269.0,0.00342168
SUB/BTC,1544896160884,2018-12-15T17:49:20.884Z,sell,1.271e-05,157.0,0.00199547
SUB/BTC,1544896160884,2018-12-15T17:49:20.884Z,sell,1.27e-05,1886.0,0.0239522
SUB/BTC,1544896160884,2018-12-15T17:49:20.884Z,sell,1.269e-05,3361.0,0.04265109
SUB/BTC,1544896160884,2018-12-15T17:49:20.884Z,sell,1.268e-05,1987.0,0.02519516
SUB/BTC,1544896161671,2018-12-15T17:49:21.671Z,buy,1.274e-05,79.0,0.00100646
SUB/BTC,1544896161763,2018-12-15T17:49:21.763Z,buy,1.274e-05,79.0,0.00100646
SUB/BTC,1544896161865,2018-12-15T17:49:21.865Z,buy,1.274e-05,79.0,0.00100646
SUB/BTC,1544896163973,2018-12-15T17:49:23.973Z,buy,1.274e-05,86.0,0.00109564
SUB/BTC,1544896165848,2018-12-15T17:49:25.848Z,buy,1.274e-05,964.0,0.01228136
SUB/BTC,1544896165848,2018-12-15T17:49:25.848Z,buy,1.275e-05,5087.0,0.06485925
SUB/BTC,1544896165848,2018-12-15T17:49:25.848Z,buy,1.276e-05,546.0,0.0069669599999999
SUB/BTC,1544896165848,2018-12-15T17:49:25.848Z,buy,1.277e-05,1459.0,0.01863143
SUB/BTC,1544896165848,2018-12-15T17:49:25.848Z,buy,1.278e-05,361.0,0.00461358
SUB/BTC,1544896176831,2018-12-15T17:49:36.831Z,sell,1.27e-05,393.0,0.0049911
SUB/BTC,1544896176888,2018-12-15T17:49:36.888Z,buy,1.27e-05,969.0,0.0123063
SUB/BTC,1544896176896,2018-12-15T17:49:36.896Z,buy,1.27e-05,695.0,0.0088265
SUB/BTC,1544896184779,2018-12-15T17:49:44.779Z,sell,1.271e-05,393.0,0.00499503
SUB/BTC,1544896184779,2018-12-15T17:49:44.779Z,sell,1.27e-05,126.0,0.0016002
SUB/BTC,1544896184779,2018-12-15T17:49:44.779Z,sell,1.269e-05,940.0,0.0119286
SUB/BTC,1544896184779,2018-12-15T17:49:44.779Z,sell,1.268e-05,5087.0,0.06450316
SUB/BTC,1544896184779,2018-12-15T17:49:44.779Z,sell,1.267e-05,16.0,0.00020272
SUB/BTC,1544896184779,2018-12-15T17:49:44.779Z,sell,1.267e-05,122.0,0.00154574
SUB/BTC,1544896184779,2018-12-15T17:49:44.779Z,sell,1.266e-05,178.0,0.00225348
SUB/BTC,1544896199230,2018-12-15T17:49:59.230Z,buy,1.272e-05,178.0,0.00226416
SUB/BTC,1544896199230,2018-12-15T17:49:59.230Z,buy,1.275e-05,5087.0,0.06485925
SUB/BTC,1544896199230,2018-12-15T17:49:59.230Z,buy,1.276e-05,1333.0,0.01700908
SUB/BTC,1544896199230,2018-12-15T17:49:59.230Z,buy,1.277e-05,393.0,0.00501861
SUB/BTC,1544896199230,2018-12-15T17:49:59.230Z,buy,1.278e-05,12.0,0.00015336
SUB/BTC,1544896227414,2018-12-15T17:50:27.414Z,sell,1.278e-05,645.0,0.0082431
SUB/BTC,1544896227511,2018-12-15T17:50:27.511Z,sell,1.278e-05,597.0,0.00762966
SUB/BTC,1544896227539,2018-12-15T17:50:27.539Z,sell,1.278e-05,4062.0,0.05191236
SUB/BTC,1544896227539,2018-12-15T17:50:27.539Z,sell,1.27e-05,5087.0,0.0646049
SUB/BTC,1544896227539,2018-12-15T17:50:27.539Z,sell,1.269e-05,117.0,0.00148473
SUB/BTC,1544896227539,2018-12-15T17:50:27.539Z,sell,1.267e-05,578.0,0.00732326
SUB/BTC,1544896291916,2018-12-15T17:51:31.916Z,sell,1.268e-05,118.0,0.00149624
SUB/BTC,1544896291916,2018-12-15T17:51:31.916Z,sell,1.267e-05,804.0,0.01018668
SUB/BTC,1544896291916,2018-12-15T17:51:31.916Z,sell,1.264e-05,2348.0,0.02967872
SUB/BTC,1544896291916,2018-12-15T17:51:31.916Z,sell,1.263e-05,632.0,0.00798216
SUB/BTC,1544896291916,2018-12-15T17:51:31.916Z,sell,1.262e-05,1020.0,0.0128723999999999
SUB/BTC,1544896320659,2018-12-15T17:52:00.659Z,buy,1.268e-05,557.0,0.00706276
SUB/BTC,1544896320674,2018-12-15T17:52:00.674Z,buy,1.268e-05,79.0,0.00100172
SUB/BTC,1544896323501,2018-12-15T17:52:03.501Z,buy,1.268e-05,142.0,0.00180056
SUB/BTC,1544896334845,2018-12-15T17:52:14.845Z,sell,1.263e-05,4923.0,0.0621774899999999
SUB/BTC,1544896338028,2018-12-15T17:52:18.028Z,buy,1.266e-05,84.0,0.00106344
SUB/BTC,1544896338140,2018-12-15T17:52:18.140Z,buy,1.266e-05,83.0,0.00105078
SUB/BTC,1544896374263,2018-12-15T17:52:54.263Z,buy,1.268e-05,75.0,0.000951
SUB/BTC,1544896392512,2018-12-15T17:53:12.512Z,sell,1.263e-05,80.0,0.0010103999999999
SUB/BTC,1544896424257,2018-12-15T17:53:44.257Z,sell,1.263e-05,422.0,0.00532986
SUB/BTC,1544896424257,2018-12-15T17:53:44.257Z,sell,1.262e-05,2150.0,0.0271329999999999
SUB/BTC,1544896424257,2018-12-15T17:53:44.257Z,sell,1.261e-05,80.0,0.0010088
SUB/BTC,1544896424257,2018-12-15T17:53:44.257Z,sell,1.26e-05,5685.0,0.071631
SUB/BTC,1544896453503,2018-12-15T17:54:13.503Z,buy,1.262e-05,189.0,0.0023851799999999
SUB/BTC,1544896453865,2018-12-15T17:54:13.865Z,buy,1.262e-05,182.0,0.00229684
SUB/BTC,1544896457515,2018-12-15T17:54:17.515Z,buy,1.261e-05,152.0,0.00191672
SUB/BTC,1544896458513,2018-12-15T17:54:18.513Z,buy,1.261e-05,152.0,0.00191672
SUB/BTC,1544896459537,2018-12-15T17:54:19.537Z,buy,1.261e-05,152.0,0.00191672
SUB/BTC,1544896460528,2018-12-15T17:54:20.528Z,buy,1.261e-05,152.0,0.00191672
SUB/BTC,1544896462519,2018-12-15T17:54:22.519Z,buy,1.26e-05,91.0,0.0011466
SUB/BTC,1544896463516,2018-12-15T17:54:23.516Z,buy,1.26e-05,91.0,0.0011466
SUB/BTC,1544896464517,2018-12-15T17:54:24.517Z,buy,1.26e-05,91.0,0.0011466
SUB/BTC,1544896465300,2018-12-15T17:54:25.300Z,sell,1.259e-05,341.0,0.00429319
SUB/BTC,1544896466139,2018-12-15T17:54:26.139Z,buy,1.259e-05,293.0,0.00368887
SUB/BTC,1544896472620,2018-12-15T17:54:32.620Z,buy,1.266e-05,83.0,0.00105078
SUB/BTC,1544896506603,2018-12-15T17:55:06.603Z,buy,1.269e-05,236.0,0.00299484
SUB/BTC,1544896507184,2018-12-15T17:55:07.184Z,buy,1.266e-05,80.0,0.0010128
SUB/BTC,1544896563138,2018-12-15T17:56:03.138Z,buy,1.269e-05,236.0,0.00299484
SUB/BTC,1544896587520,2018-12-15T17:56:27.520Z,buy,1.263e-05,117.0,0.00147771
SUB/BTC,1544896595578,2018-12-15T17:56:35.578Z,sell,1.258e-05,740.0,0.0093092
SUB/BTC,1544896595578,2018-12-15T17:56:35.578Z,sell,1.257e-05,34308.0,0.43125156
SUB/BTC,1544896595694,2018-12-15T17:56:35.694Z,buy,1.257e-05,495.0,0.00622215
SUB/BTC,1544896595915,2018-12-15T17:56:35.915Z,buy,1.257e-05,495.0,0.00622215
SUB/BTC,1544896596521,2018-12-15T17:56:36.521Z,buy,1.257e-05,7338.0,0.09223866
SUB/BTC,1544896631663,2018-12-15T17:57:11.663Z,buy,1.265e-05,740.0,0.009361
SUB/BTC,1544896631663,2018-12-15T17:57:11.663Z,buy,1.266e-05,50.0,0.000633
SUB/BTC,1544896658977,2018-12-15T17:57:38.977Z,buy,1.266e-05,1342.0,0.01698972
SUB/BTC,1544896658977,2018-12-15T17:57:38.977Z,buy,1.269e-05,160.0,0.0020304
SUB/BTC,1544896659539,2018-12-15T17:57:39.539Z,sell,1.269e-05,498.0,0.00631962
SUB/BTC,1544896723156,2018-12-15T17:58:43.156Z,sell,1.263e-05,2144.0,0.0270787199999999
SUB/BTC,1544896723156,2018-12-15T17:58:43.156Z,sell,1.262e-05,379.0,0.00478298
SUB/BTC,1544896723156,2018-12-15T17:58:43.156Z,sell,1.261e-05,3219.0,0.04059159
SUB/BTC,1544896723156,2018-12-15T17:58:43.156Z,sell,1.26e-05,2191.0,0.0276066
SUB/BTC,1544896742907,2018-12-15T17:59:02.907Z,sell,1.261e-05,210.0,0.0026481
SUB/BTC,1544896777716,2018-12-15T17:59:37.716Z,buy,1.266e-05,789.0,0.00998874
SUB/BTC,1544896855992,2018-12-15T18:00:55.992Z,sell,1.258e-05,600.0,0.007548
SUB/BTC,1544896855992,2018-12-15T18:00:55.992Z,sell,1.257e-05,1491.0,0.01874187
SUB/BTC,1544896855992,2018-12-15T18:00:55.992Z,sell,1.256e-05,1366.0,0.01715696
SUB/BTC,1544896856101,2018-12-15T18:00:56.101Z,buy,1.256e-05,2289.0,0.02874984
SUB/BTC,1544896857310,2018-12-15T18:00:57.310Z,sell,1.259e-05,189.0,0.00237951
SUB/BTC,1544896864568,2018-12-15T18:01:04.568Z,buy,1.263e-05,635.0,0.0080200499999999
SUB/BTC,1544896864568,2018-12-15T18:01:04.568Z,buy,1.264e-05,159.0,0.0020097599999999
SUB/BTC,1544896864643,2018-12-15T18:01:04.643Z,buy,1.264e-05,30.0,0.0003792
SUB/BTC,1544896864643,2018-12-15T18:01:04.643Z,buy,1.265e-05,631.0,0.0079821499999999
SUB/BTC,1544896864643,2018-12-15T18:01:04.643Z,buy,1.266e-05,727.0,0.00920382
SUB/BTC,1544896864643,2018-12-15T18:01:04.643Z,buy,1.268e-05,200.0,0.002536
SUB/BTC,1544896864692,2018-12-15T18:01:04.692Z,buy,1.268e-05,10.0,0.0001268
SUB/BTC,1544896864692,2018-12-15T18:01:04.692Z,buy,1.269e-05,379.0,0.00480951
SUB/BTC,1544896864692,2018-12-15T18:01:04.692Z,buy,1.27e-05,200.0,0.00254
SUB/BTC,1544896864692,2018-12-15T18:01:04.692Z,buy,1.271e-05,187.0,0.00237677
SUB/BTC,1544896864692,2018-12-15T18:01:04.692Z,buy,1.272e-05,18.0,0.00022896
SUB/BTC,1544896864692,2018-12-15T18:01:04.692Z,buy,1.272e-05,373.0,0.00474456
