symbol,timestamp,datetime,side,price,amount,btc_volume
SYS/BTC,1561485561737,2019-06-25T17:59:21.737Z,sell,4.52e-06,778.0,0.0035165599999999
SYS/BTC,1561485575525,2019-06-25T17:59:35.525Z,sell,4.52e-06,771.0,0.00348492
SYS/BTC,1561485595624,2019-06-25T17:59:55.624Z,sell,4.52e-06,776.0,0.00350752
SYS/BTC,1561485616800,2019-06-25T18:00:16.800Z,buy,4.53e-06,77.0,0.0003488099999999
SYS/BTC,1561485645633,2019-06-25T18:00:45.633Z,buy,4.53e-06,358.0,0.00162174
SYS/BTC,1561485656658,2019-06-25T18:00:56.658Z,buy,4.53e-06,2428.0,0.01099884
SYS/BTC,1561485657092,2019-06-25T18:00:57.092Z,buy,4.53e-06,432.0,0.0019569599999999
SYS/BTC,1561485657546,2019-06-25T18:00:57.546Z,buy,4.53e-06,616.0,0.0027904799999999
SYS/BTC,1561485673869,2019-06-25T18:01:13.869Z,buy,4.53e-06,1416.0,0.00641448
SYS/BTC,1561485718557,2019-06-25T18:01:58.557Z,buy,4.54e-06,4398.0,0.01996692
SYS/BTC,1561485735623,2019-06-25T18:02:15.623Z,buy,4.54e-06,14235.0,0.0646269
SYS/BTC,1561485762975,2019-06-25T18:02:42.975Z,buy,4.55e-06,2977.0,0.01354535
SYS/BTC,1561485780583,2019-06-25T18:03:00.583Z,buy,4.55e-06,1904.0,0.0086632
SYS/BTC,1561485785289,2019-06-25T18:03:05.289Z,buy,4.55e-06,326.0,0.0014833
SYS/BTC,1561485785607,2019-06-25T18:03:05.607Z,buy,4.55e-06,241.0,0.00109655
SYS/BTC,1561485786528,2019-06-25T18:03:06.528Z,buy,4.55e-06,1748.0,0.0079534
SYS/BTC,1561485787545,2019-06-25T18:03:07.545Z,buy,4.56e-06,4055.0,0.0184908
SYS/BTC,1561485787545,2019-06-25T18:03:07.545Z,buy,4.57e-06,237.0,0.00108309
SYS/BTC,1561485787545,2019-06-25T18:03:07.545Z,buy,4.58e-06,1748.0,0.00800584
SYS/BTC,1561485787545,2019-06-25T18:03:07.545Z,buy,4.59e-06,41104.0,0.18866736
SYS/BTC,1561485798154,2019-06-25T18:03:18.154Z,buy,4.59e-06,886.0,0.00406674
SYS/BTC,1561485903384,2019-06-25T18:05:03.384Z,buy,4.59e-06,1404.0,0.00644436
SYS/BTC,1561485903384,2019-06-25T18:05:03.384Z,buy,4.6e-06,7127.0,0.0327842
SYS/BTC,1561485903384,2019-06-25T18:05:03.384Z,buy,4.61e-06,8717.0,0.04018537
SYS/BTC,1561485903390,2019-06-25T18:05:03.390Z,buy,4.61e-06,3474.0,0.01601514
SYS/BTC,1561485903390,2019-06-25T18:05:03.390Z,buy,4.62e-06,307.0,0.00141834
SYS/BTC,1561485903445,2019-06-25T18:05:03.445Z,buy,4.62e-06,1324.0,0.00611688
SYS/BTC,1561485903461,2019-06-25T18:05:03.461Z,buy,4.62e-06,1524.0,0.0070408799999999
SYS/BTC,1561485903462,2019-06-25T18:05:03.462Z,buy,4.62e-06,1324.0,0.00611688
SYS/BTC,1561485903621,2019-06-25T18:05:03.621Z,buy,4.62e-06,1975.0,0.0091244999999999
SYS/BTC,1561485904814,2019-06-25T18:05:04.814Z,buy,4.62e-06,599.0,0.00276738
SYS/BTC,1561485964467,2019-06-25T18:06:04.467Z,buy,4.6e-06,1414.0,0.0065044
SYS/BTC,1561485964467,2019-06-25T18:06:04.467Z,buy,4.61e-06,2126.0,0.00980086
SYS/BTC,1561485964467,2019-06-25T18:06:04.467Z,buy,4.62e-06,5828.0,0.02692536
SYS/BTC,1561485964514,2019-06-25T18:06:04.514Z,sell,4.62e-06,973.0,0.00449526
SYS/BTC,1561485964515,2019-06-25T18:06:04.515Z,sell,4.62e-06,325.0,0.0015015
SYS/BTC,1561485977275,2019-06-25T18:06:17.275Z,buy,4.61e-06,1298.0,0.00598378
SYS/BTC,1561485979760,2019-06-25T18:06:19.760Z,sell,4.61e-06,14516.0,0.06691876
SYS/BTC,1561485979760,2019-06-25T18:06:19.760Z,sell,4.58e-06,2246.0,0.01028668
SYS/BTC,1561485979760,2019-06-25T18:06:19.760Z,sell,4.57e-06,2093.0,0.00956501
SYS/BTC,1561485979760,2019-06-25T18:06:19.760Z,sell,4.56e-06,3180.0,0.0145008
SYS/BTC,1561485979760,2019-06-25T18:06:19.760Z,sell,4.55e-06,12454.0,0.0566656999999999
SYS/BTC,1561485984520,2019-06-25T18:06:24.520Z,sell,4.57e-06,922.0,0.00421354
SYS/BTC,1561485984520,2019-06-25T18:06:24.520Z,sell,4.56e-06,25805.0,0.1176708
SYS/BTC,1561485999602,2019-06-25T18:06:39.602Z,buy,4.58e-06,2782.0,0.01274156
SYS/BTC,1561485999605,2019-06-25T18:06:39.605Z,buy,4.59e-06,766.0,0.00351594
SYS/BTC,1561485999605,2019-06-25T18:06:39.605Z,buy,4.6e-06,922.0,0.0042412
SYS/BTC,1561485999605,2019-06-25T18:06:39.605Z,buy,4.61e-06,2782.0,0.01282502
SYS/BTC,1561485999632,2019-06-25T18:06:39.632Z,buy,4.61e-06,2086.0,0.00961646
SYS/BTC,1561486014833,2019-06-25T18:06:54.833Z,buy,4.6e-06,82.0,0.0003772
SYS/BTC,1561486083009,2019-06-25T18:08:03.009Z,sell,4.58e-06,916.0,0.00419528
SYS/BTC,1561486090359,2019-06-25T18:08:10.359Z,buy,4.58e-06,569.0,0.00260602
SYS/BTC,1561486123155,2019-06-25T18:08:43.155Z,sell,4.57e-06,14243.0,0.06509051
SYS/BTC,1561486143554,2019-06-25T18:09:03.554Z,sell,4.56e-06,1215.0,0.0055404
SYS/BTC,1561486153208,2019-06-25T18:09:13.208Z,buy,4.57e-06,5607.0,0.02562399
SYS/BTC,1561486195848,2019-06-25T18:09:55.848Z,sell,4.57e-06,231.0,0.00105567
SYS/BTC,1561486209622,2019-06-25T18:10:09.622Z,sell,4.57e-06,886.0,0.00404902
SYS/BTC,1561486213144,2019-06-25T18:10:13.144Z,sell,4.57e-06,500.0,0.002285
SYS/BTC,1561486234470,2019-06-25T18:10:34.470Z,buy,4.58e-06,352.0,0.00161216
SYS/BTC,1561486243719,2019-06-25T18:10:43.719Z,buy,4.58e-06,2666.0,0.01221028
SYS/BTC,1561486324986,2019-06-25T18:12:04.986Z,buy,4.6e-06,434.0,0.0019964
SYS/BTC,1561486334175,2019-06-25T18:12:14.175Z,sell,4.59e-06,8280.0,0.0380052
SYS/BTC,1561486342719,2019-06-25T18:12:22.719Z,sell,4.59e-06,4893.0,0.02245887
SYS/BTC,1561486343832,2019-06-25T18:12:23.832Z,buy,4.6e-06,8260.0,0.037996
SYS/BTC,1561486348048,2019-06-25T18:12:28.048Z,buy,4.6e-06,60050.0,0.27623
SYS/BTC,1561486364551,2019-06-25T18:12:44.551Z,buy,4.6e-06,1256.0,0.0057776
SYS/BTC,1561486460827,2019-06-25T18:14:20.827Z,sell,4.59e-06,3682.0,0.01690038
SYS/BTC,1561486529696,2019-06-25T18:15:29.696Z,buy,4.61e-06,78.0,0.0003595799999999
SYS/BTC,1561486637598,2019-06-25T18:17:17.598Z,buy,4.6e-06,294.0,0.0013524
SYS/BTC,1561486637598,2019-06-25T18:17:17.598Z,buy,4.61e-06,1072.0,0.00494192
SYS/BTC,1561486637623,2019-06-25T18:17:17.623Z,sell,4.61e-06,8121.0,0.03743781
SYS/BTC,1561486637847,2019-06-25T18:17:17.847Z,sell,4.61e-06,240.0,0.0011064
SYS/BTC,1561486639703,2019-06-25T18:17:19.703Z,sell,4.61e-06,2027.0,0.00934447
SYS/BTC,1561486657483,2019-06-25T18:17:37.483Z,sell,4.61e-06,243.0,0.00112023
SYS/BTC,1561486668128,2019-06-25T18:17:48.128Z,buy,4.62e-06,7255.0,0.0335181
SYS/BTC,1561486670662,2019-06-25T18:17:50.662Z,buy,4.62e-06,3033.0,0.01401246
SYS/BTC,1561486670662,2019-06-25T18:17:50.662Z,buy,4.63e-06,19394.0,0.08979422
SYS/BTC,1561486671184,2019-06-25T18:17:51.184Z,sell,4.63e-06,412.0,0.00190756
SYS/BTC,1561486671286,2019-06-25T18:17:51.286Z,sell,4.64e-06,904.0,0.00419456
SYS/BTC,1561486671321,2019-06-25T18:17:51.321Z,sell,4.63e-06,904.0,0.00418552
SYS/BTC,1561486676389,2019-06-25T18:17:56.389Z,buy,4.64e-06,331.0,0.00153584
SYS/BTC,1561486676389,2019-06-25T18:17:56.389Z,buy,4.65e-06,1046.0,0.0048639
SYS/BTC,1561486676448,2019-06-25T18:17:56.448Z,sell,4.65e-06,788.0,0.0036642
SYS/BTC,1561486676955,2019-06-25T18:17:56.955Z,sell,4.65e-06,1149.0,0.00534285
SYS/BTC,1561486681705,2019-06-25T18:18:01.705Z,sell,4.65e-06,223.0,0.00103695
SYS/BTC,1561486683683,2019-06-25T18:18:03.683Z,sell,4.65e-06,921.0,0.00428265
SYS/BTC,1561486704085,2019-06-25T18:18:24.085Z,sell,4.61e-06,480.0,0.0022128
SYS/BTC,1561486706026,2019-06-25T18:18:26.026Z,sell,4.62e-06,1089.0,0.00503118
SYS/BTC,1561486707129,2019-06-25T18:18:27.129Z,sell,4.62e-06,480.0,0.0022176
SYS/BTC,1561486726229,2019-06-25T18:18:46.229Z,buy,4.63e-06,2893.0,0.01339459
SYS/BTC,1561486733025,2019-06-25T18:18:53.025Z,buy,4.63e-06,1505.0,0.0069681499999999
SYS/BTC,1561486789360,2019-06-25T18:19:49.360Z,sell,4.63e-06,2532.0,0.01172316
SYS/BTC,1561486789360,2019-06-25T18:19:49.360Z,sell,4.62e-06,4378.0,0.02022636
SYS/BTC,1561486824732,2019-06-25T18:20:24.732Z,buy,4.63e-06,474.0,0.00219462
SYS/BTC,1561486860249,2019-06-25T18:21:00.249Z,buy,4.66e-06,2929.0,0.01364914
SYS/BTC,1561486860249,2019-06-25T18:21:00.249Z,buy,4.67e-06,260.0,0.0012142
SYS/BTC,1561486860308,2019-06-25T18:21:00.308Z,sell,4.67e-06,817.0,0.00381539
SYS/BTC,1561486860335,2019-06-25T18:21:00.335Z,sell,4.67e-06,272.0,0.00127024
SYS/BTC,1561486860364,2019-06-25T18:21:00.364Z,sell,4.67e-06,785.0,0.00366595
SYS/BTC,1561486860833,2019-06-25T18:21:00.833Z,sell,4.67e-06,6021.0,0.02811807
SYS/BTC,1561486861032,2019-06-25T18:21:01.032Z,sell,4.67e-06,228.0,0.00106476
SYS/BTC,1561486861274,2019-06-25T18:21:01.274Z,sell,4.67e-06,1852.0,0.00864884
SYS/BTC,1561486864768,2019-06-25T18:21:04.768Z,sell,4.66e-06,2817.0,0.01312722
SYS/BTC,1561486865404,2019-06-25T18:21:05.404Z,sell,4.66e-06,473.0,0.00220418
SYS/BTC,1561486873560,2019-06-25T18:21:13.560Z,sell,4.66e-06,269.0,0.00125354
SYS/BTC,1561486883314,2019-06-25T18:21:23.314Z,buy,4.67e-06,886.0,0.00413762
SYS/BTC,1561486883314,2019-06-25T18:21:23.314Z,buy,4.68e-06,2368.0,0.01108224
SYS/BTC,1561486925360,2019-06-25T18:22:05.360Z,sell,4.66e-06,327.0,0.00152382
SYS/BTC,1561486936187,2019-06-25T18:22:16.187Z,sell,4.66e-06,603.0,0.00280998
SYS/BTC,1561486945269,2019-06-25T18:22:25.269Z,sell,4.66e-06,327.0,0.00152382
SYS/BTC,1561486992667,2019-06-25T18:23:12.667Z,sell,4.67e-06,901.0,0.00420767
SYS/BTC,1561486992667,2019-06-25T18:23:12.667Z,sell,4.66e-06,2349.0,0.01094634
SYS/BTC,1561486995481,2019-06-25T18:23:15.481Z,buy,4.68e-06,227.0,0.00106236
SYS/BTC,1561487020089,2019-06-25T18:23:40.089Z,buy,4.68e-06,495.0,0.0023166
SYS/BTC,1561487020089,2019-06-25T18:23:40.089Z,buy,4.69e-06,8672.0,0.04067168
SYS/BTC,1561487023792,2019-06-25T18:23:43.792Z,buy,4.69e-06,1194.0,0.00559986
SYS/BTC,1561487023792,2019-06-25T18:23:43.792Z,buy,4.7e-06,26250.0,0.123375
SYS/BTC,1561487067069,2019-06-25T18:24:27.069Z,buy,4.7e-06,1136.0,0.0053392
SYS/BTC,1561487067069,2019-06-25T18:24:27.069Z,buy,4.71e-06,2229.0,0.01049859
SYS/BTC,1561487067069,2019-06-25T18:24:27.069Z,buy,4.72e-06,2359.0,0.0111344799999999
SYS/BTC,1561487067069,2019-06-25T18:24:27.069Z,buy,4.73e-06,233.0,0.00110209
SYS/BTC,1561487067069,2019-06-25T18:24:27.069Z,buy,4.74e-06,13410.0,0.0635634
SYS/BTC,1561487067069,2019-06-25T18:24:27.069Z,buy,4.75e-06,4473.0,0.02124675
SYS/BTC,1561487067069,2019-06-25T18:24:27.069Z,buy,4.76e-06,13590.0,0.0646884
SYS/BTC,1561487067069,2019-06-25T18:24:27.069Z,buy,4.77e-06,15552.0,0.07418304
SYS/BTC,1561487067069,2019-06-25T18:24:27.069Z,buy,4.78e-06,6188.0,0.02957864
SYS/BTC,1561487068240,2019-06-25T18:24:28.240Z,buy,4.71e-06,237.0,0.00111627
SYS/BTC,1561487068536,2019-06-25T18:24:28.536Z,sell,4.7e-06,237.0,0.0011139
SYS/BTC,1561487069022,2019-06-25T18:24:29.022Z,buy,4.69e-06,237.0,0.00111153
SYS/BTC,1561487069047,2019-06-25T18:24:29.047Z,sell,4.7e-06,508.0,0.0023876
SYS/BTC,1561487069115,2019-06-25T18:24:29.115Z,sell,4.67e-06,508.0,0.00237236
SYS/BTC,1561487073093,2019-06-25T18:24:33.093Z,buy,4.7e-06,436.0,0.0020492
SYS/BTC,1561487077220,2019-06-25T18:24:37.220Z,buy,4.7e-06,72.0,0.0003384
SYS/BTC,1561487077238,2019-06-25T18:24:37.238Z,sell,4.7e-06,8873.0,0.0417031
SYS/BTC,1561487077619,2019-06-25T18:24:37.619Z,buy,4.7e-06,689.0,0.0032383
SYS/BTC,1561487085969,2019-06-25T18:24:45.969Z,buy,4.7e-06,593.0,0.0027871
SYS/BTC,1561487110533,2019-06-25T18:25:10.533Z,buy,4.7e-06,219.0,0.0010293
SYS/BTC,1561487110533,2019-06-25T18:25:10.533Z,buy,4.71e-06,10046.0,0.0473166599999999
SYS/BTC,1561487122102,2019-06-25T18:25:22.102Z,sell,4.68e-06,618.0,0.00289224
SYS/BTC,1561487128223,2019-06-25T18:25:28.223Z,buy,4.71e-06,7526.0,0.03544746
SYS/BTC,1561487141477,2019-06-25T18:25:41.477Z,sell,4.71e-06,3314.0,0.01560894
SYS/BTC,1561487141477,2019-06-25T18:25:41.477Z,sell,4.71e-06,1105.0,0.00520455
SYS/BTC,1561487141496,2019-06-25T18:25:41.496Z,sell,4.69e-06,890.0,0.0041741
SYS/BTC,1561487141496,2019-06-25T18:25:41.496Z,sell,4.68e-06,826.0,0.00386568
SYS/BTC,1561487141529,2019-06-25T18:25:41.529Z,sell,4.68e-06,217.0,0.00101556
SYS/BTC,1561487159039,2019-06-25T18:25:59.039Z,buy,4.71e-06,1907.0,0.0089819699999999
SYS/BTC,1561487161810,2019-06-25T18:26:01.810Z,sell,4.71e-06,218.0,0.00102678
SYS/BTC,1561487176539,2019-06-25T18:26:16.539Z,sell,4.72e-06,1947.0,0.00918984
SYS/BTC,1561487176808,2019-06-25T18:26:16.808Z,sell,4.72e-06,230.0,0.0010856
SYS/BTC,1561487180631,2019-06-25T18:26:20.631Z,buy,4.73e-06,1556.0,0.0073598799999999
SYS/BTC,1561487196661,2019-06-25T18:26:36.661Z,sell,4.71e-06,533.0,0.0025104299999999
SYS/BTC,1561487197850,2019-06-25T18:26:37.850Z,sell,4.71e-06,533.0,0.0025104299999999
SYS/BTC,1561487199456,2019-06-25T18:26:39.456Z,sell,4.71e-06,533.0,0.0025104299999999
SYS/BTC,1561487200672,2019-06-25T18:26:40.672Z,sell,4.71e-06,533.0,0.0025104299999999
SYS/BTC,1561487202102,2019-06-25T18:26:42.102Z,sell,4.71e-06,220.0,0.0010362
SYS/BTC,1561487205538,2019-06-25T18:26:45.538Z,sell,4.7e-06,1498.0,0.0070406
SYS/BTC,1561487222299,2019-06-25T18:27:02.299Z,sell,4.7e-06,217.0,0.0010199
SYS/BTC,1561487267545,2019-06-25T18:27:47.545Z,buy,4.71e-06,47.0,0.00022137
SYS/BTC,1561487267953,2019-06-25T18:27:47.953Z,buy,4.72e-06,330.0,0.0015576
SYS/BTC,1561487280393,2019-06-25T18:28:00.393Z,buy,4.72e-06,3807.0,0.01796904
SYS/BTC,1561487281540,2019-06-25T18:28:01.540Z,sell,4.72e-06,350.0,0.0016519999999999
SYS/BTC,1561487282529,2019-06-25T18:28:02.529Z,sell,4.72e-06,997.0,0.0047058399999999
SYS/BTC,1561487285428,2019-06-25T18:28:05.428Z,buy,4.72e-06,300.0,0.001416
SYS/BTC,1561487286016,2019-06-25T18:28:06.016Z,buy,4.72e-06,305.0,0.0014395999999999
SYS/BTC,1561487291141,2019-06-25T18:28:11.141Z,buy,4.72e-06,229.0,0.00108088
SYS/BTC,1561487291487,2019-06-25T18:28:11.487Z,buy,4.72e-06,231.0,0.0010903199999999
SYS/BTC,1561487291487,2019-06-25T18:28:11.487Z,buy,4.73e-06,3721.0,0.0176003299999999
SYS/BTC,1561487296377,2019-06-25T18:28:16.377Z,sell,4.71e-06,533.0,0.0025104299999999
SYS/BTC,1561487297521,2019-06-25T18:28:17.521Z,sell,4.71e-06,533.0,0.0025104299999999
SYS/BTC,1561487298793,2019-06-25T18:28:18.793Z,sell,4.71e-06,533.0,0.0025104299999999
SYS/BTC,1561487299999,2019-06-25T18:28:19.999Z,sell,4.71e-06,533.0,0.0025104299999999
SYS/BTC,1561487301816,2019-06-25T18:28:21.816Z,sell,4.71e-06,533.0,0.0025104299999999
SYS/BTC,1561487333001,2019-06-25T18:28:53.001Z,sell,4.72e-06,344.0,0.00162368
SYS/BTC,1561487333338,2019-06-25T18:28:53.338Z,sell,4.71e-06,344.0,0.00162024
SYS/BTC,1561487352313,2019-06-25T18:29:12.313Z,sell,4.71e-06,533.0,0.0025104299999999
SYS/BTC,1561487377818,2019-06-25T18:29:37.818Z,sell,4.71e-06,127.0,0.00059817
SYS/BTC,1561487377818,2019-06-25T18:29:37.818Z,sell,4.7e-06,556.0,0.0026132
SYS/BTC,1561487377825,2019-06-25T18:29:37.825Z,sell,4.7e-06,2277.0,0.0107019
SYS/BTC,1561487378243,2019-06-25T18:29:38.243Z,sell,4.7e-06,453.0,0.0021291
SYS/BTC,1561487380389,2019-06-25T18:29:40.389Z,sell,4.7e-06,1128.0,0.0053016
SYS/BTC,1561487382803,2019-06-25T18:29:42.803Z,sell,4.69e-06,10000.0,0.0469
SYS/BTC,1561487382803,2019-06-25T18:29:42.803Z,sell,4.68e-06,31665.0,0.1481922
SYS/BTC,1561487385134,2019-06-25T18:29:45.134Z,sell,4.7e-06,2000.0,0.0094
SYS/BTC,1561487385134,2019-06-25T18:29:45.134Z,sell,4.69e-06,3384.0,0.01587096
SYS/BTC,1561487385134,2019-06-25T18:29:45.134Z,sell,4.68e-06,3888.0,0.01819584
SYS/BTC,1561487385134,2019-06-25T18:29:45.134Z,sell,4.67e-06,235.0,0.00109745
SYS/BTC,1561487385134,2019-06-25T18:29:45.134Z,sell,4.66e-06,2493.0,0.01161738
SYS/BTC,1561487392853,2019-06-25T18:29:52.853Z,sell,4.7e-06,1191.0,0.0055977
SYS/BTC,1561487395021,2019-06-25T18:29:55.021Z,buy,4.7e-06,593.0,0.0027871
SYS/BTC,1561487428503,2019-06-25T18:30:28.503Z,sell,4.7e-06,5420.0,0.025474
SYS/BTC,1561487431767,2019-06-25T18:30:31.767Z,sell,4.67e-06,3026.0,0.01413142
SYS/BTC,1561487433571,2019-06-25T18:30:33.571Z,sell,4.67e-06,856.0,0.00399752
SYS/BTC,1561487437977,2019-06-25T18:30:37.977Z,sell,4.67e-06,539.0,0.00251713
SYS/BTC,1561487443106,2019-06-25T18:30:43.106Z,sell,4.67e-06,4805.0,0.02243935
SYS/BTC,1561487454114,2019-06-25T18:30:54.114Z,sell,4.67e-06,2034.0,0.00949878
SYS/BTC,1561487454114,2019-06-25T18:30:54.114Z,sell,4.66e-06,14955.0,0.0696903
SYS/BTC,1561487461945,2019-06-25T18:31:01.945Z,sell,4.65e-06,356.0,0.0016554
SYS/BTC,1561487463133,2019-06-25T18:31:03.133Z,sell,4.66e-06,327.0,0.00152382
SYS/BTC,1561487465550,2019-06-25T18:31:05.550Z,sell,4.66e-06,745.0,0.0034717
SYS/BTC,1561487467233,2019-06-25T18:31:07.233Z,sell,4.66e-06,1000.0,0.00466
SYS/BTC,1561487482457,2019-06-25T18:31:22.457Z,sell,4.66e-06,1716.0,0.00799656
SYS/BTC,1561487485480,2019-06-25T18:31:25.480Z,sell,4.65e-06,461.0,0.00214365
SYS/BTC,1561487486611,2019-06-25T18:31:26.611Z,sell,4.64e-06,5367.0,0.02490288
SYS/BTC,1561487486611,2019-06-25T18:31:26.611Z,sell,4.63e-06,19553.0,0.0905303899999999
SYS/BTC,1561487486611,2019-06-25T18:31:26.611Z,sell,4.62e-06,13258.0,0.0612519599999999
SYS/BTC,1561487486611,2019-06-25T18:31:26.611Z,sell,4.61e-06,8919.0,0.04111659
SYS/BTC,1561487488958,2019-06-25T18:31:28.958Z,sell,4.64e-06,1940.0,0.0090015999999999
SYS/BTC,1561487576029,2019-06-25T18:32:56.029Z,buy,4.65e-06,430.0,0.0019995
SYS/BTC,1561487616819,2019-06-25T18:33:36.819Z,sell,4.63e-06,761.0,0.0035234299999999
SYS/BTC,1561487623034,2019-06-25T18:33:43.034Z,buy,4.65e-06,5641.0,0.02623065
SYS/BTC,1561487631810,2019-06-25T18:33:51.810Z,sell,4.65e-06,761.0,0.00353865
SYS/BTC,1561487645779,2019-06-25T18:34:05.779Z,buy,4.66e-06,4394.0,0.02047604
SYS/BTC,1561487659122,2019-06-25T18:34:19.122Z,buy,4.68e-06,1740.0,0.0081432
SYS/BTC,1561487704525,2019-06-25T18:35:04.525Z,buy,4.69e-06,593.0,0.00278117
SYS/BTC,1561487704525,2019-06-25T18:35:04.525Z,buy,4.7e-06,2237.0,0.0105139
SYS/BTC,1561487704525,2019-06-25T18:35:04.525Z,buy,4.71e-06,12931.0,0.0609050099999999
SYS/BTC,1561487704525,2019-06-25T18:35:04.525Z,buy,4.72e-06,7374.0,0.03480528
SYS/BTC,1561487704525,2019-06-25T18:35:04.525Z,buy,4.73e-06,2279.0,0.01077967
SYS/BTC,1561487704525,2019-06-25T18:35:04.525Z,buy,4.74e-06,237.0,0.00112338
SYS/BTC,1561487704525,2019-06-25T18:35:04.525Z,buy,4.77e-06,13944.0,0.06651288
SYS/BTC,1561487704525,2019-06-25T18:35:04.525Z,buy,4.78e-06,10650.0,0.050907
SYS/BTC,1561487704759,2019-06-25T18:35:04.759Z,buy,4.71e-06,521.0,0.0024539099999999
SYS/BTC,1561487704789,2019-06-25T18:35:04.789Z,buy,4.71e-06,742.0,0.00349482
SYS/BTC,1561487706876,2019-06-25T18:35:06.876Z,buy,4.71e-06,11974.0,0.0563975399999999
SYS/BTC,1561487708924,2019-06-25T18:35:08.924Z,buy,4.71e-06,3992.0,0.01880232
SYS/BTC,1561487773912,2019-06-25T18:36:13.912Z,buy,4.71e-06,2996.0,0.01411116
SYS/BTC,1561487808267,2019-06-25T18:36:48.267Z,sell,4.7e-06,237.0,0.0011139
SYS/BTC,1561487850278,2019-06-25T18:37:30.278Z,buy,4.71e-06,1743.0,0.00820953
SYS/BTC,1561487852690,2019-06-25T18:37:32.690Z,buy,4.73e-06,1263.0,0.0059739899999999
SYS/BTC,1561487852690,2019-06-25T18:37:32.690Z,buy,4.74e-06,1095.0,0.0051903
SYS/BTC,1561487852690,2019-06-25T18:37:32.690Z,buy,4.75e-06,4506.0,0.0214035
SYS/BTC,1561487852690,2019-06-25T18:37:32.690Z,buy,4.78e-06,40334.0,0.19279652
SYS/BTC,1561487854348,2019-06-25T18:37:34.348Z,buy,4.73e-06,740.0,0.0035001999999999
SYS/BTC,1561487855329,2019-06-25T18:37:35.329Z,buy,4.73e-06,700.0,0.0033109999999999
SYS/BTC,1561487856306,2019-06-25T18:37:36.306Z,sell,4.72e-06,533.0,0.0025157599999999
SYS/BTC,1561487857920,2019-06-25T18:37:37.920Z,sell,4.72e-06,358.0,0.0016897599999999
SYS/BTC,1561487857920,2019-06-25T18:37:37.920Z,sell,4.71e-06,175.0,0.00082425
SYS/BTC,1561487859465,2019-06-25T18:37:39.465Z,sell,4.71e-06,533.0,0.0025104299999999
SYS/BTC,1561487860752,2019-06-25T18:37:40.752Z,sell,4.71e-06,533.0,0.0025104299999999
SYS/BTC,1561487862238,2019-06-25T18:37:42.238Z,sell,4.71e-06,533.0,0.0025104299999999
SYS/BTC,1561487863680,2019-06-25T18:37:43.680Z,sell,4.71e-06,533.0,0.0025104299999999
SYS/BTC,1561487864880,2019-06-25T18:37:44.880Z,sell,4.71e-06,533.0,0.0025104299999999
SYS/BTC,1561487875744,2019-06-25T18:37:55.744Z,buy,4.73e-06,490.0,0.0023177
SYS/BTC,1561487878195,2019-06-25T18:37:58.195Z,sell,4.73e-06,311.0,0.00147103
SYS/BTC,1561487878980,2019-06-25T18:37:58.980Z,sell,4.73e-06,891.0,0.00421443
SYS/BTC,1561487881205,2019-06-25T18:38:01.205Z,sell,4.72e-06,1059.0,0.00499848
SYS/BTC,1561487888500,2019-06-25T18:38:08.500Z,sell,4.73e-06,1057.0,0.00499961
SYS/BTC,1561487905899,2019-06-25T18:38:25.899Z,buy,4.72e-06,231.0,0.0010903199999999
SYS/BTC,1561488018999,2019-06-25T18:40:18.999Z,buy,4.71e-06,214.0,0.00100794
SYS/BTC,1561488048866,2019-06-25T18:40:48.866Z,buy,4.71e-06,317.0,0.00149307
SYS/BTC,1561488094099,2019-06-25T18:41:34.099Z,sell,4.7e-06,234.0,0.0010998
SYS/BTC,1561488094492,2019-06-25T18:41:34.492Z,sell,4.7e-06,3.0,1.41e-05
SYS/BTC,1561488094492,2019-06-25T18:41:34.492Z,sell,4.69e-06,12678.0,0.05945982
SYS/BTC,1561488094539,2019-06-25T18:41:34.539Z,sell,4.68e-06,1057.0,0.00494676
SYS/BTC,1561488095479,2019-06-25T18:41:35.479Z,sell,4.68e-06,739.0,0.00345852
SYS/BTC,1561488102649,2019-06-25T18:41:42.649Z,sell,4.68e-06,10296.0,0.04818528
SYS/BTC,1561488102649,2019-06-25T18:41:42.649Z,sell,4.67e-06,2911.0,0.01359437
SYS/BTC,1561488102649,2019-06-25T18:41:42.649Z,sell,4.66e-06,217.0,0.00101122
SYS/BTC,1561488102649,2019-06-25T18:41:42.649Z,sell,4.65e-06,6925.0,0.03220125
SYS/BTC,1561488102649,2019-06-25T18:41:42.649Z,sell,4.64e-06,434.0,0.00201376
SYS/BTC,1561488102667,2019-06-25T18:41:42.667Z,buy,4.65e-06,2912.0,0.0135408
SYS/BTC,1561488102667,2019-06-25T18:41:42.667Z,buy,4.65e-06,982.0,0.0045663
SYS/BTC,1561488102696,2019-06-25T18:41:42.696Z,buy,4.68e-06,317.0,0.00148356
SYS/BTC,1561488102696,2019-06-25T18:41:42.696Z,buy,4.69e-06,2594.0,0.01216586
SYS/BTC,1561488105889,2019-06-25T18:41:45.889Z,sell,4.66e-06,323.0,0.00150518
SYS/BTC,1561488105889,2019-06-25T18:41:45.889Z,sell,4.64e-06,659.0,0.0030577599999999
SYS/BTC,1561488107892,2019-06-25T18:41:47.892Z,sell,4.64e-06,7170.0,0.0332687999999999
SYS/BTC,1561488107892,2019-06-25T18:41:47.892Z,sell,4.63e-06,26397.0,0.1222181099999999
SYS/BTC,1561488107892,2019-06-25T18:41:47.892Z,sell,4.62e-06,1503.0,0.00694386
SYS/BTC,1561488107892,2019-06-25T18:41:47.892Z,sell,4.61e-06,12081.0,0.05569341
SYS/BTC,1561488113535,2019-06-25T18:41:53.535Z,sell,4.64e-06,24103.0,0.11183792
SYS/BTC,1561488113535,2019-06-25T18:41:53.535Z,sell,4.62e-06,3599.0,0.01662738
SYS/BTC,1561488113535,2019-06-25T18:41:53.535Z,sell,4.61e-06,16569.0,0.07638309
SYS/BTC,1561488124586,2019-06-25T18:42:04.586Z,sell,4.62e-06,288.0,0.00133056
SYS/BTC,1561488125908,2019-06-25T18:42:05.908Z,sell,4.62e-06,2915.0,0.0134673
SYS/BTC,1561488129176,2019-06-25T18:42:09.176Z,buy,4.63e-06,690.0,0.0031947
SYS/BTC,1561488130185,2019-06-25T18:42:10.185Z,buy,4.63e-06,579.0,0.00268077
SYS/BTC,1561488130242,2019-06-25T18:42:10.242Z,buy,4.63e-06,1723.0,0.00797749
SYS/BTC,1561488136442,2019-06-25T18:42:16.442Z,buy,4.63e-06,579.0,0.00268077
SYS/BTC,1561488144474,2019-06-25T18:42:24.474Z,sell,4.61e-06,4569.0,0.02106309
SYS/BTC,1561488153593,2019-06-25T18:42:33.593Z,sell,4.61e-06,17917.0,0.08259737
SYS/BTC,1561488157348,2019-06-25T18:42:37.348Z,sell,4.62e-06,2993.0,0.01382766
SYS/BTC,1561488160904,2019-06-25T18:42:40.904Z,sell,4.62e-06,8717.0,0.0402725399999999
SYS/BTC,1561488160904,2019-06-25T18:42:40.904Z,sell,4.61e-06,27145.0,0.1251384499999999
SYS/BTC,1561488162181,2019-06-25T18:42:42.181Z,buy,4.61e-06,865.0,0.00398765
SYS/BTC,1561488162443,2019-06-25T18:42:42.443Z,sell,4.6e-06,1373.0,0.0063158
SYS/BTC,1561488162443,2019-06-25T18:42:42.443Z,sell,4.59e-06,3034.0,0.01392606
SYS/BTC,1561488162443,2019-06-25T18:42:42.443Z,sell,4.58e-06,149.0,0.00068242
SYS/BTC,1561488163869,2019-06-25T18:42:43.869Z,sell,4.6e-06,317.0,0.0014582
SYS/BTC,1561488167464,2019-06-25T18:42:47.464Z,buy,4.61e-06,52.0,0.00023972
SYS/BTC,1561488167464,2019-06-25T18:42:47.464Z,buy,4.62e-06,893.0,0.00412566
SYS/BTC,1561488167464,2019-06-25T18:42:47.464Z,buy,4.63e-06,3478.0,0.01610314
SYS/BTC,1561488167464,2019-06-25T18:42:47.464Z,buy,4.65e-06,427.0,0.00198555
SYS/BTC,1561488221158,2019-06-25T18:43:41.158Z,sell,4.6e-06,279.0,0.0012834
SYS/BTC,1561488268220,2019-06-25T18:44:28.220Z,sell,4.6e-06,752.0,0.0034592
SYS/BTC,1561488278374,2019-06-25T18:44:38.374Z,sell,4.6e-06,2783.0,0.0128018
SYS/BTC,1561488279465,2019-06-25T18:44:39.465Z,sell,4.59e-06,1525.0,0.00699975
SYS/BTC,1561488293142,2019-06-25T18:44:53.142Z,sell,4.59e-06,754.0,0.00346086
SYS/BTC,1561488303191,2019-06-25T18:45:03.191Z,sell,4.59e-06,688.0,0.00315792
SYS/BTC,1561488310453,2019-06-25T18:45:10.453Z,sell,4.58e-06,491.0,0.00224878
SYS/BTC,1561488313270,2019-06-25T18:45:13.270Z,sell,4.58e-06,7343.0,0.03363094
SYS/BTC,1561488437666,2019-06-25T18:47:17.666Z,sell,4.58e-06,7061.0,0.03233938
SYS/BTC,1561488437708,2019-06-25T18:47:17.708Z,buy,4.58e-06,1875.0,0.0085875
SYS/BTC,1561488485922,2019-06-25T18:48:05.922Z,buy,4.59e-06,327.0,0.00150093
SYS/BTC,1561488621215,2019-06-25T18:50:21.215Z,sell,4.57e-06,2663.0,0.01216991
SYS/BTC,1561488621215,2019-06-25T18:50:21.215Z,sell,4.55e-06,1501.0,0.0068295499999999
SYS/BTC,1561488621215,2019-06-25T18:50:21.215Z,sell,4.53e-06,9610.0,0.0435333
SYS/BTC,1561488621215,2019-06-25T18:50:21.215Z,sell,4.52e-06,25943.0,0.11726236
SYS/BTC,1561488621233,2019-06-25T18:50:21.233Z,buy,4.55e-06,1211.0,0.00551005
SYS/BTC,1561488621235,2019-06-25T18:50:21.235Z,buy,4.55e-06,1211.0,0.00551005
SYS/BTC,1561488621239,2019-06-25T18:50:21.239Z,buy,4.55e-06,1211.0,0.00551005
SYS/BTC,1561488621239,2019-06-25T18:50:21.239Z,buy,4.55e-06,1211.0,0.00551005
SYS/BTC,1561488621245,2019-06-25T18:50:21.245Z,buy,4.55e-06,1213.0,0.00551915
SYS/BTC,1561488621245,2019-06-25T18:50:21.245Z,buy,4.55e-06,1213.0,0.00551915
SYS/BTC,1561488621250,2019-06-25T18:50:21.250Z,buy,4.55e-06,1386.0,0.0063063
SYS/BTC,1561488621254,2019-06-25T18:50:21.254Z,buy,4.55e-06,953.0,0.0043361499999999
SYS/BTC,1561488621264,2019-06-25T18:50:21.264Z,buy,4.55e-06,1213.0,0.00551915
SYS/BTC,1561488621269,2019-06-25T18:50:21.269Z,buy,4.55e-06,1213.0,0.00551915
SYS/BTC,1561488621271,2019-06-25T18:50:21.271Z,buy,4.55e-06,887.0,0.00403585
SYS/BTC,1561488621274,2019-06-25T18:50:21.274Z,buy,4.55e-06,1213.0,0.00551915
SYS/BTC,1561488621332,2019-06-25T18:50:21.332Z,sell,4.53e-06,1213.0,0.00549489
SYS/BTC,1561488621379,2019-06-25T18:50:21.379Z,sell,4.53e-06,342.0,0.00154926
SYS/BTC,1561488622231,2019-06-25T18:50:22.231Z,buy,4.55e-06,68.0,0.0003094
SYS/BTC,1561488623635,2019-06-25T18:50:23.635Z,sell,4.53e-06,1052.0,0.0047655599999999
SYS/BTC,1561488628129,2019-06-25T18:50:28.129Z,buy,4.55e-06,2550.0,0.0116024999999999
SYS/BTC,1561488629157,2019-06-25T18:50:29.157Z,sell,4.53e-06,281.0,0.00127293
SYS/BTC,1561488633228,2019-06-25T18:50:33.228Z,buy,4.52e-06,749.0,0.0033854799999999
SYS/BTC,1561488634332,2019-06-25T18:50:34.332Z,buy,4.52e-06,752.0,0.00339904
SYS/BTC,1561488634473,2019-06-25T18:50:34.473Z,sell,4.51e-06,750.0,0.0033825
SYS/BTC,1561488634840,2019-06-25T18:50:34.840Z,sell,4.51e-06,749.0,0.00337799
SYS/BTC,1561488635369,2019-06-25T18:50:35.369Z,buy,4.52e-06,235.0,0.0010622
SYS/BTC,1561488636357,2019-06-25T18:50:36.357Z,sell,4.51e-06,750.0,0.0033825
SYS/BTC,1561488637366,2019-06-25T18:50:37.366Z,buy,4.52e-06,4276.0,0.01932752
SYS/BTC,1561488638402,2019-06-25T18:50:38.402Z,sell,4.51e-06,4850.0,0.0218735
SYS/BTC,1561488654541,2019-06-25T18:50:54.541Z,buy,4.53e-06,3555.0,0.01610415
SYS/BTC,1561488670854,2019-06-25T18:51:10.854Z,buy,4.54e-06,916.0,0.00415864
SYS/BTC,1561488670854,2019-06-25T18:51:10.854Z,buy,4.55e-06,12100.0,0.0550549999999999
SYS/BTC,1561488677528,2019-06-25T18:51:17.528Z,buy,4.55e-06,29106.0,0.1324323
SYS/BTC,1561488677866,2019-06-25T18:51:17.866Z,sell,4.55e-06,749.0,0.00340795
SYS/BTC,1561488701714,2019-06-25T18:51:41.714Z,sell,4.55e-06,506.0,0.0023022999999999
SYS/BTC,1561488707539,2019-06-25T18:51:47.539Z,sell,4.55e-06,16125.0,0.07336875
SYS/BTC,1561488725130,2019-06-25T18:52:05.130Z,buy,4.57e-06,1220.0,0.0055754
SYS/BTC,1561488728729,2019-06-25T18:52:08.729Z,buy,4.58e-06,75.0,0.0003435
SYS/BTC,1561488729925,2019-06-25T18:52:09.925Z,buy,4.58e-06,2266.0,0.01037828
SYS/BTC,1561488730020,2019-06-25T18:52:10.020Z,sell,4.59e-06,521.0,0.00239139
SYS/BTC,1561488730028,2019-06-25T18:52:10.028Z,sell,4.59e-06,391.0,0.00179469
SYS/BTC,1561488730028,2019-06-25T18:52:10.028Z,sell,4.58e-06,1600.0,0.007328
SYS/BTC,1561488730051,2019-06-25T18:52:10.051Z,sell,4.58e-06,1211.0,0.00554638
SYS/BTC,1561488730055,2019-06-25T18:52:10.055Z,sell,4.58e-06,684.0,0.00313272
SYS/BTC,1561488730055,2019-06-25T18:52:10.055Z,sell,4.58e-06,1211.0,0.00554638
SYS/BTC,1561488732088,2019-06-25T18:52:12.088Z,buy,4.6e-06,1349.0,0.0062054
SYS/BTC,1561488732088,2019-06-25T18:52:12.088Z,buy,4.61e-06,12022.0,0.05542142
SYS/BTC,1561488732088,2019-06-25T18:52:12.088Z,buy,4.62e-06,16515.0,0.0762993
SYS/BTC,1561488732088,2019-06-25T18:52:12.088Z,buy,4.64e-06,16815.0,0.0780216
SYS/BTC,1561488732088,2019-06-25T18:52:12.088Z,buy,4.65e-06,237.0,0.00110205
SYS/BTC,1561488732088,2019-06-25T18:52:12.088Z,buy,4.66e-06,416.0,0.00193856
SYS/BTC,1561488733967,2019-06-25T18:52:13.967Z,buy,4.63e-06,304.0,0.00140752
SYS/BTC,1561488733967,2019-06-25T18:52:13.967Z,buy,4.64e-06,446.0,0.0020694399999999
SYS/BTC,1561488740557,2019-06-25T18:52:20.557Z,sell,4.63e-06,690.0,0.0031947
SYS/BTC,1561488741192,2019-06-25T18:52:21.192Z,sell,4.63e-06,1000.0,0.00463
SYS/BTC,1561488741444,2019-06-25T18:52:21.444Z,sell,4.63e-06,274.0,0.0012686199999999
SYS/BTC,1561488754491,2019-06-25T18:52:34.491Z,sell,4.62e-06,521.0,0.0024070199999999
SYS/BTC,1561488782435,2019-06-25T18:53:02.435Z,sell,4.62e-06,10859.0,0.05016858
SYS/BTC,1561488813206,2019-06-25T18:53:33.206Z,sell,4.61e-06,845.0,0.00389545
SYS/BTC,1561488814339,2019-06-25T18:53:34.339Z,sell,4.6e-06,3666.0,0.0168636
SYS/BTC,1561488821128,2019-06-25T18:53:41.128Z,buy,4.6e-06,749.0,0.0034454
SYS/BTC,1561488821688,2019-06-25T18:53:41.688Z,buy,4.62e-06,907.0,0.00419034
SYS/BTC,1561488821688,2019-06-25T18:53:41.688Z,buy,4.63e-06,1213.0,0.00561619
SYS/BTC,1561488853268,2019-06-25T18:54:13.268Z,buy,4.65e-06,237.0,0.00110205
SYS/BTC,1561488853268,2019-06-25T18:54:13.268Z,buy,4.66e-06,335.0,0.0015611
SYS/BTC,1561488853268,2019-06-25T18:54:13.268Z,buy,4.67e-06,1072.0,0.00500624
SYS/BTC,1561488853268,2019-06-25T18:54:13.268Z,buy,4.7e-06,5639.0,0.0265033
SYS/BTC,1561488857474,2019-06-25T18:54:17.474Z,sell,4.65e-06,237.0,0.00110205
SYS/BTC,1561488983877,2019-06-25T18:56:23.877Z,sell,4.66e-06,327.0,0.00152382
SYS/BTC,1561488997019,2019-06-25T18:56:37.019Z,buy,4.67e-06,427.0,0.00199409
SYS/BTC,1561489004867,2019-06-25T18:56:44.867Z,buy,4.67e-06,60.0,0.0002802
SYS/BTC,1561489006182,2019-06-25T18:56:46.182Z,buy,4.67e-06,4901.0,0.02288767
SYS/BTC,1561489006492,2019-06-25T18:56:46.492Z,buy,4.67e-06,1.0,4.67e-06
SYS/BTC,1561489092304,2019-06-25T18:58:12.304Z,sell,4.68e-06,2110.0,0.0098748
SYS/BTC,1561489092390,2019-06-25T18:58:12.390Z,sell,4.68e-06,3420.0,0.0160056
SYS/BTC,1561489092390,2019-06-25T18:58:12.390Z,sell,4.68e-06,3420.0,0.0160056
SYS/BTC,1561489162965,2019-06-25T18:59:22.965Z,buy,4.7e-06,215.0,0.0010105
SYS/BTC,1561489170198,2019-06-25T18:59:30.198Z,sell,4.66e-06,899.0,0.00418934
SYS/BTC,1561489170198,2019-06-25T18:59:30.198Z,sell,4.65e-06,8366.0,0.0389019
SYS/BTC,1561489170198,2019-06-25T18:59:30.198Z,sell,4.63e-06,6888.0,0.03189144
SYS/BTC,1561489170198,2019-06-25T18:59:30.198Z,sell,4.62e-06,2342.0,0.01082004
SYS/BTC,1561489170965,2019-06-25T18:59:30.965Z,buy,4.66e-06,1122.0,0.00522852
SYS/BTC,1561489394438,2019-06-25T19:03:14.438Z,sell,4.61e-06,2631.0,0.01212891
SYS/BTC,1561489429386,2019-06-25T19:03:49.386Z,buy,4.63e-06,1727.0,0.00799601
SYS/BTC,1561489501190,2019-06-25T19:05:01.190Z,sell,4.63e-06,10000.0,0.0462999999999999
SYS/BTC,1561489515760,2019-06-25T19:05:15.760Z,buy,4.64e-06,1676.0,0.00777664
SYS/BTC,1561489675479,2019-06-25T19:07:55.479Z,sell,4.64e-06,862.0,0.0039996799999999
SYS/BTC,1561489682421,2019-06-25T19:08:02.421Z,buy,4.64e-06,236.0,0.0010950399999999
SYS/BTC,1561489717403,2019-06-25T19:08:37.403Z,sell,4.64e-06,11069.0,0.0513601599999999
SYS/BTC,1561489774306,2019-06-25T19:09:34.306Z,sell,4.64e-06,2548.0,0.0118227199999999
SYS/BTC,1561489777348,2019-06-25T19:09:37.348Z,sell,4.64e-06,237.0,0.00109968
SYS/BTC,1561489837634,2019-06-25T19:10:37.634Z,buy,4.64e-06,1922.0,0.00891808
SYS/BTC,1561489875838,2019-06-25T19:11:15.838Z,buy,4.64e-06,692.0,0.0032108799999999
SYS/BTC,1561489875838,2019-06-25T19:11:15.838Z,buy,4.65e-06,237.0,0.00110205
SYS/BTC,1561489875838,2019-06-25T19:11:15.838Z,buy,4.66e-06,231.0,0.00107646
SYS/BTC,1561489903071,2019-06-25T19:11:43.071Z,buy,4.66e-06,233.0,0.00108578
SYS/BTC,1561489903071,2019-06-25T19:11:43.071Z,buy,4.67e-06,55.0,0.00025685
SYS/BTC,1561489908277,2019-06-25T19:11:48.277Z,buy,4.67e-06,865.0,0.00403955
SYS/BTC,1561489910376,2019-06-25T19:11:50.376Z,buy,4.67e-06,2527.0,0.01180109
SYS/BTC,1561489965840,2019-06-25T19:12:45.840Z,sell,4.62e-06,700.0,0.003234
SYS/BTC,1561490437511,2019-06-25T19:20:37.511Z,sell,4.62e-06,455.0,0.0021021
SYS/BTC,1561490467012,2019-06-25T19:21:07.012Z,buy,4.63e-06,647.0,0.0029956099999999
SYS/BTC,1561490471985,2019-06-25T19:21:11.985Z,sell,4.62e-06,2980.0,0.0137676
SYS/BTC,1561490471985,2019-06-25T19:21:11.985Z,sell,4.61e-06,11227.0,0.05175647
SYS/BTC,1561490473550,2019-06-25T19:21:13.550Z,buy,4.63e-06,863.0,0.00399569
SYS/BTC,1561490497937,2019-06-25T19:21:37.937Z,sell,4.61e-06,11466.0,0.05285826
SYS/BTC,1561490501512,2019-06-25T19:21:41.512Z,buy,4.61e-06,2871.0,0.01323531
SYS/BTC,1561490501512,2019-06-25T19:21:41.512Z,buy,4.62e-06,22.0,0.00010164
SYS/BTC,1561490507164,2019-06-25T19:21:47.164Z,buy,4.62e-06,227.0,0.00104874
SYS/BTC,1561490534706,2019-06-25T19:22:14.706Z,sell,4.62e-06,268.0,0.0012381599999999
SYS/BTC,1561490534706,2019-06-25T19:22:14.706Z,sell,4.6e-06,7284.0,0.0335064
SYS/BTC,1561490538506,2019-06-25T19:22:18.506Z,sell,4.59e-06,7608.0,0.03492072
SYS/BTC,1561490538506,2019-06-25T19:22:18.506Z,sell,4.58e-06,1477.0,0.00676466
SYS/BTC,1561490538506,2019-06-25T19:22:18.506Z,sell,4.57e-06,2096.0,0.00957872
SYS/BTC,1561490538506,2019-06-25T19:22:18.506Z,sell,4.56e-06,23864.0,0.10881984
SYS/BTC,1561490538506,2019-06-25T19:22:18.506Z,sell,4.55e-06,3914.0,0.0178087
SYS/BTC,1561490538506,2019-06-25T19:22:18.506Z,sell,4.54e-06,8347.0,0.03789538
SYS/BTC,1561490539286,2019-06-25T19:22:19.286Z,buy,4.58e-06,350.0,0.001603
SYS/BTC,1561490540128,2019-06-25T19:22:20.128Z,buy,4.58e-06,268.0,0.00122744
SYS/BTC,1561490542068,2019-06-25T19:22:22.068Z,buy,4.58e-06,880.0,0.0040304
SYS/BTC,1561490546309,2019-06-25T19:22:26.309Z,buy,4.58e-06,220.0,0.0010076
SYS/BTC,1561490546376,2019-06-25T19:22:26.376Z,buy,4.58e-06,220.0,0.0010076
SYS/BTC,1561490547933,2019-06-25T19:22:27.933Z,buy,4.58e-06,210.0,0.0009618
SYS/BTC,1561490551208,2019-06-25T19:22:31.208Z,sell,4.57e-06,238.0,0.00108766
SYS/BTC,1561490551243,2019-06-25T19:22:31.243Z,sell,4.57e-06,240.0,0.0010968
SYS/BTC,1561490551698,2019-06-25T19:22:31.698Z,buy,4.58e-06,63.0,0.00028854
SYS/BTC,1561490551952,2019-06-25T19:22:31.952Z,sell,4.57e-06,282.0,0.00128874
SYS/BTC,1561490563105,2019-06-25T19:22:43.105Z,sell,4.57e-06,711.0,0.00324927
SYS/BTC,1561490563158,2019-06-25T19:22:43.158Z,buy,4.57e-06,283.0,0.00129331
SYS/BTC,1561490563163,2019-06-25T19:22:43.163Z,buy,4.57e-06,95.0,0.00043415
SYS/BTC,1561490563172,2019-06-25T19:22:43.172Z,buy,4.58e-06,77.0,0.00035266
SYS/BTC,1561490581625,2019-06-25T19:23:01.625Z,buy,4.58e-06,219.0,0.00100302
SYS/BTC,1561490621782,2019-06-25T19:23:41.782Z,sell,4.57e-06,801.0,0.00366057
SYS/BTC,1561490623024,2019-06-25T19:23:43.024Z,sell,4.54e-06,1052.0,0.0047760799999999
SYS/BTC,1561490624164,2019-06-25T19:23:44.164Z,sell,4.54e-06,5141.0,0.02334014
SYS/BTC,1561490624164,2019-06-25T19:23:44.164Z,sell,4.53e-06,8884.0,0.04024452
SYS/BTC,1561490624164,2019-06-25T19:23:44.164Z,sell,4.52e-06,1975.0,0.008927
SYS/BTC,1561490626082,2019-06-25T19:23:46.082Z,buy,4.54e-06,2232.0,0.01013328
SYS/BTC,1561490626111,2019-06-25T19:23:46.111Z,buy,4.54e-06,1548.0,0.00702792
SYS/BTC,1561490628872,2019-06-25T19:23:48.872Z,sell,4.54e-06,13.0,5.902e-05
SYS/BTC,1561490632969,2019-06-25T19:23:52.969Z,buy,4.53e-06,221.0,0.00100113
SYS/BTC,1561490648009,2019-06-25T19:24:08.009Z,buy,4.56e-06,627.0,0.00285912
SYS/BTC,1561490666273,2019-06-25T19:24:26.273Z,buy,4.55e-06,1389.0,0.0063199499999999
SYS/BTC,1561490679827,2019-06-25T19:24:39.827Z,sell,4.55e-06,3983.0,0.0181226499999999
SYS/BTC,1561490679827,2019-06-25T19:24:39.827Z,sell,4.54e-06,6017.0,0.02731718
SYS/BTC,1561490703095,2019-06-25T19:25:03.095Z,buy,4.55e-06,70.0,0.0003185
SYS/BTC,1561490769188,2019-06-25T19:26:09.188Z,sell,4.54e-06,7283.0,0.0330648199999999
SYS/BTC,1561490792850,2019-06-25T19:26:32.850Z,sell,4.54e-06,2809.0,0.01275286
SYS/BTC,1561490942031,2019-06-25T19:29:02.031Z,buy,4.55e-06,453.0,0.00206115
SYS/BTC,1561490991393,2019-06-25T19:29:51.393Z,buy,4.55e-06,772.0,0.0035126
SYS/BTC,1561491012082,2019-06-25T19:30:12.082Z,sell,4.54e-06,273.0,0.00123942
SYS/BTC,1561491019333,2019-06-25T19:30:19.333Z,sell,4.54e-06,859.0,0.00389986
SYS/BTC,1561491019333,2019-06-25T19:30:19.333Z,sell,4.52e-06,922.0,0.00416744
SYS/BTC,1561491019333,2019-06-25T19:30:19.333Z,sell,4.51e-06,10401.0,0.04690851
SYS/BTC,1561491019333,2019-06-25T19:30:19.333Z,sell,4.5e-06,33091.0,0.1489095
SYS/BTC,1561491029144,2019-06-25T19:30:29.144Z,sell,4.5e-06,762.0,0.003429
SYS/BTC,1561491029436,2019-06-25T19:30:29.436Z,sell,4.5e-06,298.0,0.001341
SYS/BTC,1561491030060,2019-06-25T19:30:30.060Z,sell,4.5e-06,747.0,0.0033615
SYS/BTC,1561491030265,2019-06-25T19:30:30.265Z,sell,4.5e-06,748.0,0.003366
SYS/BTC,1561491053291,2019-06-25T19:30:53.291Z,sell,4.5e-06,770.0,0.003465
SYS/BTC,1561491054668,2019-06-25T19:30:54.668Z,sell,4.5e-06,427.0,0.0019215
SYS/BTC,1561491100698,2019-06-25T19:31:40.698Z,sell,4.5e-06,17133.0,0.0770985
SYS/BTC,1561491100698,2019-06-25T19:31:40.698Z,sell,4.49e-06,883.0,0.00396467
SYS/BTC,1561491100698,2019-06-25T19:31:40.698Z,sell,4.48e-06,1984.0,0.00888832
SYS/BTC,1561491102909,2019-06-25T19:31:42.909Z,sell,4.48e-06,772.0,0.00345856
SYS/BTC,1561491121995,2019-06-25T19:32:01.995Z,sell,4.48e-06,772.0,0.00345856
SYS/BTC,1561491125024,2019-06-25T19:32:05.024Z,sell,4.48e-06,12946.0,0.05799808
SYS/BTC,1561491126610,2019-06-25T19:32:06.610Z,buy,4.49e-06,449.0,0.00201601
SYS/BTC,1561491126709,2019-06-25T19:32:06.709Z,buy,4.49e-06,308.0,0.00138292
SYS/BTC,1561491126920,2019-06-25T19:32:06.920Z,buy,4.49e-06,661.0,0.00296789
SYS/BTC,1561491128180,2019-06-25T19:32:08.180Z,buy,4.49e-06,768.0,0.00344832
SYS/BTC,1561491153488,2019-06-25T19:32:33.488Z,sell,4.48e-06,5034.0,0.02255232
SYS/BTC,1561491156079,2019-06-25T19:32:36.079Z,sell,4.48e-06,1269.0,0.00568512
SYS/BTC,1561491156079,2019-06-25T19:32:36.079Z,sell,4.47e-06,799.0,0.00357153
SYS/BTC,1561491156270,2019-06-25T19:32:36.270Z,buy,4.47e-06,799.0,0.00357153
SYS/BTC,1561491156270,2019-06-25T19:32:36.270Z,buy,4.49e-06,922.0,0.00413978
SYS/BTC,1561491156528,2019-06-25T19:32:36.528Z,sell,4.47e-06,330.0,0.0014751
SYS/BTC,1561491160999,2019-06-25T19:32:40.999Z,buy,4.48e-06,765.0,0.0034272
SYS/BTC,1561491176272,2019-06-25T19:32:56.272Z,buy,4.48e-06,1191.0,0.00533568
SYS/BTC,1561491182762,2019-06-25T19:33:02.762Z,sell,4.47e-06,429.0,0.00191763
SYS/BTC,1561491185434,2019-06-25T19:33:05.434Z,sell,4.47e-06,272.0,0.00121584
SYS/BTC,1561491185434,2019-06-25T19:33:05.434Z,sell,4.46e-06,12731.0,0.0567802599999999
SYS/BTC,1561491185434,2019-06-25T19:33:05.434Z,sell,4.46e-06,227.0,0.00101242
SYS/BTC,1561491185434,2019-06-25T19:33:05.434Z,sell,4.46e-06,1160.0,0.0051735999999999
SYS/BTC,1561491186750,2019-06-25T19:33:06.750Z,sell,4.46e-06,14619.0,0.06520074
SYS/BTC,1561491186750,2019-06-25T19:33:06.750Z,sell,4.45e-06,2386.0,0.0106176999999999
SYS/BTC,1561491190199,2019-06-25T19:33:10.199Z,buy,4.48e-06,777.0,0.00348096
SYS/BTC,1561491190444,2019-06-25T19:33:10.444Z,buy,4.49e-06,3418.0,0.01534682
SYS/BTC,1561491191000,2019-06-25T19:33:11.000Z,buy,4.47e-06,979.0,0.00437613
SYS/BTC,1561491195528,2019-06-25T19:33:15.528Z,buy,4.49e-06,33.0,0.00014817
SYS/BTC,1561491207643,2019-06-25T19:33:27.643Z,sell,4.49e-06,439.0,0.00197111
SYS/BTC,1561491227228,2019-06-25T19:33:47.228Z,buy,4.5e-06,14263.0,0.0641835
SYS/BTC,1561491265986,2019-06-25T19:34:25.986Z,sell,4.5e-06,3765.0,0.0169425
SYS/BTC,1561491374160,2019-06-25T19:36:14.160Z,buy,4.51e-06,8095.0,0.03650845
SYS/BTC,1561491409863,2019-06-25T19:36:49.863Z,sell,4.5e-06,400.0,0.0018
SYS/BTC,1561491415799,2019-06-25T19:36:55.799Z,sell,4.5e-06,801.0,0.0036045
SYS/BTC,1561491416327,2019-06-25T19:36:56.327Z,sell,4.5e-06,1171.0,0.0052695
SYS/BTC,1561491417351,2019-06-25T19:36:57.351Z,sell,4.5e-06,757.0,0.0034065
SYS/BTC,1561491578975,2019-06-25T19:39:38.975Z,sell,4.5e-06,286.0,0.001287
SYS/BTC,1561491651237,2019-06-25T19:40:51.237Z,buy,4.51e-06,68.0,0.00030668
SYS/BTC,1561491823623,2019-06-25T19:43:43.623Z,buy,4.51e-06,80.0,0.0003608
SYS/BTC,1561491880700,2019-06-25T19:44:40.700Z,buy,4.51e-06,12620.0,0.0569162
SYS/BTC,1561491889514,2019-06-25T19:44:49.514Z,buy,4.51e-06,9132.0,0.04118532
SYS/BTC,1561492048203,2019-06-25T19:47:28.203Z,buy,4.51e-06,69.0,0.00031119
SYS/BTC,1561492262712,2019-06-25T19:51:02.712Z,buy,4.51e-06,588.0,0.00265188
SYS/BTC,1561492292531,2019-06-25T19:51:32.531Z,sell,4.51e-06,259.0,0.00116809
SYS/BTC,1561492434029,2019-06-25T19:53:54.029Z,sell,4.5e-06,7981.0,0.0359145
SYS/BTC,1561492598469,2019-06-25T19:56:38.469Z,sell,4.5e-06,836.0,0.003762
SYS/BTC,1561492598469,2019-06-25T19:56:38.469Z,sell,4.5e-06,836.0,0.003762
SYS/BTC,1561492755660,2019-06-25T19:59:15.660Z,buy,4.51e-06,76.0,0.00034276
SYS/BTC,1561492756611,2019-06-25T19:59:16.611Z,buy,4.51e-06,823.0,0.00371173
SYS/BTC,1561492756614,2019-06-25T19:59:16.614Z,buy,4.51e-06,1501.0,0.00676951
SYS/BTC,1561492839661,2019-06-25T20:00:39.661Z,buy,4.51e-06,3013.0,0.01358863
SYS/BTC,1561492906679,2019-06-25T20:01:46.679Z,sell,4.5e-06,52.0,0.000234
SYS/BTC,1561492906679,2019-06-25T20:01:46.679Z,sell,4.49e-06,517.0,0.00232133
SYS/BTC,1561493111737,2019-06-25T20:05:11.737Z,buy,4.47e-06,256.0,0.00114432
SYS/BTC,1561493112670,2019-06-25T20:05:12.670Z,buy,4.47e-06,4151.0,0.01855497
SYS/BTC,1561493114223,2019-06-25T20:05:14.223Z,sell,4.46e-06,3872.0,0.01726912
SYS/BTC,1561493114223,2019-06-25T20:05:14.223Z,sell,4.45e-06,3409.0,0.01517005
SYS/BTC,1561493114223,2019-06-25T20:05:14.223Z,sell,4.44e-06,22719.0,0.10087236
SYS/BTC,1561493128342,2019-06-25T20:05:28.342Z,buy,4.46e-06,281.0,0.00125326
SYS/BTC,1561493128386,2019-06-25T20:05:28.386Z,buy,4.46e-06,258.0,0.0011506799999999
SYS/BTC,1561493143332,2019-06-25T20:05:43.332Z,buy,4.47e-06,559.0,0.00249873
SYS/BTC,1561493162141,2019-06-25T20:06:02.141Z,buy,4.47e-06,224.0,0.00100128
SYS/BTC,1561493182646,2019-06-25T20:06:22.646Z,sell,4.45e-06,538.0,0.0023940999999999
SYS/BTC,1561493182646,2019-06-25T20:06:22.646Z,sell,4.44e-06,18540.0,0.0823175999999999
SYS/BTC,1561493182646,2019-06-25T20:06:22.646Z,sell,4.43e-06,1557.0,0.00689751
SYS/BTC,1561493207971,2019-06-25T20:06:47.971Z,sell,4.44e-06,2478.0,0.01100232
SYS/BTC,1561493208491,2019-06-25T20:06:48.491Z,buy,4.44e-06,5617.0,0.02493948
SYS/BTC,1561493234742,2019-06-25T20:07:14.742Z,sell,4.44e-06,2808.0,0.01246752
SYS/BTC,1561493234742,2019-06-25T20:07:14.742Z,sell,4.43e-06,12074.0,0.05348782
SYS/BTC,1561493234775,2019-06-25T20:07:14.775Z,buy,4.43e-06,986.0,0.00436798
SYS/BTC,1561493234784,2019-06-25T20:07:14.784Z,buy,4.43e-06,1071.0,0.00474453
SYS/BTC,1561493234843,2019-06-25T20:07:14.843Z,buy,4.43e-06,970.0,0.0042971
SYS/BTC,1561493235125,2019-06-25T20:07:15.125Z,buy,4.43e-06,1912.0,0.00847016
SYS/BTC,1561493235160,2019-06-25T20:07:15.160Z,buy,4.43e-06,965.0,0.00427495
SYS/BTC,1561493235718,2019-06-25T20:07:15.718Z,sell,4.42e-06,768.0,0.00339456
SYS/BTC,1561493236063,2019-06-25T20:07:16.063Z,sell,4.42e-06,772.0,0.00341224
SYS/BTC,1561493236567,2019-06-25T20:07:16.567Z,buy,4.43e-06,1071.0,0.00474453
SYS/BTC,1561493236571,2019-06-25T20:07:16.571Z,buy,4.43e-06,986.0,0.00436798
SYS/BTC,1561493236820,2019-06-25T20:07:16.820Z,sell,4.42e-06,772.0,0.00341224
SYS/BTC,1561493238810,2019-06-25T20:07:18.810Z,sell,4.42e-06,885.0,0.0039117
SYS/BTC,1561493242243,2019-06-25T20:07:22.243Z,buy,4.43e-06,4494.0,0.01990842
SYS/BTC,1561493248840,2019-06-25T20:07:28.840Z,sell,4.42e-06,9238.0,0.04083196
SYS/BTC,1561493488835,2019-06-25T20:11:28.835Z,sell,4.44e-06,3723.0,0.01653012
SYS/BTC,1561493488835,2019-06-25T20:11:28.835Z,sell,4.43e-06,577.0,0.00255611
SYS/BTC,1561493488835,2019-06-25T20:11:28.835Z,sell,4.42e-06,455.0,0.0020111
SYS/BTC,1561493488835,2019-06-25T20:11:28.835Z,sell,4.41e-06,289.0,0.00127449
SYS/BTC,1561493488835,2019-06-25T20:11:28.835Z,sell,4.4e-06,4079.0,0.0179476
SYS/BTC,1561493488966,2019-06-25T20:11:28.966Z,buy,4.45e-06,1344.0,0.0059808
SYS/BTC,1561493650152,2019-06-25T20:14:10.152Z,sell,4.43e-06,1920.0,0.0085056
SYS/BTC,1561493650280,2019-06-25T20:14:10.280Z,buy,4.44e-06,1346.0,0.00597624
SYS/BTC,1561493725568,2019-06-25T20:15:25.568Z,buy,4.44e-06,786.0,0.0034898399999999
SYS/BTC,1561493757365,2019-06-25T20:15:57.365Z,sell,4.43e-06,2310.0,0.0102332999999999
SYS/BTC,1561493813358,2019-06-25T20:16:53.358Z,sell,4.43e-06,3010.0,0.0133343
SYS/BTC,1561493854588,2019-06-25T20:17:34.588Z,sell,4.43e-06,4241.0,0.01878763
SYS/BTC,1561494032805,2019-06-25T20:20:32.805Z,sell,4.43e-06,755.0,0.00334465
SYS/BTC,1561494126618,2019-06-25T20:22:06.618Z,buy,4.44e-06,1423.0,0.00631812
SYS/BTC,1561494147516,2019-06-25T20:22:27.516Z,sell,4.44e-06,577.0,0.00256188
SYS/BTC,1561494296538,2019-06-25T20:24:56.538Z,sell,4.44e-06,575.0,0.0025529999999999
SYS/BTC,1561494296538,2019-06-25T20:24:56.538Z,sell,4.43e-06,4705.0,0.02084315
SYS/BTC,1561494299824,2019-06-25T20:24:59.824Z,sell,4.43e-06,1881.0,0.00833283
SYS/BTC,1561494321035,2019-06-25T20:25:21.035Z,sell,4.44e-06,5524.0,0.02452656
SYS/BTC,1561494508272,2019-06-25T20:28:28.272Z,sell,4.43e-06,477.0,0.00211311
SYS/BTC,1561494512298,2019-06-25T20:28:32.298Z,buy,4.42e-06,690.0,0.0030498
SYS/BTC,1561494514068,2019-06-25T20:28:34.068Z,buy,4.42e-06,1208.0,0.00533936
SYS/BTC,1561494517743,2019-06-25T20:28:37.743Z,sell,4.41e-06,307.0,0.00135387
SYS/BTC,1561494583325,2019-06-25T20:29:43.325Z,buy,4.42e-06,654.0,0.00289068
SYS/BTC,1561494602505,2019-06-25T20:30:02.505Z,sell,4.41e-06,1468.0,0.00647388
SYS/BTC,1561494686063,2019-06-25T20:31:26.063Z,buy,4.42e-06,73.0,0.00032266
SYS/BTC,1561494692293,2019-06-25T20:31:32.293Z,buy,4.42e-06,67.0,0.00029614
SYS/BTC,1561494747491,2019-06-25T20:32:27.491Z,sell,4.41e-06,311.0,0.00137151
SYS/BTC,1561494882787,2019-06-25T20:34:42.787Z,sell,4.4e-06,242.0,0.0010648
SYS/BTC,1561494885913,2019-06-25T20:34:45.913Z,sell,4.4e-06,774.0,0.0034056
SYS/BTC,1561494886222,2019-06-25T20:34:46.222Z,sell,4.4e-06,769.0,0.0033836
SYS/BTC,1561494959896,2019-06-25T20:35:59.896Z,sell,4.4e-06,11725.0,0.05159
SYS/BTC,1561494959950,2019-06-25T20:35:59.950Z,buy,4.4e-06,444.0,0.0019536
SYS/BTC,1561494959950,2019-06-25T20:35:59.950Z,buy,4.4e-06,444.0,0.0019536
SYS/BTC,1561495005255,2019-06-25T20:36:45.255Z,buy,4.4e-06,3024.0,0.0133056
SYS/BTC,1561495042384,2019-06-25T20:37:22.384Z,buy,4.4e-06,654.0,0.0028776
SYS/BTC,1561495196675,2019-06-25T20:39:56.675Z,sell,4.39e-06,237.0,0.00104043
SYS/BTC,1561495199202,2019-06-25T20:39:59.202Z,sell,4.38e-06,790.0,0.0034602
SYS/BTC,1561495261683,2019-06-25T20:41:01.683Z,sell,4.38e-06,6467.0,0.02832546
SYS/BTC,1561495262936,2019-06-25T20:41:02.936Z,sell,4.38e-06,287.0,0.00125706
SYS/BTC,1561495444412,2019-06-25T20:44:04.412Z,sell,4.38e-06,500.0,0.00219
SYS/BTC,1561495502305,2019-06-25T20:45:02.305Z,buy,4.4e-06,3219.0,0.0141636
SYS/BTC,1561495502310,2019-06-25T20:45:02.310Z,buy,4.4e-06,92.0,0.0004048
SYS/BTC,1561495502312,2019-06-25T20:45:02.312Z,buy,4.41e-06,869.0,0.00383229
SYS/BTC,1561495502312,2019-06-25T20:45:02.312Z,buy,4.42e-06,5541.0,0.02449122
SYS/BTC,1561495502312,2019-06-25T20:45:02.312Z,buy,4.43e-06,1000.0,0.00443
SYS/BTC,1561495502312,2019-06-25T20:45:02.312Z,buy,4.44e-06,2311.0,0.01026084
SYS/BTC,1561495503337,2019-06-25T20:45:03.337Z,sell,4.42e-06,951.0,0.00420342
SYS/BTC,1561495505834,2019-06-25T20:45:05.834Z,sell,4.41e-06,1591.0,0.00701631
SYS/BTC,1561495517821,2019-06-25T20:45:17.821Z,sell,4.39e-06,2278.0,0.01000042
SYS/BTC,1561495517821,2019-06-25T20:45:17.821Z,sell,4.38e-06,2004.0,0.00877752
SYS/BTC,1561495570096,2019-06-25T20:46:10.096Z,sell,4.38e-06,15001.0,0.06570438
SYS/BTC,1561495570096,2019-06-25T20:46:10.096Z,sell,4.37e-06,19266.0,0.0841924199999999
SYS/BTC,1561495570100,2019-06-25T20:46:10.100Z,sell,4.37e-06,2940.0,0.0128478
SYS/BTC,1561495570100,2019-06-25T20:46:10.100Z,sell,4.36e-06,3127.0,0.0136337199999999
SYS/BTC,1561495570100,2019-06-25T20:46:10.100Z,sell,4.36e-06,4422.0,0.01927992
SYS/BTC,1561495570100,2019-06-25T20:46:10.100Z,sell,4.36e-06,1139.0,0.00496604
SYS/BTC,1561495570135,2019-06-25T20:46:10.135Z,buy,4.36e-06,859.0,0.00374524
SYS/BTC,1561495570148,2019-06-25T20:46:10.148Z,buy,4.38e-06,2274.0,0.00996012
SYS/BTC,1561495570157,2019-06-25T20:46:10.157Z,sell,4.38e-06,9.0,3.9420000000000005e-05
SYS/BTC,1561495570157,2019-06-25T20:46:10.157Z,sell,4.36e-06,1966.0,0.00857176
SYS/BTC,1561495574692,2019-06-25T20:46:14.692Z,sell,4.37e-06,500.0,0.002185
SYS/BTC,1561495582696,2019-06-25T20:46:22.696Z,sell,4.36e-06,249.0,0.00108564
SYS/BTC,1561495584492,2019-06-25T20:46:24.492Z,sell,4.36e-06,295.0,0.0012862
SYS/BTC,1561495591498,2019-06-25T20:46:31.498Z,sell,4.36e-06,965.0,0.0042074
SYS/BTC,1561495595288,2019-06-25T20:46:35.288Z,buy,4.36e-06,621.0,0.00270756
SYS/BTC,1561495595553,2019-06-25T20:46:35.553Z,sell,4.35e-06,1640.0,0.007134
SYS/BTC,1561495633982,2019-06-25T20:47:13.982Z,buy,4.37e-06,1430.0,0.0062491
SYS/BTC,1561495702199,2019-06-25T20:48:22.199Z,sell,4.37e-06,1254.0,0.00547998
SYS/BTC,1561495841796,2019-06-25T20:50:41.796Z,sell,4.38e-06,263.0,0.00115194
SYS/BTC,1561495908114,2019-06-25T20:51:48.114Z,buy,4.39e-06,237.0,0.00104043
SYS/BTC,1561495908114,2019-06-25T20:51:48.114Z,buy,4.41e-06,593.0,0.00261513
SYS/BTC,1561495908114,2019-06-25T20:51:48.114Z,buy,4.42e-06,5632.0,0.02489344
SYS/BTC,1561495908114,2019-06-25T20:51:48.114Z,buy,4.44e-06,1149.0,0.00510156
SYS/BTC,1561495908781,2019-06-25T20:51:48.781Z,buy,4.43e-06,7781.0,0.03446983
SYS/BTC,1561495908781,2019-06-25T20:51:48.781Z,buy,4.44e-06,28737.0,0.12759228
SYS/BTC,1561495908781,2019-06-25T20:51:48.781Z,buy,4.45e-06,9743.0,0.0433563499999999
SYS/BTC,1561495908781,2019-06-25T20:51:48.781Z,buy,4.47e-06,1251.0,0.00559197
SYS/BTC,1561495911634,2019-06-25T20:51:51.634Z,buy,4.43e-06,288.0,0.0012758399999999
SYS/BTC,1561495912504,2019-06-25T20:51:52.504Z,sell,4.4e-06,1346.0,0.0059224
SYS/BTC,1561495955297,2019-06-25T20:52:35.297Z,sell,4.44e-06,2912.0,0.01292928
SYS/BTC,1561495956381,2019-06-25T20:52:36.381Z,sell,4.44e-06,2598.0,0.01153512
SYS/BTC,1561496019272,2019-06-25T20:53:39.272Z,sell,4.42e-06,7687.0,0.03397654
SYS/BTC,1561496027799,2019-06-25T20:53:47.799Z,sell,4.42e-06,2174.0,0.00960908
SYS/BTC,1561496027799,2019-06-25T20:53:47.799Z,sell,4.42e-06,2174.0,0.00960908
SYS/BTC,1561496334055,2019-06-25T20:58:54.055Z,sell,4.43e-06,4317.0,0.01912431
SYS/BTC,1561496344438,2019-06-25T20:59:04.438Z,buy,4.43e-06,1084.0,0.00480212
SYS/BTC,1561496350532,2019-06-25T20:59:10.532Z,buy,4.44e-06,229.0,0.00101676
SYS/BTC,1561496350532,2019-06-25T20:59:10.532Z,buy,4.46e-06,4442.0,0.0198113199999999
SYS/BTC,1561496366703,2019-06-25T20:59:26.703Z,buy,4.44e-06,5499.0,0.02441556
SYS/BTC,1561496400897,2019-06-25T21:00:00.897Z,buy,4.44e-06,9009.0,0.03999996
SYS/BTC,1561496530779,2019-06-25T21:02:10.779Z,buy,4.44e-06,195.0,0.0008658
SYS/BTC,1561496531745,2019-06-25T21:02:11.745Z,sell,4.44e-06,1495.0,0.0066378
SYS/BTC,1561496723171,2019-06-25T21:05:23.171Z,sell,4.41e-06,789.0,0.00347949
SYS/BTC,1561496723252,2019-06-25T21:05:23.252Z,sell,4.41e-06,118.0,0.00052038
SYS/BTC,1561496727323,2019-06-25T21:05:27.323Z,sell,4.4e-06,789.0,0.0034716
SYS/BTC,1561496727345,2019-06-25T21:05:27.345Z,sell,4.4e-06,789.0,0.0034716
SYS/BTC,1561496727366,2019-06-25T21:05:27.366Z,sell,4.4e-06,789.0,0.0034716
SYS/BTC,1561496727374,2019-06-25T21:05:27.374Z,sell,4.4e-06,789.0,0.0034716
SYS/BTC,1561496727555,2019-06-25T21:05:27.555Z,sell,4.4e-06,789.0,0.0034716
SYS/BTC,1561496727622,2019-06-25T21:05:27.622Z,sell,4.4e-06,679.0,0.0029876
SYS/BTC,1561496783578,2019-06-25T21:06:23.578Z,sell,4.4e-06,789.0,0.0034716
SYS/BTC,1561496783646,2019-06-25T21:06:23.646Z,sell,4.4e-06,789.0,0.0034716
SYS/BTC,1561496783763,2019-06-25T21:06:23.763Z,sell,4.4e-06,789.0,0.0034716
SYS/BTC,1561496783785,2019-06-25T21:06:23.785Z,sell,4.4e-06,789.0,0.0034716
SYS/BTC,1561496893475,2019-06-25T21:08:13.475Z,buy,4.41e-06,215.0,0.00094815
SYS/BTC,1561496908702,2019-06-25T21:08:28.702Z,sell,4.4e-06,3453.0,0.0151932
SYS/BTC,1561496930217,2019-06-25T21:08:50.217Z,buy,4.43e-06,68.0,0.00030124
SYS/BTC,1561497827145,2019-06-25T21:23:47.145Z,sell,4.4e-06,994.0,0.0043736
SYS/BTC,1561497827145,2019-06-25T21:23:47.145Z,sell,4.39e-06,6786.0,0.02979054
SYS/BTC,1561497892360,2019-06-25T21:24:52.360Z,sell,4.36e-06,14364.0,0.06262704
SYS/BTC,1561497892360,2019-06-25T21:24:52.360Z,sell,4.35e-06,11862.0,0.0515997
SYS/BTC,1561497892360,2019-06-25T21:24:52.360Z,sell,4.34e-06,21239.0,0.09217726
SYS/BTC,1561497895762,2019-06-25T21:24:55.762Z,sell,4.35e-06,500.0,0.002175
SYS/BTC,1561497899262,2019-06-25T21:24:59.262Z,buy,4.37e-06,550.0,0.0024035
SYS/BTC,1561497905203,2019-06-25T21:25:05.203Z,sell,4.37e-06,229.0,0.00100073
SYS/BTC,1561497906671,2019-06-25T21:25:06.671Z,buy,4.36e-06,21.0,9.156e-05
SYS/BTC,1561497906671,2019-06-25T21:25:06.671Z,buy,4.38e-06,6764.0,0.02962632
SYS/BTC,1561498685079,2019-06-25T21:38:05.079Z,sell,4.37e-06,903.0,0.00394611
SYS/BTC,1561498819412,2019-06-25T21:40:19.412Z,sell,4.37e-06,889.0,0.0038849299999999
SYS/BTC,1561498819453,2019-06-25T21:40:19.453Z,buy,4.37e-06,1523.0,0.00665551
SYS/BTC,1561498863622,2019-06-25T21:41:03.622Z,sell,4.37e-06,1524.0,0.0066598799999999
SYS/BTC,1561498865348,2019-06-25T21:41:05.348Z,sell,4.37e-06,318.0,0.0013896599999999
SYS/BTC,1561498865365,2019-06-25T21:41:05.365Z,sell,4.37e-06,500.0,0.002185
SYS/BTC,1561498912806,2019-06-25T21:41:52.806Z,sell,4.37e-06,617.0,0.0026962899999999
SYS/BTC,1561498913513,2019-06-25T21:41:53.513Z,sell,4.37e-06,9541.0,0.0416941699999999
SYS/BTC,1561498914173,2019-06-25T21:41:54.173Z,buy,4.37e-06,78.0,0.0003408599999999
SYS/BTC,1561498943981,2019-06-25T21:42:23.981Z,buy,4.38e-06,4067.0,0.01781346
SYS/BTC,1561498943981,2019-06-25T21:42:23.981Z,buy,4.39e-06,2535.0,0.01112865
SYS/BTC,1561499019042,2019-06-25T21:43:39.042Z,sell,4.35e-06,3932.0,0.0171042
SYS/BTC,1561499019042,2019-06-25T21:43:39.042Z,sell,4.34e-06,2852.0,0.01237768
SYS/BTC,1561499019042,2019-06-25T21:43:39.042Z,sell,4.32e-06,2871.0,0.01240272
SYS/BTC,1561499019042,2019-06-25T21:43:39.042Z,sell,4.31e-06,8385.0,0.03613935
SYS/BTC,1561499019042,2019-06-25T21:43:39.042Z,sell,4.3e-06,15894.0,0.0683442
SYS/BTC,1561499020320,2019-06-25T21:43:40.320Z,buy,4.35e-06,1753.0,0.00762555
SYS/BTC,1561499024561,2019-06-25T21:43:44.561Z,sell,4.32e-06,885.0,0.0038232
SYS/BTC,1561499027373,2019-06-25T21:43:47.373Z,buy,4.32e-06,500.0,0.00216
SYS/BTC,1561499035327,2019-06-25T21:43:55.327Z,sell,4.32e-06,354.0,0.00152928
SYS/BTC,1561499036602,2019-06-25T21:43:56.602Z,sell,4.32e-06,71.0,0.00030672
SYS/BTC,1561499036602,2019-06-25T21:43:56.602Z,sell,4.3e-06,283.0,0.0012169
SYS/BTC,1561499046202,2019-06-25T21:44:06.202Z,buy,4.33e-06,554.0,0.00239882
SYS/BTC,1561499060267,2019-06-25T21:44:20.267Z,sell,4.31e-06,354.0,0.00152574
SYS/BTC,1561499107967,2019-06-25T21:45:07.967Z,sell,4.31e-06,1206.0,0.00519786
SYS/BTC,1561499117529,2019-06-25T21:45:17.529Z,buy,4.31e-06,576.0,0.00248256
SYS/BTC,1561499129803,2019-06-25T21:45:29.803Z,buy,4.31e-06,688.0,0.00296528
SYS/BTC,1561499137138,2019-06-25T21:45:37.138Z,sell,4.3e-06,429.0,0.0018447
SYS/BTC,1561499192407,2019-06-25T21:46:32.407Z,sell,4.3e-06,4062.0,0.0174666
SYS/BTC,1561499244074,2019-06-25T21:47:24.074Z,sell,4.3e-06,812.0,0.0034916
SYS/BTC,1561499252727,2019-06-25T21:47:32.727Z,sell,4.3e-06,1297.0,0.0055771
SYS/BTC,1561499310612,2019-06-25T21:48:30.612Z,buy,4.31e-06,4175.0,0.01799425
SYS/BTC,1561499311687,2019-06-25T21:48:31.687Z,buy,4.33e-06,4175.0,0.01807775
SYS/BTC,1561499312980,2019-06-25T21:48:32.980Z,buy,4.33e-06,923.0,0.00399659
SYS/BTC,1561499314365,2019-06-25T21:48:34.365Z,buy,4.33e-06,1949.0,0.00843917
SYS/BTC,1561499318871,2019-06-25T21:48:38.871Z,buy,4.33e-06,1124.0,0.00486692
SYS/BTC,1561499319061,2019-06-25T21:48:39.061Z,buy,4.33e-06,578.0,0.00250274
SYS/BTC,1561499319077,2019-06-25T21:48:39.077Z,buy,4.33e-06,923.0,0.00399659
SYS/BTC,1561499319378,2019-06-25T21:48:39.378Z,buy,4.33e-06,923.0,0.00399659
SYS/BTC,1561499319871,2019-06-25T21:48:39.871Z,buy,4.33e-06,923.0,0.00399659
SYS/BTC,1561499343929,2019-06-25T21:49:03.929Z,sell,4.33e-06,938.0,0.00406154
SYS/BTC,1561499343929,2019-06-25T21:49:03.929Z,sell,4.32e-06,962.0,0.00415584
SYS/BTC,1561499343929,2019-06-25T21:49:03.929Z,sell,4.31e-06,6525.0,0.02812275
SYS/BTC,1561499343929,2019-06-25T21:49:03.929Z,sell,4.3e-06,88761.0,0.3816723
SYS/BTC,1561499343964,2019-06-25T21:49:03.964Z,buy,4.3e-06,1622.0,0.0069746
SYS/BTC,1561499343970,2019-06-25T21:49:03.970Z,buy,4.3e-06,2355.0,0.0101265
SYS/BTC,1561499343976,2019-06-25T21:49:03.976Z,buy,4.3e-06,6945.0,0.0298635
SYS/BTC,1561499343982,2019-06-25T21:49:03.982Z,buy,4.3e-06,1891.0,0.0081313
SYS/BTC,1561499345325,2019-06-25T21:49:05.325Z,buy,4.31e-06,928.0,0.00399968
SYS/BTC,1561499345550,2019-06-25T21:49:05.550Z,buy,4.31e-06,34.0,0.00014654
SYS/BTC,1561499346159,2019-06-25T21:49:06.159Z,sell,4.31e-06,576.0,0.00248256
SYS/BTC,1561499348495,2019-06-25T21:49:08.495Z,sell,4.31e-06,1540.0,0.0066374
SYS/BTC,1561499349478,2019-06-25T21:49:09.478Z,sell,4.31e-06,1900.0,0.008189
SYS/BTC,1561499377524,2019-06-25T21:49:37.524Z,buy,4.34e-06,81.0,0.00035154
SYS/BTC,1561499491890,2019-06-25T21:51:31.890Z,buy,4.33e-06,69.0,0.00029877
SYS/BTC,1561499601290,2019-06-25T21:53:21.290Z,sell,4.31e-06,2040.0,0.0087924
SYS/BTC,1561499601290,2019-06-25T21:53:21.290Z,sell,4.3e-06,2728.0,0.0117304
SYS/BTC,1561499601290,2019-06-25T21:53:21.290Z,sell,4.29e-06,3355.0,0.0143929499999999
SYS/BTC,1561499624585,2019-06-25T21:53:44.585Z,sell,4.29e-06,320.0,0.0013728
SYS/BTC,1561499625858,2019-06-25T21:53:45.858Z,sell,4.28e-06,444.0,0.0019003199999999
SYS/BTC,1561499625858,2019-06-25T21:53:45.858Z,sell,4.28e-06,444.0,0.0019003199999999
SYS/BTC,1561499657408,2019-06-25T21:54:17.408Z,buy,4.3e-06,2014.0,0.0086602
SYS/BTC,1561499658460,2019-06-25T21:54:18.460Z,buy,4.31e-06,881.0,0.00379711
SYS/BTC,1561499658460,2019-06-25T21:54:18.460Z,buy,4.32e-06,4741.0,0.02048112
SYS/BTC,1561499658460,2019-06-25T21:54:18.460Z,buy,4.34e-06,12908.0,0.0560207199999999
SYS/BTC,1561499736392,2019-06-25T21:55:36.392Z,buy,4.33e-06,235.0,0.00101755
SYS/BTC,1561499742559,2019-06-25T21:55:42.559Z,sell,4.31e-06,974.0,0.00419794
SYS/BTC,1561499754224,2019-06-25T21:55:54.224Z,sell,4.31e-06,466.0,0.00200846
SYS/BTC,1561499814936,2019-06-25T21:56:54.936Z,buy,4.33e-06,646.0,0.00279718
SYS/BTC,1561500076796,2019-06-25T22:01:16.796Z,sell,4.31e-06,1000.0,0.00431
SYS/BTC,1561500167313,2019-06-25T22:02:47.313Z,sell,4.29e-06,3402.0,0.01459458
SYS/BTC,1561500167775,2019-06-25T22:02:47.775Z,buy,4.29e-06,1833.0,0.0078635699999999
SYS/BTC,1561500167917,2019-06-25T22:02:47.917Z,buy,4.29e-06,9707.0,0.04164303
SYS/BTC,1561500167999,2019-06-25T22:02:47.999Z,buy,4.29e-06,6389.0,0.02740881
SYS/BTC,1561500228900,2019-06-25T22:03:48.900Z,sell,4.3e-06,865.0,0.0037195
SYS/BTC,1561500229544,2019-06-25T22:03:49.544Z,sell,4.28e-06,720.0,0.0030816
SYS/BTC,1561500233135,2019-06-25T22:03:53.135Z,buy,4.28e-06,4638.0,0.01985064
SYS/BTC,1561500233578,2019-06-25T22:03:53.578Z,sell,4.27e-06,500.0,0.0021349999999999
SYS/BTC,1561500390618,2019-06-25T22:06:30.618Z,sell,4.27e-06,969.0,0.00413763
SYS/BTC,1561500455579,2019-06-25T22:07:35.579Z,buy,4.3e-06,850.0,0.003655
SYS/BTC,1561500456807,2019-06-25T22:07:36.807Z,buy,4.3e-06,65.0,0.0002795
SYS/BTC,1561500473427,2019-06-25T22:07:53.427Z,buy,4.3e-06,7273.0,0.0312739
SYS/BTC,1561500483533,2019-06-25T22:08:03.533Z,sell,4.3e-06,919.0,0.0039517
SYS/BTC,1561500583238,2019-06-25T22:09:43.238Z,buy,4.31e-06,7617.0,0.03282927
SYS/BTC,1561500616441,2019-06-25T22:10:16.441Z,sell,4.28e-06,999.0,0.0042757199999999
SYS/BTC,1561500620595,2019-06-25T22:10:20.595Z,buy,4.31e-06,2115.0,0.00911565
SYS/BTC,1561500795830,2019-06-25T22:13:15.830Z,buy,4.31e-06,65.0,0.00028015
SYS/BTC,1561500968380,2019-06-25T22:16:08.380Z,buy,4.31e-06,76.0,0.00032756
SYS/BTC,1561501037012,2019-06-25T22:17:17.012Z,buy,4.31e-06,3757.0,0.01619267
SYS/BTC,1561501066496,2019-06-25T22:17:46.496Z,sell,4.3e-06,954.0,0.0041022
SYS/BTC,1561501323966,2019-06-25T22:22:03.966Z,sell,4.29e-06,383.0,0.00164307
SYS/BTC,1561501535894,2019-06-25T22:25:35.894Z,sell,4.28e-06,260.0,0.0011128
SYS/BTC,1561501535894,2019-06-25T22:25:35.894Z,sell,4.27e-06,5480.0,0.0233996
SYS/BTC,1561501535894,2019-06-25T22:25:35.894Z,sell,4.26e-06,2746.0,0.01169796
SYS/BTC,1561501535894,2019-06-25T22:25:35.894Z,sell,4.25e-06,3482.0,0.0147985
SYS/BTC,1561501535894,2019-06-25T22:25:35.894Z,sell,4.24e-06,6687.0,0.02835288
SYS/BTC,1561501536532,2019-06-25T22:25:36.532Z,buy,4.26e-06,1925.0,0.0082005
SYS/BTC,1561501536736,2019-06-25T22:25:36.736Z,buy,4.26e-06,3953.0,0.01683978
SYS/BTC,1561501537209,2019-06-25T22:25:37.209Z,buy,4.28e-06,809.0,0.0034625199999999
SYS/BTC,1561501537209,2019-06-25T22:25:37.209Z,buy,4.32e-06,3144.0,0.01358208
SYS/BTC,1561501550371,2019-06-25T22:25:50.371Z,sell,4.27e-06,318.0,0.00135786
SYS/BTC,1561501587721,2019-06-25T22:26:27.721Z,sell,4.27e-06,500.0,0.0021349999999999
SYS/BTC,1561501590642,2019-06-25T22:26:30.642Z,buy,4.28e-06,1577.0,0.0067495599999999
SYS/BTC,1561501646073,2019-06-25T22:27:26.073Z,buy,4.29e-06,2480.0,0.0106392
SYS/BTC,1561501646073,2019-06-25T22:27:26.073Z,buy,4.31e-06,1237.0,0.00533147
SYS/BTC,1561501646073,2019-06-25T22:27:26.073Z,buy,4.32e-06,1048.0,0.00452736
SYS/BTC,1561501646073,2019-06-25T22:27:26.073Z,buy,4.33e-06,790.0,0.0034207
SYS/BTC,1561501664437,2019-06-25T22:27:44.437Z,sell,4.31e-06,952.0,0.00410312
SYS/BTC,1561501787087,2019-06-25T22:29:47.087Z,buy,4.29e-06,76.0,0.00032604
SYS/BTC,1561501894474,2019-06-25T22:31:34.474Z,sell,4.27e-06,507.0,0.00216489
SYS/BTC,1561501894633,2019-06-25T22:31:34.633Z,buy,4.29e-06,876.0,0.00375804
SYS/BTC,1561502016500,2019-06-25T22:33:36.500Z,buy,4.32e-06,510.0,0.0022032
SYS/BTC,1561502054784,2019-06-25T22:34:14.784Z,buy,4.3e-06,71.0,0.0003053
SYS/BTC,1561502112896,2019-06-25T22:35:12.896Z,buy,4.29e-06,80.0,0.0003432
SYS/BTC,1561502141063,2019-06-25T22:35:41.063Z,buy,4.29e-06,88.0,0.0003775199999999
SYS/BTC,1561502162536,2019-06-25T22:36:02.536Z,buy,4.28e-06,415.0,0.0017762
SYS/BTC,1561502229374,2019-06-25T22:37:09.374Z,buy,4.28e-06,255.0,0.0010914
SYS/BTC,1561502267550,2019-06-25T22:37:47.550Z,buy,4.28e-06,291.0,0.00124548
SYS/BTC,1561502413642,2019-06-25T22:40:13.642Z,sell,4.27e-06,510.0,0.0021777
SYS/BTC,1561502470574,2019-06-25T22:41:10.574Z,sell,4.27e-06,2563.0,0.0109440099999999
SYS/BTC,1561502545668,2019-06-25T22:42:25.668Z,buy,4.28e-06,1355.0,0.0057994
SYS/BTC,1561503010294,2019-06-25T22:50:10.294Z,buy,4.29e-06,74.0,0.00031746
SYS/BTC,1561503062391,2019-06-25T22:51:02.391Z,buy,4.29e-06,66.0,0.00028314
SYS/BTC,1561503062391,2019-06-25T22:51:02.391Z,buy,4.29e-06,66.0,0.00028314
SYS/BTC,1561503462525,2019-06-25T22:57:42.525Z,buy,4.28e-06,356.0,0.00152368
SYS/BTC,1561503472115,2019-06-25T22:57:52.115Z,buy,4.28e-06,82.0,0.00035096
SYS/BTC,1561503472186,2019-06-25T22:57:52.186Z,sell,4.27e-06,316.0,0.00134932
SYS/BTC,1561503550784,2019-06-25T22:59:10.784Z,buy,4.28e-06,318.0,0.00136104
SYS/BTC,1561503587818,2019-06-25T22:59:47.818Z,buy,4.28e-06,782.0,0.00334696
SYS/BTC,1561503644347,2019-06-25T23:00:44.347Z,buy,4.28e-06,301.0,0.00128828
SYS/BTC,1561503849027,2019-06-25T23:04:09.027Z,sell,4.27e-06,3003.0,0.0128228099999999
SYS/BTC,1561503849169,2019-06-25T23:04:09.169Z,buy,4.27e-06,1500.0,0.0064049999999999
SYS/BTC,1561503949929,2019-06-25T23:05:49.929Z,buy,4.27e-06,1450.0,0.0061915
SYS/BTC,1561504001900,2019-06-25T23:06:41.900Z,buy,4.27e-06,627.0,0.0026772899999999
SYS/BTC,1561504002462,2019-06-25T23:06:42.462Z,sell,4.26e-06,786.0,0.00334836
SYS/BTC,1561504085401,2019-06-25T23:08:05.401Z,sell,4.26e-06,638.0,0.0027178799999999
SYS/BTC,1561504134259,2019-06-25T23:08:54.259Z,sell,4.26e-06,377.0,0.0016060199999999
SYS/BTC,1561504468879,2019-06-25T23:14:28.879Z,buy,4.27e-06,6291.0,0.02686257
SYS/BTC,1561504468879,2019-06-25T23:14:28.879Z,buy,4.28e-06,3007.0,0.01286996
SYS/BTC,1561504471492,2019-06-25T23:14:31.492Z,sell,4.28e-06,587.0,0.00251236
SYS/BTC,1561504472092,2019-06-25T23:14:32.092Z,sell,4.28e-06,852.0,0.0036465599999999
SYS/BTC,1561504472897,2019-06-25T23:14:32.897Z,sell,4.28e-06,587.0,0.00251236
SYS/BTC,1561504577119,2019-06-25T23:16:17.119Z,sell,4.28e-06,3421.0,0.01464188
SYS/BTC,1561504577336,2019-06-25T23:16:17.336Z,buy,4.29e-06,1361.0,0.00583869
SYS/BTC,1561504605522,2019-06-25T23:16:45.522Z,buy,4.29e-06,2200.0,0.0094379999999999
SYS/BTC,1561504606850,2019-06-25T23:16:46.850Z,buy,4.29e-06,2037.0,0.0087387299999999
SYS/BTC,1561504607414,2019-06-25T23:16:47.414Z,sell,4.29e-06,412.0,0.0017674799999999
SYS/BTC,1561504679768,2019-06-25T23:17:59.768Z,buy,4.3e-06,3053.0,0.0131279
SYS/BTC,1561504680475,2019-06-25T23:18:00.475Z,sell,4.29e-06,853.0,0.0036593699999999
SYS/BTC,1561504684651,2019-06-25T23:18:04.651Z,buy,4.3e-06,235.0,0.0010105
SYS/BTC,1561504684651,2019-06-25T23:18:04.651Z,buy,4.31e-06,15.0,6.465e-05
SYS/BTC,1561504863733,2019-06-25T23:21:03.733Z,buy,4.3e-06,1266.0,0.0054438
SYS/BTC,1561504912859,2019-06-25T23:21:52.859Z,buy,4.3e-06,930.0,0.003999
SYS/BTC,1561505151699,2019-06-25T23:25:51.699Z,sell,4.29e-06,1259.0,0.00540111
SYS/BTC,1561505153869,2019-06-25T23:25:53.869Z,sell,4.28e-06,24117.0,0.10322076
SYS/BTC,1561505154713,2019-06-25T23:25:54.713Z,sell,4.28e-06,2028.0,0.00867984
SYS/BTC,1561505456926,2019-06-25T23:30:56.926Z,sell,4.28e-06,465.0,0.0019901999999999
SYS/BTC,1561505518524,2019-06-25T23:31:58.524Z,sell,4.28e-06,1738.0,0.00743864
SYS/BTC,1561505614165,2019-06-25T23:33:34.165Z,sell,4.28e-06,66211.0,0.2833830799999999
SYS/BTC,1561505614326,2019-06-25T23:33:34.326Z,sell,4.28e-06,923.0,0.0039504399999999
SYS/BTC,1561505614554,2019-06-25T23:33:34.554Z,sell,4.28e-06,930.0,0.0039803999999999
SYS/BTC,1561505617958,2019-06-25T23:33:37.958Z,sell,4.28e-06,925.0,0.003959
SYS/BTC,1561505619460,2019-06-25T23:33:39.460Z,sell,4.28e-06,923.0,0.0039504399999999
SYS/BTC,1561505619825,2019-06-25T23:33:39.825Z,sell,4.28e-06,923.0,0.0039504399999999
SYS/BTC,1561505621816,2019-06-25T23:33:41.816Z,sell,4.28e-06,928.0,0.00397184
SYS/BTC,1561506132164,2019-06-25T23:42:12.164Z,sell,4.28e-06,27405.0,0.1172933999999999
SYS/BTC,1561506225778,2019-06-25T23:43:45.778Z,buy,4.28e-06,350.0,0.001498
SYS/BTC,1561506566814,2019-06-25T23:49:26.814Z,buy,4.28e-06,1151.0,0.00492628
SYS/BTC,1561506566814,2019-06-25T23:49:26.814Z,buy,4.28e-06,1151.0,0.00492628
SYS/BTC,1561506792828,2019-06-25T23:53:12.828Z,sell,4.27e-06,252.0,0.00107604
SYS/BTC,1561506792828,2019-06-25T23:53:12.828Z,sell,4.26e-06,253.0,0.00107778
SYS/BTC,1561506793064,2019-06-25T23:53:13.064Z,buy,4.26e-06,305.0,0.0012993
SYS/BTC,1561506797700,2019-06-25T23:53:17.700Z,buy,4.26e-06,1268.0,0.00540168
SYS/BTC,1561506828278,2019-06-25T23:53:48.278Z,buy,4.27e-06,240.0,0.0010248
SYS/BTC,1561506829246,2019-06-25T23:53:49.246Z,buy,4.26e-06,903.0,0.0038467799999999
SYS/BTC,1561506836738,2019-06-25T23:53:56.738Z,buy,4.26e-06,934.0,0.00397884
SYS/BTC,1561506968461,2019-06-25T23:56:08.461Z,buy,4.27e-06,512.0,0.00218624
SYS/BTC,1561507079442,2019-06-25T23:57:59.442Z,sell,4.26e-06,1446.0,0.00615996
SYS/BTC,1561507079442,2019-06-25T23:57:59.442Z,sell,4.25e-06,1754.0,0.0074545
SYS/BTC,1561507079442,2019-06-25T23:57:59.442Z,sell,4.24e-06,1449.0,0.00614376
SYS/BTC,1561507079442,2019-06-25T23:57:59.442Z,sell,4.23e-06,23155.0,0.09794565
SYS/BTC,1561507079442,2019-06-25T23:57:59.442Z,sell,4.22e-06,1890.0,0.0079758
SYS/BTC,1561507079460,2019-06-25T23:57:59.460Z,buy,4.22e-06,1211.0,0.00511042
SYS/BTC,1561507079464,2019-06-25T23:57:59.464Z,buy,4.22e-06,11445.0,0.0482979
SYS/BTC,1561507079470,2019-06-25T23:57:59.470Z,buy,4.22e-06,90757.0,0.38299454
SYS/BTC,1561507079474,2019-06-25T23:57:59.474Z,buy,4.27e-06,11442.0,0.04885734
SYS/BTC,1561507079500,2019-06-25T23:57:59.500Z,sell,4.23e-06,2997.0,0.01267731
SYS/BTC,1561507079500,2019-06-25T23:57:59.500Z,sell,4.22e-06,3022.0,0.01275284
SYS/BTC,1561507080970,2019-06-25T23:58:00.970Z,sell,4.22e-06,1211.0,0.00511042
SYS/BTC,1561507080973,2019-06-25T23:58:00.973Z,sell,4.22e-06,5361.0,0.02262342
SYS/BTC,1561507082659,2019-06-25T23:58:02.659Z,sell,4.22e-06,1211.0,0.00511042
SYS/BTC,1561507083010,2019-06-25T23:58:03.010Z,sell,4.22e-06,1002.0,0.00422844
SYS/BTC,1561507083131,2019-06-25T23:58:03.131Z,buy,4.23e-06,1746.0,0.00738558
SYS/BTC,1561507083478,2019-06-25T23:58:03.478Z,buy,4.23e-06,2631.0,0.01112913
SYS/BTC,1561507084453,2019-06-25T23:58:04.453Z,sell,4.22e-06,500.0,0.00211
SYS/BTC,1561507084818,2019-06-25T23:58:04.818Z,sell,4.22e-06,6000.0,0.02532
SYS/BTC,1561507088016,2019-06-25T23:58:08.016Z,sell,4.22e-06,885.0,0.0037347
SYS/BTC,1561507088189,2019-06-25T23:58:08.189Z,sell,4.22e-06,501.0,0.00211422
SYS/BTC,1561507090625,2019-06-25T23:58:10.625Z,sell,4.22e-06,518.0,0.00218596
SYS/BTC,1561507094665,2019-06-25T23:58:14.665Z,sell,4.21e-06,1618.0,0.00681178
SYS/BTC,1561507094876,2019-06-25T23:58:14.876Z,sell,4.21e-06,5492.0,0.02312132
SYS/BTC,1561507097475,2019-06-25T23:58:17.475Z,sell,4.21e-06,294.0,0.00123774
SYS/BTC,1561507099284,2019-06-25T23:58:19.284Z,sell,4.21e-06,312.0,0.00131352
SYS/BTC,1561507101364,2019-06-25T23:58:21.364Z,sell,4.2e-06,319.0,0.0013398
SYS/BTC,1561507101364,2019-06-25T23:58:21.364Z,sell,4.2e-06,993.0,0.0041706
SYS/BTC,1561507115673,2019-06-25T23:58:35.673Z,sell,4.21e-06,5005.0,0.02107105
SYS/BTC,1561507151689,2019-06-25T23:59:11.689Z,sell,4.21e-06,248.0,0.00104408
SYS/BTC,1561507152864,2019-06-25T23:59:12.864Z,buy,4.23e-06,576.0,0.00243648
SYS/BTC,1561507175577,2019-06-25T23:59:35.577Z,buy,4.23e-06,1510.0,0.0063873
SYS/BTC,1561507175581,2019-06-25T23:59:35.581Z,buy,4.23e-06,995.0,0.00420885
SYS/BTC,1561507188927,2019-06-25T23:59:48.927Z,buy,4.23e-06,998.0,0.00422154
SYS/BTC,1561507188948,2019-06-25T23:59:48.948Z,buy,4.23e-06,1098.0,0.00464454
SYS/BTC,1561507188954,2019-06-25T23:59:48.954Z,buy,4.23e-06,1098.0,0.00464454
SYS/BTC,1561507189005,2019-06-25T23:59:49.005Z,sell,4.21e-06,354.0,0.00149034
SYS/BTC,1561507198570,2019-06-25T23:59:58.570Z,sell,4.22e-06,947.0,0.00399634
SYS/BTC,1561507206552,2019-06-26T00:00:06.552Z,sell,4.22e-06,7609.0,0.03210998
SYS/BTC,1561507206866,2019-06-26T00:00:06.866Z,sell,4.21e-06,1098.0,0.00462258
SYS/BTC,1561507212264,2019-06-26T00:00:12.264Z,buy,4.22e-06,297.0,0.00125334
SYS/BTC,1561507322443,2019-06-26T00:02:02.443Z,buy,4.22e-06,4301.0,0.01815022
SYS/BTC,1561507333884,2019-06-26T00:02:13.884Z,sell,4.21e-06,511.0,0.00215131
SYS/BTC,1561507388978,2019-06-26T00:03:08.978Z,buy,4.22e-06,317.0,0.00133774
SYS/BTC,1561507937129,2019-06-26T00:12:17.129Z,sell,4.21e-06,620.0,0.0026102
SYS/BTC,1561507937586,2019-06-26T00:12:17.586Z,sell,4.21e-06,350.0,0.0014735
SYS/BTC,1561508214195,2019-06-26T00:16:54.195Z,sell,4.21e-06,1615.0,0.00679915
SYS/BTC,1561508350047,2019-06-26T00:19:10.047Z,sell,4.21e-06,255.0,0.00107355
SYS/BTC,1561508350349,2019-06-26T00:19:10.349Z,sell,4.21e-06,10048.0,0.04230208
SYS/BTC,1561508353400,2019-06-26T00:19:13.400Z,sell,4.19e-06,750.0,0.0031425
SYS/BTC,1561508353400,2019-06-26T00:19:13.400Z,sell,4.19e-06,130.0,0.0005447
SYS/BTC,1561508353400,2019-06-26T00:19:13.400Z,sell,4.18e-06,254.0,0.00106172
SYS/BTC,1561508355461,2019-06-26T00:19:15.461Z,buy,4.19e-06,12624.0,0.0528945599999999
SYS/BTC,1561508361287,2019-06-26T00:19:21.287Z,sell,4.18e-06,808.0,0.0033774399999999
SYS/BTC,1561508364326,2019-06-26T00:19:24.326Z,buy,4.19e-06,6813.0,0.0285464699999999
SYS/BTC,1561508367038,2019-06-26T00:19:27.038Z,sell,4.18e-06,500.0,0.00209
SYS/BTC,1561508388755,2019-06-26T00:19:48.755Z,sell,4.18e-06,805.0,0.0033648999999999
SYS/BTC,1561508403980,2019-06-26T00:20:03.980Z,sell,4.18e-06,3707.0,0.0154952599999999
SYS/BTC,1561508403980,2019-06-26T00:20:03.980Z,sell,4.17e-06,3896.0,0.0162463199999999
SYS/BTC,1561508408382,2019-06-26T00:20:08.382Z,sell,4.18e-06,3880.0,0.0162184
SYS/BTC,1561508408382,2019-06-26T00:20:08.382Z,sell,4.17e-06,9053.0,0.03775101
SYS/BTC,1561508408382,2019-06-26T00:20:08.382Z,sell,4.16e-06,518.0,0.00215488
SYS/BTC,1561508408382,2019-06-26T00:20:08.382Z,sell,4.15e-06,1549.0,0.00642835
SYS/BTC,1561508412495,2019-06-26T00:20:12.495Z,sell,4.18e-06,2548.0,0.01065064
SYS/BTC,1561508413040,2019-06-26T00:20:13.040Z,buy,4.18e-06,3452.0,0.0144293599999999
SYS/BTC,1561508413087,2019-06-26T00:20:13.087Z,buy,4.19e-06,1289.0,0.0054009099999999
SYS/BTC,1561508413257,2019-06-26T00:20:13.257Z,sell,4.19e-06,2163.0,0.00906297
SYS/BTC,1561508423877,2019-06-26T00:20:23.877Z,sell,4.18e-06,3675.0,0.0153614999999999
SYS/BTC,1561508427195,2019-06-26T00:20:27.195Z,sell,4.17e-06,3254.0,0.01356918
SYS/BTC,1561508427195,2019-06-26T00:20:27.195Z,sell,4.16e-06,480.0,0.0019968
SYS/BTC,1561508427195,2019-06-26T00:20:27.195Z,sell,4.15e-06,12702.0,0.0527133
SYS/BTC,1561508427195,2019-06-26T00:20:27.195Z,sell,4.14e-06,2075.0,0.0085905
SYS/BTC,1561508428170,2019-06-26T00:20:28.170Z,buy,4.17e-06,783.0,0.00326511
SYS/BTC,1561508430526,2019-06-26T00:20:30.526Z,sell,4.18e-06,783.0,0.00327294
SYS/BTC,1561508468293,2019-06-26T00:21:08.293Z,buy,4.18e-06,179.0,0.00074822
SYS/BTC,1561508587493,2019-06-26T00:23:07.493Z,sell,4.18e-06,3661.0,0.0153029799999999
SYS/BTC,1561508612132,2019-06-26T00:23:32.132Z,buy,4.19e-06,7112.0,0.0297992799999999
SYS/BTC,1561508612298,2019-06-26T00:23:32.298Z,buy,4.2e-06,7112.0,0.0298704
SYS/BTC,1561508613525,2019-06-26T00:23:33.525Z,buy,4.2e-06,4394.0,0.0184547999999999
SYS/BTC,1561508614305,2019-06-26T00:23:34.305Z,buy,4.21e-06,1248.0,0.00525408
SYS/BTC,1561508615086,2019-06-26T00:23:35.086Z,buy,4.21e-06,594.0,0.00250074
SYS/BTC,1561508615263,2019-06-26T00:23:35.263Z,buy,4.21e-06,5337.0,0.02246877
SYS/BTC,1561508616643,2019-06-26T00:23:36.643Z,buy,4.21e-06,594.0,0.00250074
SYS/BTC,1561508618489,2019-06-26T00:23:38.489Z,buy,4.21e-06,594.0,0.00250074
SYS/BTC,1561508619701,2019-06-26T00:23:39.701Z,buy,4.21e-06,594.0,0.00250074
SYS/BTC,1561508621470,2019-06-26T00:23:41.470Z,buy,4.21e-06,594.0,0.00250074
SYS/BTC,1561508622163,2019-06-26T00:23:42.163Z,buy,4.21e-06,579.0,0.00243759
SYS/BTC,1561508622663,2019-06-26T00:23:42.663Z,buy,4.21e-06,594.0,0.00250074
SYS/BTC,1561508623876,2019-06-26T00:23:43.876Z,buy,4.21e-06,594.0,0.00250074
SYS/BTC,1561508625272,2019-06-26T00:23:45.272Z,buy,4.21e-06,594.0,0.00250074
SYS/BTC,1561508626527,2019-06-26T00:23:46.527Z,buy,4.21e-06,594.0,0.00250074
SYS/BTC,1561508627735,2019-06-26T00:23:47.735Z,buy,4.21e-06,594.0,0.00250074
SYS/BTC,1561508628940,2019-06-26T00:23:48.940Z,buy,4.21e-06,594.0,0.00250074
SYS/BTC,1561508630320,2019-06-26T00:23:50.320Z,buy,4.21e-06,594.0,0.00250074
SYS/BTC,1561508631936,2019-06-26T00:23:51.936Z,buy,4.21e-06,594.0,0.00250074
SYS/BTC,1561508633334,2019-06-26T00:23:53.334Z,buy,4.21e-06,594.0,0.00250074
SYS/BTC,1561508634536,2019-06-26T00:23:54.536Z,buy,4.21e-06,594.0,0.00250074
SYS/BTC,1561508635806,2019-06-26T00:23:55.806Z,buy,4.21e-06,594.0,0.00250074
SYS/BTC,1561508637236,2019-06-26T00:23:57.236Z,buy,4.21e-06,594.0,0.00250074
SYS/BTC,1561508639012,2019-06-26T00:23:59.012Z,buy,4.21e-06,594.0,0.00250074
SYS/BTC,1561508640667,2019-06-26T00:24:00.667Z,buy,4.21e-06,594.0,0.00250074
SYS/BTC,1561508641879,2019-06-26T00:24:01.879Z,buy,4.21e-06,594.0,0.00250074
SYS/BTC,1561508643107,2019-06-26T00:24:03.107Z,buy,4.21e-06,594.0,0.00250074
SYS/BTC,1561508872069,2019-06-26T00:27:52.069Z,buy,4.21e-06,277.0,0.00116617
SYS/BTC,1561508938982,2019-06-26T00:28:58.982Z,sell,4.2e-06,4901.0,0.0205841999999999
SYS/BTC,1561509318338,2019-06-26T00:35:18.338Z,sell,4.2e-06,654.0,0.0027467999999999
SYS/BTC,1561509530586,2019-06-26T00:38:50.586Z,sell,4.2e-06,3490.0,0.014658
SYS/BTC,1561509667409,2019-06-26T00:41:07.409Z,buy,4.21e-06,1216.0,0.00511936
SYS/BTC,1561509671372,2019-06-26T00:41:11.372Z,buy,4.21e-06,1826.0,0.00768746
SYS/BTC,1561509743039,2019-06-26T00:42:23.039Z,sell,4.2e-06,4051.0,0.0170141999999999
SYS/BTC,1561509743039,2019-06-26T00:42:23.039Z,sell,4.18e-06,8095.0,0.0338370999999999
SYS/BTC,1561509743039,2019-06-26T00:42:23.039Z,sell,4.17e-06,2856.0,0.01190952
SYS/BTC,1561509743039,2019-06-26T00:42:23.039Z,sell,4.16e-06,2998.0,0.01247168
SYS/BTC,1561509744056,2019-06-26T00:42:24.056Z,buy,4.2e-06,2025.0,0.0085049999999999
SYS/BTC,1561509744729,2019-06-26T00:42:24.729Z,sell,4.19e-06,1323.0,0.00554337
SYS/BTC,1561509744729,2019-06-26T00:42:24.729Z,sell,4.18e-06,703.0,0.00293854
SYS/BTC,1561509746681,2019-06-26T00:42:26.681Z,buy,4.19e-06,2025.0,0.00848475
SYS/BTC,1561509746681,2019-06-26T00:42:26.681Z,buy,4.2e-06,1424.0,0.0059808
SYS/BTC,1561509747277,2019-06-26T00:42:27.277Z,buy,4.2e-06,2025.0,0.0085049999999999
SYS/BTC,1561509749261,2019-06-26T00:42:29.261Z,buy,4.21e-06,970.0,0.0040837
SYS/BTC,1561509751132,2019-06-26T00:42:31.132Z,buy,4.21e-06,346.0,0.00145666
SYS/BTC,1561509757627,2019-06-26T00:42:37.627Z,buy,4.21e-06,3132.0,0.01318572
SYS/BTC,1561509783209,2019-06-26T00:43:03.209Z,sell,4.19e-06,2000.0,0.0083799999999999
SYS/BTC,1561509790579,2019-06-26T00:43:10.579Z,sell,4.19e-06,378.0,0.0015838199999999
SYS/BTC,1561509824510,2019-06-26T00:43:44.510Z,buy,4.2e-06,952.0,0.0039984
SYS/BTC,1561509848200,2019-06-26T00:44:08.200Z,buy,4.2e-06,952.0,0.0039984
SYS/BTC,1561509856245,2019-06-26T00:44:16.245Z,buy,4.2e-06,952.0,0.0039984
SYS/BTC,1561509858948,2019-06-26T00:44:18.948Z,buy,4.2e-06,300.0,0.0012599999999999
SYS/BTC,1561509863659,2019-06-26T00:44:23.659Z,buy,4.2e-06,1893.0,0.0079505999999999
SYS/BTC,1561509864525,2019-06-26T00:44:24.525Z,buy,4.2e-06,3782.0,0.0158844
SYS/BTC,1561509865942,2019-06-26T00:44:25.942Z,buy,4.2e-06,352.0,0.0014784
SYS/BTC,1561509904808,2019-06-26T00:45:04.808Z,buy,4.2e-06,2975.0,0.012495
SYS/BTC,1561509910788,2019-06-26T00:45:10.788Z,buy,4.2e-06,1957.0,0.0082194
SYS/BTC,1561509910788,2019-06-26T00:45:10.788Z,buy,4.21e-06,13043.0,0.05491103
SYS/BTC,1561509910788,2019-06-26T00:45:10.788Z,buy,4.2e-06,1957.0,0.0082194
SYS/BTC,1561509910788,2019-06-26T00:45:10.788Z,buy,4.21e-06,13043.0,0.05491103
SYS/BTC,1561510190053,2019-06-26T00:49:50.053Z,sell,4.19e-06,956.0,0.0040056399999999
SYS/BTC,1561510249719,2019-06-26T00:50:49.719Z,buy,4.21e-06,78.0,0.00032838
SYS/BTC,1561510575351,2019-06-26T00:56:15.351Z,buy,4.2e-06,69.0,0.0002898
SYS/BTC,1561510587233,2019-06-26T00:56:27.233Z,buy,4.2e-06,4000.0,0.0168
SYS/BTC,1561510593378,2019-06-26T00:56:33.378Z,sell,4.18e-06,483.0,0.00201894
SYS/BTC,1561510593870,2019-06-26T00:56:33.870Z,buy,4.18e-06,300.0,0.001254
SYS/BTC,1561510594123,2019-06-26T00:56:34.123Z,buy,4.18e-06,187.0,0.00078166
SYS/BTC,1561510728737,2019-06-26T00:58:48.737Z,buy,4.2e-06,6629.0,0.0278417999999999
SYS/BTC,1561510728737,2019-06-26T00:58:48.737Z,buy,4.21e-06,11682.0,0.04918122
SYS/BTC,1561510728737,2019-06-26T00:58:48.737Z,buy,4.22e-06,124890.0,0.5270358
SYS/BTC,1561510728905,2019-06-26T00:58:48.905Z,sell,4.22e-06,354.0,0.00149388
SYS/BTC,1561510863748,2019-06-26T01:01:03.748Z,buy,4.21e-06,71.0,0.00029891
SYS/BTC,1561510898466,2019-06-26T01:01:38.466Z,buy,4.21e-06,183.0,0.00077043
SYS/BTC,1561510898466,2019-06-26T01:01:38.466Z,buy,4.23e-06,6878.0,0.02909394
SYS/BTC,1561510922615,2019-06-26T01:02:02.615Z,buy,4.23e-06,1027.0,0.00434421
SYS/BTC,1561511105870,2019-06-26T01:05:05.870Z,buy,4.23e-06,4260.0,0.0180198
SYS/BTC,1561511117537,2019-06-26T01:05:17.537Z,buy,4.25e-06,1176.0,0.004998
SYS/BTC,1561511117537,2019-06-26T01:05:17.537Z,buy,4.26e-06,1065.0,0.0045369
SYS/BTC,1561511117537,2019-06-26T01:05:17.537Z,buy,4.28e-06,2724.0,0.01165872
SYS/BTC,1561511117537,2019-06-26T01:05:17.537Z,buy,4.29e-06,6796.0,0.0291548399999999
SYS/BTC,1561511117537,2019-06-26T01:05:17.537Z,buy,4.3e-06,14971.0,0.0643753
SYS/BTC,1561511117537,2019-06-26T01:05:17.537Z,buy,4.31e-06,222.0,0.00095682
SYS/BTC,1561511117537,2019-06-26T01:05:17.537Z,buy,4.32e-06,1330.0,0.0057456
SYS/BTC,1561511117537,2019-06-26T01:05:17.537Z,buy,4.33e-06,2164.0,0.00937012
SYS/BTC,1561511117537,2019-06-26T01:05:17.537Z,buy,4.34e-06,17452.0,0.07574168
SYS/BTC,1561511117733,2019-06-26T01:05:17.733Z,buy,4.24e-06,929.0,0.00393896
SYS/BTC,1561511117763,2019-06-26T01:05:17.763Z,sell,4.24e-06,676.0,0.00286624
SYS/BTC,1561511117786,2019-06-26T01:05:17.786Z,sell,4.24e-06,2127.0,0.00901848
SYS/BTC,1561511120013,2019-06-26T01:05:20.013Z,sell,4.27e-06,237.0,0.00101199
SYS/BTC,1561511225472,2019-06-26T01:07:05.472Z,buy,4.26e-06,3969.0,0.01690794
SYS/BTC,1561511225593,2019-06-26T01:07:05.593Z,sell,4.23e-06,1344.0,0.00568512
SYS/BTC,1561511225630,2019-06-26T01:07:05.630Z,buy,4.27e-06,240.0,0.0010248
SYS/BTC,1561511225682,2019-06-26T01:07:05.682Z,sell,4.27e-06,263.0,0.00112301
SYS/BTC,1561511225893,2019-06-26T01:07:05.893Z,sell,4.27e-06,433.0,0.0018489099999999
SYS/BTC,1561511225893,2019-06-26T01:07:05.893Z,sell,4.26e-06,928.0,0.00395328
SYS/BTC,1561511232880,2019-06-26T01:07:12.880Z,sell,4.27e-06,1826.0,0.00779702
SYS/BTC,1561511232929,2019-06-26T01:07:12.929Z,sell,4.27e-06,1684.0,0.00719068
SYS/BTC,1561511282357,2019-06-26T01:08:02.357Z,sell,4.26e-06,656.0,0.0027945599999999
SYS/BTC,1561511282442,2019-06-26T01:08:02.442Z,sell,4.26e-06,514.0,0.00218964
SYS/BTC,1561511283743,2019-06-26T01:08:03.743Z,buy,4.26e-06,938.0,0.00399588
SYS/BTC,1561511283877,2019-06-26T01:08:03.877Z,buy,4.26e-06,627.0,0.00267102
SYS/BTC,1561511283923,2019-06-26T01:08:03.923Z,sell,4.26e-06,311.0,0.00132486
SYS/BTC,1561511644066,2019-06-26T01:14:04.066Z,sell,4.24e-06,251.0,0.00106424
SYS/BTC,1561511650358,2019-06-26T01:14:10.358Z,buy,4.27e-06,510.0,0.0021777
SYS/BTC,1561511797119,2019-06-26T01:16:37.119Z,sell,4.26e-06,345.0,0.0014697
SYS/BTC,1561511885726,2019-06-26T01:18:05.726Z,buy,4.27e-06,304.0,0.0012980799999999
SYS/BTC,1561512021059,2019-06-26T01:20:21.059Z,buy,4.27e-06,902.0,0.0038515399999999
SYS/BTC,1561512021534,2019-06-26T01:20:21.534Z,buy,4.27e-06,1117.0,0.00476959
SYS/BTC,1561512021816,2019-06-26T01:20:21.816Z,sell,4.27e-06,495.0,0.00211365
SYS/BTC,1561512022750,2019-06-26T01:20:22.750Z,sell,4.27e-06,1434.0,0.00612318
SYS/BTC,1561512060425,2019-06-26T01:21:00.425Z,sell,4.27e-06,1425.0,0.00608475
SYS/BTC,1561512180874,2019-06-26T01:23:00.874Z,sell,4.27e-06,3591.0,0.01533357
SYS/BTC,1561512619793,2019-06-26T01:30:19.793Z,sell,4.27e-06,510.0,0.0021777
SYS/BTC,1561512660918,2019-06-26T01:31:00.918Z,sell,4.27e-06,710.0,0.0030317
SYS/BTC,1561512671461,2019-06-26T01:31:11.461Z,sell,4.27e-06,4028.0,0.01719956
SYS/BTC,1561512672475,2019-06-26T01:31:12.475Z,sell,4.26e-06,2208.0,0.0094060799999999
SYS/BTC,1561512727975,2019-06-26T01:32:07.975Z,sell,4.26e-06,2405.0,0.0102452999999999
SYS/BTC,1561512838467,2019-06-26T01:33:58.467Z,sell,4.24e-06,246.0,0.00104304
SYS/BTC,1561513304750,2019-06-26T01:41:44.750Z,buy,4.26e-06,246.0,0.00104796
SYS/BTC,1561513304750,2019-06-26T01:41:44.750Z,buy,4.26e-06,246.0,0.00104796
SYS/BTC,1561513885770,2019-06-26T01:51:25.770Z,buy,4.28e-06,902.0,0.00386056
SYS/BTC,1561513885770,2019-06-26T01:51:25.770Z,buy,4.29e-06,13.0,5.577e-05
SYS/BTC,1561514387607,2019-06-26T01:59:47.607Z,sell,4.26e-06,938.0,0.00399588
SYS/BTC,1561514387708,2019-06-26T01:59:47.708Z,sell,4.26e-06,938.0,0.00399588
SYS/BTC,1561514388515,2019-06-26T01:59:48.515Z,sell,4.26e-06,190.0,0.0008093999999999
SYS/BTC,1561514430104,2019-06-26T02:00:30.104Z,sell,4.23e-06,4717.0,0.01995291
SYS/BTC,1561514430173,2019-06-26T02:00:30.173Z,buy,4.23e-06,1097.0,0.00464031
SYS/BTC,1561514431465,2019-06-26T02:00:31.465Z,buy,4.23e-06,3578.0,0.01513494
SYS/BTC,1561514432726,2019-06-26T02:00:32.726Z,sell,4.22e-06,746.0,0.00314812
SYS/BTC,1561514434261,2019-06-26T02:00:34.261Z,buy,4.26e-06,686.0,0.0029223599999999
SYS/BTC,1561514443920,2019-06-26T02:00:43.920Z,sell,4.28e-06,704.0,0.0030131199999999
SYS/BTC,1561514443929,2019-06-26T02:00:43.929Z,sell,4.28e-06,235.0,0.0010057999999999
SYS/BTC,1561514816289,2019-06-26T02:06:56.289Z,buy,4.28e-06,75.0,0.000321
SYS/BTC,1561514866422,2019-06-26T02:07:46.422Z,buy,4.28e-06,72.0,0.00030816
SYS/BTC,1561514945722,2019-06-26T02:09:05.722Z,buy,4.28e-06,1518.0,0.00649704
SYS/BTC,1561514951104,2019-06-26T02:09:11.104Z,sell,4.28e-06,140.0,0.0005991999999999
SYS/BTC,1561515072238,2019-06-26T02:11:12.238Z,buy,4.28e-06,87.0,0.0003723599999999
SYS/BTC,1561516173806,2019-06-26T02:29:33.806Z,sell,4.25e-06,943.0,0.00400775
SYS/BTC,1561516173806,2019-06-26T02:29:33.806Z,sell,4.24e-06,4689.0,0.01988136
SYS/BTC,1561516173806,2019-06-26T02:29:33.806Z,sell,4.22e-06,7272.0,0.03068784
SYS/BTC,1561516173824,2019-06-26T02:29:33.824Z,buy,4.22e-06,5632.0,0.02376704
SYS/BTC,1561516173838,2019-06-26T02:29:33.838Z,buy,4.22e-06,2961.0,0.01249542
SYS/BTC,1561516173853,2019-06-26T02:29:33.853Z,buy,4.22e-06,995.0,0.0041989
SYS/BTC,1561516173858,2019-06-26T02:29:33.858Z,buy,4.22e-06,1103.0,0.00465466
SYS/BTC,1561516173895,2019-06-26T02:29:33.895Z,buy,4.22e-06,25555.0,0.1078421
SYS/BTC,1561516174169,2019-06-26T02:29:34.169Z,buy,4.22e-06,4841.0,0.02042902
SYS/BTC,1561516174331,2019-06-26T02:29:34.331Z,sell,4.23e-06,315.0,0.00133245
SYS/BTC,1561516174502,2019-06-26T02:29:34.502Z,sell,4.23e-06,2694.0,0.01139562
SYS/BTC,1561516175424,2019-06-26T02:29:35.424Z,buy,4.23e-06,267.0,0.00112941
SYS/BTC,1561516177046,2019-06-26T02:29:37.046Z,sell,4.23e-06,5632.0,0.02382336
SYS/BTC,1561516183459,2019-06-26T02:29:43.459Z,sell,4.21e-06,19147.0,0.08060887
SYS/BTC,1561516183459,2019-06-26T02:29:43.459Z,sell,4.2e-06,25689.0,0.1078937999999999
SYS/BTC,1561516183459,2019-06-26T02:29:43.459Z,sell,4.19e-06,3016.0,0.0126370399999999
SYS/BTC,1561516186300,2019-06-26T02:29:46.300Z,sell,4.22e-06,500.0,0.00211
SYS/BTC,1561516190465,2019-06-26T02:29:50.465Z,buy,4.24e-06,1809.0,0.00767016
SYS/BTC,1561516204357,2019-06-26T02:30:04.357Z,buy,4.23e-06,296.0,0.00125208
SYS/BTC,1561516241673,2019-06-26T02:30:41.673Z,buy,4.24e-06,513.0,0.00217512
SYS/BTC,1561516362522,2019-06-26T02:32:42.522Z,buy,4.24e-06,935.0,0.0039644
SYS/BTC,1561516404644,2019-06-26T02:33:24.644Z,buy,4.24e-06,1789.0,0.00758536
SYS/BTC,1561516423943,2019-06-26T02:33:43.943Z,sell,4.23e-06,1881.0,0.00795663
SYS/BTC,1561516676641,2019-06-26T02:37:56.641Z,buy,4.25e-06,85.0,0.0003612499999999
SYS/BTC,1561516676641,2019-06-26T02:37:56.641Z,buy,4.25e-06,85.0,0.0003612499999999
SYS/BTC,1561516923713,2019-06-26T02:42:03.713Z,sell,4.23e-06,686.0,0.00290178
SYS/BTC,1561516961203,2019-06-26T02:42:41.203Z,buy,4.24e-06,3000.0,0.01272
SYS/BTC,1561517036207,2019-06-26T02:43:56.207Z,buy,4.24e-06,81.0,0.00034344
SYS/BTC,1561517674982,2019-06-26T02:54:34.982Z,sell,4.21e-06,419.0,0.00176399
SYS/BTC,1561517675134,2019-06-26T02:54:35.134Z,sell,4.21e-06,3396.0,0.01429716
SYS/BTC,1561517697427,2019-06-26T02:54:57.427Z,sell,4.21e-06,954.0,0.00401634
SYS/BTC,1561517698123,2019-06-26T02:54:58.123Z,sell,4.2e-06,512.0,0.0021504
SYS/BTC,1561518116602,2019-06-26T03:01:56.602Z,sell,4.21e-06,536.0,0.00225656
SYS/BTC,1561518127167,2019-06-26T03:02:07.167Z,sell,4.21e-06,922.0,0.00388162
SYS/BTC,1561518128295,2019-06-26T03:02:08.295Z,sell,4.2e-06,782.0,0.0032844
SYS/BTC,1561518129462,2019-06-26T03:02:09.462Z,sell,4.2e-06,5472.0,0.0229823999999999
SYS/BTC,1561518129462,2019-06-26T03:02:09.462Z,sell,4.18e-06,781.0,0.00326458
SYS/BTC,1561518138460,2019-06-26T03:02:18.460Z,buy,4.19e-06,1020.0,0.0042737999999999
SYS/BTC,1561518461336,2019-06-26T03:07:41.336Z,buy,4.19e-06,345.0,0.0014455499999999
SYS/BTC,1561518498449,2019-06-26T03:08:18.449Z,sell,4.18e-06,6006.0,0.02510508
SYS/BTC,1561518543849,2019-06-26T03:09:03.849Z,sell,4.18e-06,10669.0,0.04459642
SYS/BTC,1561518543849,2019-06-26T03:09:03.849Z,sell,4.17e-06,265.0,0.00110505
SYS/BTC,1561518543849,2019-06-26T03:09:03.849Z,sell,4.16e-06,2062.0,0.00857792
SYS/BTC,1561518543849,2019-06-26T03:09:03.849Z,sell,4.15e-06,7409.0,0.03074735
SYS/BTC,1561518543849,2019-06-26T03:09:03.849Z,sell,4.14e-06,3123.0,0.01292922
SYS/BTC,1561518543869,2019-06-26T03:09:03.869Z,buy,4.15e-06,18080.0,0.075032
SYS/BTC,1561518543876,2019-06-26T03:09:03.876Z,buy,4.15e-06,920.0,0.003818
SYS/BTC,1561518544622,2019-06-26T03:09:04.622Z,sell,4.15e-06,708.0,0.0029382
SYS/BTC,1561518545307,2019-06-26T03:09:05.307Z,sell,4.15e-06,3665.0,0.01520975
SYS/BTC,1561518545415,2019-06-26T03:09:05.415Z,buy,4.15e-06,679.0,0.00281785
SYS/BTC,1561518548635,2019-06-26T03:09:08.635Z,sell,4.14e-06,885.0,0.0036639
SYS/BTC,1561518551391,2019-06-26T03:09:11.391Z,sell,4.14e-06,5807.0,0.02404098
SYS/BTC,1561518553915,2019-06-26T03:09:13.915Z,sell,4.14e-06,1417.0,0.00586638
SYS/BTC,1561518556903,2019-06-26T03:09:16.903Z,sell,4.14e-06,921.0,0.00381294
SYS/BTC,1561518558148,2019-06-26T03:09:18.148Z,sell,4.14e-06,6894.0,0.02854116
SYS/BTC,1561518558148,2019-06-26T03:09:18.148Z,sell,4.13e-06,970.0,0.0040061
SYS/BTC,1561518558148,2019-06-26T03:09:18.148Z,sell,4.12e-06,2419.0,0.00996628
SYS/BTC,1561518558148,2019-06-26T03:09:18.148Z,sell,4.11e-06,386.0,0.0015864599999999
SYS/BTC,1561518562160,2019-06-26T03:09:22.160Z,sell,4.11e-06,4489.0,0.0184497899999999
SYS/BTC,1561518563317,2019-06-26T03:09:23.317Z,buy,4.12e-06,338.0,0.00139256
SYS/BTC,1561518588915,2019-06-26T03:09:48.915Z,buy,4.12e-06,9689.0,0.03991868
SYS/BTC,1561518595752,2019-06-26T03:09:55.752Z,buy,4.12e-06,1325.0,0.005459
SYS/BTC,1561518637552,2019-06-26T03:10:37.552Z,sell,4.12e-06,243.0,0.00100116
SYS/BTC,1561518637598,2019-06-26T03:10:37.598Z,buy,4.12e-06,1413.0,0.00582156
SYS/BTC,1561518650362,2019-06-26T03:10:50.362Z,sell,4.11e-06,1413.0,0.00580743
SYS/BTC,1561518788038,2019-06-26T03:13:08.038Z,sell,4.11e-06,972.0,0.00399492
SYS/BTC,1561518850774,2019-06-26T03:14:10.774Z,sell,4.11e-06,1227.0,0.00504297
SYS/BTC,1561518889409,2019-06-26T03:14:49.409Z,sell,4.11e-06,690.0,0.0028358999999999
SYS/BTC,1561518946520,2019-06-26T03:15:46.520Z,buy,4.13e-06,1451.0,0.00599263
SYS/BTC,1561518948554,2019-06-26T03:15:48.554Z,buy,4.13e-06,964.0,0.00398132
SYS/BTC,1561518966028,2019-06-26T03:16:06.028Z,sell,4.11e-06,500.0,0.002055
SYS/BTC,1561519172788,2019-06-26T03:19:32.788Z,sell,4.11e-06,970.0,0.0039866999999999
SYS/BTC,1561519187023,2019-06-26T03:19:47.023Z,sell,4.12e-06,1000.0,0.00412
SYS/BTC,1561519434924,2019-06-26T03:23:54.924Z,buy,4.13e-06,260.0,0.0010738
SYS/BTC,1561519497761,2019-06-26T03:24:57.761Z,buy,4.13e-06,1031.0,0.00425803
SYS/BTC,1561519498568,2019-06-26T03:24:58.568Z,sell,4.12e-06,2421.0,0.00997452
SYS/BTC,1561519532747,2019-06-26T03:25:32.747Z,buy,4.13e-06,500.0,0.002065
SYS/BTC,1561519538587,2019-06-26T03:25:38.587Z,buy,4.13e-06,326.0,0.00134638
SYS/BTC,1561519576097,2019-06-26T03:26:16.097Z,sell,4.12e-06,3393.0,0.01397916
SYS/BTC,1561519595650,2019-06-26T03:26:35.650Z,buy,4.13e-06,785.0,0.00324205
SYS/BTC,1561519632935,2019-06-26T03:27:12.935Z,sell,4.12e-06,7349.0,0.03027788
SYS/BTC,1561519701035,2019-06-26T03:28:21.035Z,buy,4.13e-06,74.0,0.00030562
SYS/BTC,1561519773407,2019-06-26T03:29:33.407Z,buy,4.12e-06,588.0,0.00242256
SYS/BTC,1561519809766,2019-06-26T03:30:09.766Z,sell,4.11e-06,500.0,0.002055
SYS/BTC,1561519824263,2019-06-26T03:30:24.263Z,sell,4.11e-06,12190.0,0.0501009
SYS/BTC,1561519831233,2019-06-26T03:30:31.233Z,sell,4.1e-06,28842.0,0.1182521999999999
SYS/BTC,1561519834849,2019-06-26T03:30:34.849Z,sell,4.09e-06,11005.0,0.04501045
SYS/BTC,1561519836628,2019-06-26T03:30:36.628Z,sell,4.09e-06,16000.0,0.06544
SYS/BTC,1561519837400,2019-06-26T03:30:37.400Z,buy,4.09e-06,659.0,0.00269531
SYS/BTC,1561519838151,2019-06-26T03:30:38.151Z,sell,4.07e-06,7262.0,0.02955634
SYS/BTC,1561519840226,2019-06-26T03:30:40.226Z,sell,4.07e-06,6000.0,0.02442
SYS/BTC,1561519841033,2019-06-26T03:30:41.033Z,sell,4.07e-06,3669.0,0.01493283
SYS/BTC,1561519841247,2019-06-26T03:30:41.247Z,buy,4.09e-06,622.0,0.00254398
SYS/BTC,1561519843656,2019-06-26T03:30:43.656Z,sell,4.08e-06,1903.0,0.0077642399999999
SYS/BTC,1561519845023,2019-06-26T03:30:45.023Z,sell,4.07e-06,500.0,0.002035
SYS/BTC,1561519846323,2019-06-26T03:30:46.323Z,buy,4.08e-06,2962.0,0.01208496
SYS/BTC,1561519846777,2019-06-26T03:30:46.777Z,buy,4.08e-06,2965.0,0.0120971999999999
SYS/BTC,1561519847450,2019-06-26T03:30:47.450Z,buy,4.08e-06,4387.0,0.01789896
SYS/BTC,1561519855678,2019-06-26T03:30:55.678Z,sell,4.08e-06,723.0,0.00294984
SYS/BTC,1561519860595,2019-06-26T03:31:00.595Z,buy,4.09e-06,723.0,0.00295707
SYS/BTC,1561519869223,2019-06-26T03:31:09.223Z,sell,4.09e-06,1228.0,0.00502252
SYS/BTC,1561519910719,2019-06-26T03:31:50.719Z,buy,4.09e-06,1026.0,0.00419634
SYS/BTC,1561519924815,2019-06-26T03:32:04.815Z,sell,4.08e-06,666.0,0.00271728
SYS/BTC,1561519963579,2019-06-26T03:32:43.579Z,buy,4.09e-06,6947.0,0.0284132299999999
SYS/BTC,1561519974580,2019-06-26T03:32:54.580Z,buy,4.1e-06,968.0,0.0039688
SYS/BTC,1561519983419,2019-06-26T03:33:03.419Z,sell,4.1e-06,9026.0,0.0370066
SYS/BTC,1561520001993,2019-06-26T03:33:21.993Z,buy,4.11e-06,1000.0,0.00411
SYS/BTC,1561520013278,2019-06-26T03:33:33.278Z,sell,4.09e-06,8624.0,0.03527216
SYS/BTC,1561520156949,2019-06-26T03:35:56.949Z,buy,4.09e-06,500.0,0.002045
SYS/BTC,1561520223684,2019-06-26T03:37:03.684Z,sell,4.08e-06,482.0,0.00196656
SYS/BTC,1561520223684,2019-06-26T03:37:03.684Z,sell,4.08e-06,482.0,0.00196656
SYS/BTC,1561520444282,2019-06-26T03:40:44.282Z,sell,4.08e-06,523.0,0.00213384
SYS/BTC,1561520461047,2019-06-26T03:41:01.047Z,sell,4.08e-06,246.0,0.00100368
SYS/BTC,1561520471550,2019-06-26T03:41:11.550Z,sell,4.07e-06,9707.0,0.03950749
SYS/BTC,1561520472594,2019-06-26T03:41:12.594Z,buy,4.07e-06,1103.0,0.00448921
SYS/BTC,1561520521436,2019-06-26T03:42:01.436Z,buy,4.07e-06,3913.0,0.01592591
SYS/BTC,1561520778064,2019-06-26T03:46:18.064Z,sell,4.06e-06,17980.0,0.0729988
SYS/BTC,1561520782252,2019-06-26T03:46:22.252Z,sell,4.05e-06,500.0,0.002025
SYS/BTC,1561520785748,2019-06-26T03:46:25.748Z,sell,4.05e-06,2488.0,0.0100764
SYS/BTC,1561520791455,2019-06-26T03:46:31.455Z,sell,4.04e-06,559.0,0.00225836
SYS/BTC,1561520792658,2019-06-26T03:46:32.658Z,sell,4.04e-06,885.0,0.0035754
SYS/BTC,1561520793287,2019-06-26T03:46:33.287Z,sell,4.04e-06,2222.0,0.00897688
SYS/BTC,1561520803835,2019-06-26T03:46:43.835Z,sell,4.05e-06,273.0,0.00110565
SYS/BTC,1561520822538,2019-06-26T03:47:02.538Z,sell,4.05e-06,247.0,0.00100035
SYS/BTC,1561520822633,2019-06-26T03:47:02.633Z,buy,4.06e-06,4971.0,0.02018226
SYS/BTC,1561520849689,2019-06-26T03:47:29.689Z,sell,4.05e-06,773.0,0.00313065
SYS/BTC,1561520849689,2019-06-26T03:47:29.689Z,sell,4.04e-06,1289.0,0.00520756
SYS/BTC,1561520870422,2019-06-26T03:47:50.422Z,sell,4.04e-06,318.0,0.00128472
SYS/BTC,1561520877271,2019-06-26T03:47:57.271Z,sell,4.04e-06,5994.0,0.02421576
SYS/BTC,1561520944253,2019-06-26T03:49:04.253Z,sell,4.04e-06,680.0,0.0027472
SYS/BTC,1561521062318,2019-06-26T03:51:02.318Z,sell,4.04e-06,29767.0,0.12025868
SYS/BTC,1561521062578,2019-06-26T03:51:02.578Z,sell,4.04e-06,16000.0,0.06464
SYS/BTC,1561521102596,2019-06-26T03:51:42.596Z,sell,4.04e-06,2779.0,0.01122716
SYS/BTC,1561521102849,2019-06-26T03:51:42.849Z,sell,4.04e-06,7696.0,0.03109184
SYS/BTC,1561521137905,2019-06-26T03:52:17.905Z,sell,4.04e-06,10450.0,0.042218
SYS/BTC,1561521213208,2019-06-26T03:53:33.208Z,sell,4.04e-06,9470.0,0.0382588
SYS/BTC,1561521215019,2019-06-26T03:53:35.019Z,sell,4.02e-06,559.0,0.0022471799999999
SYS/BTC,1561521264405,2019-06-26T03:54:24.405Z,sell,4.02e-06,6545.0,0.0263108999999999
SYS/BTC,1561521264405,2019-06-26T03:54:24.405Z,sell,4.01e-06,300.0,0.0012029999999999
SYS/BTC,1561521264405,2019-06-26T03:54:24.405Z,sell,4e-06,292.0,0.001168
SYS/BTC,1561521266587,2019-06-26T03:54:26.587Z,sell,4.02e-06,3658.0,0.0147051599999999
SYS/BTC,1561521267038,2019-06-26T03:54:27.038Z,buy,4.02e-06,2300.0,0.0092459999999999
SYS/BTC,1561521267621,2019-06-26T03:54:27.621Z,buy,4.02e-06,2042.0,0.0082088399999999
SYS/BTC,1561521272944,2019-06-26T03:54:32.944Z,sell,4.01e-06,398.0,0.0015959799999999
SYS/BTC,1561521307502,2019-06-26T03:55:07.502Z,sell,4.02e-06,2033.0,0.00817266
SYS/BTC,1561521309339,2019-06-26T03:55:09.339Z,buy,4.02e-06,1226.0,0.00492852
SYS/BTC,1561521314442,2019-06-26T03:55:14.442Z,buy,4.02e-06,690.0,0.0027738
SYS/BTC,1561521318390,2019-06-26T03:55:18.390Z,buy,4.02e-06,4941.0,0.01986282
SYS/BTC,1561521392857,2019-06-26T03:56:32.857Z,sell,4.01e-06,970.0,0.0038897
SYS/BTC,1561521601044,2019-06-26T04:00:01.044Z,buy,4.01e-06,3424.0,0.01373024
SYS/BTC,1561521662260,2019-06-26T04:01:02.260Z,sell,4e-06,10140.0,0.04056
SYS/BTC,1561521665265,2019-06-26T04:01:05.265Z,buy,4e-06,1761.0,0.007044
SYS/BTC,1561521676850,2019-06-26T04:01:16.850Z,sell,3.99e-06,277.0,0.00110523
SYS/BTC,1561521676850,2019-06-26T04:01:16.850Z,sell,3.98e-06,4728.0,0.01881744
SYS/BTC,1561521754981,2019-06-26T04:02:34.981Z,buy,4e-06,1098.0,0.004392
SYS/BTC,1561521922468,2019-06-26T04:05:22.468Z,sell,3.99e-06,942.0,0.00375858
SYS/BTC,1561521999802,2019-06-26T04:06:39.802Z,buy,3.99e-06,1746.0,0.00696654
SYS/BTC,1561522046486,2019-06-26T04:07:26.486Z,sell,3.98e-06,6347.0,0.02526106
SYS/BTC,1561522051179,2019-06-26T04:07:31.179Z,sell,3.97e-06,633.0,0.00251301
SYS/BTC,1561522052473,2019-06-26T04:07:32.473Z,sell,3.97e-06,2499.0,0.00992103
SYS/BTC,1561522052602,2019-06-26T04:07:32.602Z,sell,3.97e-06,633.0,0.00251301
SYS/BTC,1561522054007,2019-06-26T04:07:34.007Z,sell,3.97e-06,461.0,0.00183017
SYS/BTC,1561522054433,2019-06-26T04:07:34.433Z,sell,3.97e-06,456.0,0.00181032
SYS/BTC,1561522057519,2019-06-26T04:07:37.519Z,sell,3.97e-06,3318.0,0.01317246
SYS/BTC,1561522057519,2019-06-26T04:07:37.519Z,sell,3.96e-06,970.0,0.0038412
SYS/BTC,1561522057519,2019-06-26T04:07:37.519Z,sell,3.95e-06,1217.0,0.00480715
SYS/BTC,1561522057519,2019-06-26T04:07:37.519Z,sell,3.95e-06,8253.0,0.03259935
SYS/BTC,1561522059688,2019-06-26T04:07:39.688Z,sell,3.95e-06,8000.0,0.0316
SYS/BTC,1561522062250,2019-06-26T04:07:42.250Z,sell,3.95e-06,885.0,0.00349575
SYS/BTC,1561522201221,2019-06-26T04:10:01.221Z,sell,3.97e-06,4309.0,0.01710673
SYS/BTC,1561522227356,2019-06-26T04:10:27.356Z,buy,3.98e-06,261.0,0.00103878
SYS/BTC,1561522588140,2019-06-26T04:16:28.140Z,buy,3.98e-06,416.0,0.00165568
SYS/BTC,1561522588158,2019-06-26T04:16:28.158Z,buy,3.98e-06,416.0,0.00165568
SYS/BTC,1561522588165,2019-06-26T04:16:28.165Z,buy,3.98e-06,387.0,0.00154026
SYS/BTC,1561522669031,2019-06-26T04:17:49.031Z,sell,3.97e-06,970.0,0.0038509
SYS/BTC,1561522807764,2019-06-26T04:20:07.764Z,buy,3.98e-06,84.0,0.00033432
SYS/BTC,1561522874849,2019-06-26T04:21:14.849Z,sell,3.97e-06,6354.0,0.02522538
SYS/BTC,1561522876077,2019-06-26T04:21:16.077Z,sell,3.97e-06,500.0,0.001985
SYS/BTC,1561522876182,2019-06-26T04:21:16.182Z,buy,3.97e-06,371.0,0.00147287
SYS/BTC,1561522892884,2019-06-26T04:21:32.884Z,sell,3.96e-06,277.0,0.00109692
SYS/BTC,1561522911323,2019-06-26T04:21:51.323Z,buy,3.97e-06,386.0,0.00153242
SYS/BTC,1561522911323,2019-06-26T04:21:51.323Z,buy,3.98e-06,390.0,0.0015522
SYS/BTC,1561523089556,2019-06-26T04:24:49.556Z,buy,3.97e-06,1186.0,0.00470842
SYS/BTC,1561523105779,2019-06-26T04:25:05.779Z,buy,3.97e-06,601.0,0.00238597
SYS/BTC,1561523168882,2019-06-26T04:26:08.882Z,sell,3.96e-06,1163.0,0.00460548
SYS/BTC,1561523221563,2019-06-26T04:27:01.563Z,buy,3.96e-06,253.0,0.00100188
SYS/BTC,1561523289381,2019-06-26T04:28:09.381Z,sell,3.95e-06,288.0,0.0011376
SYS/BTC,1561523358028,2019-06-26T04:29:18.028Z,buy,3.96e-06,680.0,0.0026928
SYS/BTC,1561523358143,2019-06-26T04:29:18.143Z,buy,3.96e-06,960.0,0.0038016
SYS/BTC,1561523359683,2019-06-26T04:29:19.683Z,sell,3.96e-06,3774.0,0.01494504
SYS/BTC,1561523415074,2019-06-26T04:30:15.074Z,sell,3.95e-06,609.0,0.00240555
SYS/BTC,1561523421629,2019-06-26T04:30:21.629Z,buy,3.96e-06,11698.0,0.04632408
SYS/BTC,1561523556707,2019-06-26T04:32:36.707Z,sell,3.95e-06,2719.0,0.01074005
SYS/BTC,1561523556707,2019-06-26T04:32:36.707Z,sell,3.95e-06,2719.0,0.01074005
SYS/BTC,1561523827926,2019-06-26T04:37:07.926Z,buy,3.94e-06,269.0,0.00105986
SYS/BTC,1561523890231,2019-06-26T04:38:10.231Z,buy,3.95e-06,945.0,0.00373275
SYS/BTC,1561523921263,2019-06-26T04:38:41.263Z,buy,3.95e-06,368.0,0.0014536
SYS/BTC,1561523944973,2019-06-26T04:39:04.973Z,sell,3.94e-06,989.0,0.00389666
SYS/BTC,1561523944973,2019-06-26T04:39:04.973Z,sell,3.93e-06,12002.0,0.04716786
SYS/BTC,1561523945023,2019-06-26T04:39:05.023Z,buy,3.93e-06,1240.0,0.0048731999999999
SYS/BTC,1561523945338,2019-06-26T04:39:05.338Z,buy,3.93e-06,7870.0,0.0309290999999999
SYS/BTC,1561524086535,2019-06-26T04:41:26.535Z,sell,3.92e-06,403.0,0.00157976
SYS/BTC,1561524115472,2019-06-26T04:41:55.472Z,sell,3.92e-06,1234.0,0.0048372799999999
SYS/BTC,1561524192849,2019-06-26T04:43:12.849Z,sell,3.92e-06,508.0,0.0019913599999999
SYS/BTC,1561524233906,2019-06-26T04:43:53.906Z,sell,3.92e-06,349.0,0.0013680799999999
SYS/BTC,1561524305593,2019-06-26T04:45:05.593Z,buy,3.94e-06,1240.0,0.0048856
SYS/BTC,1561524305593,2019-06-26T04:45:05.593Z,buy,3.95e-06,163.0,0.00064385
SYS/BTC,1561524389540,2019-06-26T04:46:29.540Z,sell,3.92e-06,256.0,0.00100352
SYS/BTC,1561524454776,2019-06-26T04:47:34.776Z,buy,3.93e-06,5203.0,0.0204477899999999
SYS/BTC,1561524454776,2019-06-26T04:47:34.776Z,buy,3.94e-06,7297.0,0.02875018
SYS/BTC,1561524538958,2019-06-26T04:48:58.958Z,buy,3.92e-06,5657.0,0.0221754399999999
