symbol,timestamp,datetime,side,price,amount,btc_volume
SYS/BTC,1562346313393,2019-07-05T17:05:13.393Z,buy,3.81e-06,342.0,0.00130302
SYS/BTC,1562346532224,2019-07-05T17:08:52.224Z,buy,3.81e-06,1998.0,0.00761238
SYS/BTC,1562346945095,2019-07-05T17:15:45.095Z,buy,3.81e-06,482.0,0.00183642
SYS/BTC,1562347006085,2019-07-05T17:16:46.085Z,buy,3.81e-06,2588.0,0.0098602799999999
SYS/BTC,1562347006085,2019-07-05T17:16:46.085Z,buy,3.82e-06,10957.0,0.0418557399999999
SYS/BTC,1562347006085,2019-07-05T17:16:46.085Z,buy,3.83e-06,7230.0,0.0276908999999999
SYS/BTC,1562347240843,2019-07-05T17:20:40.843Z,buy,3.83e-06,83.0,0.00031789
SYS/BTC,1562347324707,2019-07-05T17:22:04.707Z,buy,3.83e-06,262.0,0.0010034599999999
SYS/BTC,1562347407074,2019-07-05T17:23:27.074Z,buy,3.83e-06,87.0,0.0003332099999999
SYS/BTC,1562347427119,2019-07-05T17:23:47.119Z,sell,3.82e-06,360.0,0.0013752
SYS/BTC,1562347585628,2019-07-05T17:26:25.628Z,sell,3.82e-06,294.0,0.00112308
SYS/BTC,1562347642418,2019-07-05T17:27:22.418Z,buy,3.83e-06,2160.0,0.0082728
SYS/BTC,1562347681003,2019-07-05T17:28:01.003Z,sell,3.83e-06,263.0,0.0010072899999999
SYS/BTC,1562347739998,2019-07-05T17:28:59.998Z,buy,3.84e-06,98.0,0.00037632
SYS/BTC,1562347750040,2019-07-05T17:29:10.040Z,buy,3.84e-06,73.0,0.0002803199999999
SYS/BTC,1562347750445,2019-07-05T17:29:10.445Z,sell,3.83e-06,287.0,0.00109921
SYS/BTC,1562347827941,2019-07-05T17:30:27.941Z,buy,3.84e-06,1006.0,0.0038630399999999
SYS/BTC,1562347827941,2019-07-05T17:30:27.941Z,buy,3.85e-06,969.0,0.00373065
SYS/BTC,1562347865368,2019-07-05T17:31:05.368Z,buy,3.84e-06,84.0,0.0003225599999999
SYS/BTC,1562348008857,2019-07-05T17:33:28.857Z,sell,3.83e-06,676.0,0.0025890799999999
SYS/BTC,1562348129967,2019-07-05T17:35:29.967Z,sell,3.82e-06,6535.0,0.0249637
SYS/BTC,1562348129967,2019-07-05T17:35:29.967Z,sell,3.81e-06,14077.0,0.05363337
SYS/BTC,1562348139920,2019-07-05T17:35:39.920Z,buy,3.83e-06,1302.0,0.0049866599999999
SYS/BTC,1562348140979,2019-07-05T17:35:40.979Z,sell,3.82e-06,443.0,0.00169226
SYS/BTC,1562348185492,2019-07-05T17:36:25.492Z,buy,3.82e-06,74.0,0.00028268
SYS/BTC,1562348211064,2019-07-05T17:36:51.064Z,buy,3.82e-06,521.0,0.00199022
SYS/BTC,1562348212217,2019-07-05T17:36:52.217Z,buy,3.82e-06,287.0,0.00109634
SYS/BTC,1562348296751,2019-07-05T17:38:16.751Z,sell,3.81e-06,7832.0,0.02983992
SYS/BTC,1562348330984,2019-07-05T17:38:50.984Z,sell,3.81e-06,1433.0,0.00545973
SYS/BTC,1562348349586,2019-07-05T17:39:09.586Z,sell,3.81e-06,3167.0,0.01206627
SYS/BTC,1562348352985,2019-07-05T17:39:12.985Z,buy,3.81e-06,2422.0,0.00922782
SYS/BTC,1562348353420,2019-07-05T17:39:13.420Z,buy,3.81e-06,880.0,0.0033528
SYS/BTC,1562348465943,2019-07-05T17:41:05.943Z,buy,3.82e-06,93.0,0.00035526
SYS/BTC,1562348509223,2019-07-05T17:41:49.223Z,buy,3.81e-06,95.0,0.00036195
SYS/BTC,1562348533261,2019-07-05T17:42:13.261Z,buy,3.81e-06,1810.0,0.0068961
SYS/BTC,1562348534003,2019-07-05T17:42:14.003Z,sell,3.81e-06,767.0,0.00292227
SYS/BTC,1562348653070,2019-07-05T17:44:13.070Z,buy,3.82e-06,80.0,0.0003056
SYS/BTC,1562348669089,2019-07-05T17:44:29.089Z,buy,3.82e-06,87.0,0.00033234
SYS/BTC,1562348748002,2019-07-05T17:45:48.002Z,buy,3.82e-06,77.0,0.0002941399999999
SYS/BTC,1562348770745,2019-07-05T17:46:10.745Z,buy,3.82e-06,92.0,0.00035144
SYS/BTC,1562348777446,2019-07-05T17:46:17.446Z,buy,3.82e-06,80.0,0.0003056
SYS/BTC,1562349099803,2019-07-05T17:51:39.803Z,buy,3.82e-06,77.0,0.0002941399999999
SYS/BTC,1562349147349,2019-07-05T17:52:27.349Z,buy,3.82e-06,93.0,0.00035526
SYS/BTC,1562349197092,2019-07-05T17:53:17.092Z,buy,3.82e-06,97.0,0.00037054
SYS/BTC,1562349252154,2019-07-05T17:54:12.154Z,buy,3.82e-06,11251.0,0.04297882
SYS/BTC,1562349335795,2019-07-05T17:55:35.795Z,buy,3.82e-06,80.0,0.0003056
SYS/BTC,1562349495384,2019-07-05T17:58:15.384Z,buy,3.82e-06,97.0,0.00037054
SYS/BTC,1562349495384,2019-07-05T17:58:15.384Z,buy,3.82e-06,97.0,0.00037054
SYS/BTC,1562349646007,2019-07-05T18:00:46.007Z,buy,3.82e-06,73.0,0.0002788599999999
SYS/BTC,1562349783532,2019-07-05T18:03:03.532Z,sell,3.8e-06,603.0,0.0022914
SYS/BTC,1562349783535,2019-07-05T18:03:03.535Z,sell,3.8e-06,706.0,0.0026828
SYS/BTC,1562350019751,2019-07-05T18:06:59.751Z,sell,3.8e-06,1760.0,0.006688
SYS/BTC,1562350019751,2019-07-05T18:06:59.751Z,sell,3.79e-06,112.0,0.00042448
SYS/BTC,1562350036889,2019-07-05T18:07:16.889Z,buy,3.81e-06,381.0,0.0014516099999999
SYS/BTC,1562350255865,2019-07-05T18:10:55.865Z,buy,3.82e-06,527.0,0.00201314
SYS/BTC,1562350267977,2019-07-05T18:11:07.977Z,buy,3.82e-06,1096.0,0.00418672
SYS/BTC,1562350693668,2019-07-05T18:18:13.668Z,sell,3.81e-06,382.0,0.00145542
SYS/BTC,1562350693668,2019-07-05T18:18:13.668Z,sell,3.8e-06,1117.0,0.0042446
SYS/BTC,1562350693668,2019-07-05T18:18:13.668Z,sell,3.79e-06,336.0,0.00127344
SYS/BTC,1562350705610,2019-07-05T18:18:25.610Z,sell,3.8e-06,315.0,0.001197
SYS/BTC,1562350859289,2019-07-05T18:20:59.289Z,sell,3.81e-06,1352.0,0.00515112
SYS/BTC,1562350859289,2019-07-05T18:20:59.289Z,sell,3.8e-06,3246.0,0.0123348
SYS/BTC,1562351014358,2019-07-05T18:23:34.358Z,sell,3.8e-06,7182.0,0.0272916
SYS/BTC,1562351242630,2019-07-05T18:27:22.630Z,buy,3.82e-06,1117.0,0.0042669399999999
SYS/BTC,1562351242630,2019-07-05T18:27:22.630Z,buy,3.83e-06,4860.0,0.0186138
SYS/BTC,1562351242719,2019-07-05T18:27:22.719Z,sell,3.84e-06,1297.0,0.00498048
SYS/BTC,1562351243264,2019-07-05T18:27:23.264Z,sell,3.84e-06,4460.0,0.0171264
SYS/BTC,1562351270323,2019-07-05T18:27:50.323Z,buy,3.85e-06,312.0,0.0012012
SYS/BTC,1562351350159,2019-07-05T18:29:10.159Z,buy,3.85e-06,77.0,0.00029645
SYS/BTC,1562351368004,2019-07-05T18:29:28.004Z,buy,3.85e-06,97.0,0.00037345
SYS/BTC,1562351372897,2019-07-05T18:29:32.897Z,sell,3.84e-06,9041.0,0.0347174399999999
SYS/BTC,1562351372897,2019-07-05T18:29:32.897Z,sell,3.82e-06,5183.0,0.01979906
SYS/BTC,1562351372897,2019-07-05T18:29:32.897Z,sell,3.81e-06,2039.0,0.00776859
SYS/BTC,1562351372897,2019-07-05T18:29:32.897Z,sell,3.8e-06,19009.0,0.0722342
SYS/BTC,1562351373935,2019-07-05T18:29:33.935Z,buy,3.83e-06,291.0,0.0011145299999999
SYS/BTC,1562351374096,2019-07-05T18:29:34.096Z,sell,3.82e-06,1433.0,0.00547406
SYS/BTC,1562351706800,2019-07-05T18:35:06.800Z,buy,3.84e-06,86.0,0.00033024
SYS/BTC,1562352120673,2019-07-05T18:42:00.673Z,buy,3.84e-06,7731.0,0.0296870399999999
SYS/BTC,1562352120673,2019-07-05T18:42:00.673Z,buy,3.85e-06,101.0,0.00038885
SYS/BTC,1562352417745,2019-07-05T18:46:57.745Z,buy,3.85e-06,86.0,0.0003311
SYS/BTC,1562352649732,2019-07-05T18:50:49.732Z,buy,3.84e-06,261.0,0.00100224
SYS/BTC,1562352651047,2019-07-05T18:50:51.047Z,buy,3.84e-06,261.0,0.00100224
SYS/BTC,1562352651047,2019-07-05T18:50:51.047Z,buy,3.85e-06,1041.0,0.00400785
SYS/BTC,1562352773488,2019-07-05T18:52:53.488Z,buy,3.85e-06,968.0,0.0037268
SYS/BTC,1562352957081,2019-07-05T18:55:57.081Z,buy,3.84e-06,86.0,0.00033024
SYS/BTC,1562353003020,2019-07-05T18:56:43.020Z,buy,3.84e-06,77.0,0.00029568
SYS/BTC,1562353003020,2019-07-05T18:56:43.020Z,buy,3.84e-06,77.0,0.00029568
SYS/BTC,1562353172179,2019-07-05T18:59:32.179Z,buy,3.84e-06,81.0,0.0003110399999999
SYS/BTC,1562353175508,2019-07-05T18:59:35.508Z,sell,3.83e-06,270.0,0.0010341
SYS/BTC,1562353422258,2019-07-05T19:03:42.258Z,buy,3.85e-06,782.0,0.0030107
SYS/BTC,1562353459954,2019-07-05T19:04:19.954Z,buy,3.85e-06,379.0,0.00145915
SYS/BTC,1562353460336,2019-07-05T19:04:20.336Z,sell,3.85e-06,395.0,0.00152075
SYS/BTC,1562353788335,2019-07-05T19:09:48.335Z,buy,3.85e-06,83.0,0.00031955
SYS/BTC,1562353867057,2019-07-05T19:11:07.057Z,buy,3.86e-06,80.0,0.0003088
SYS/BTC,1562354019889,2019-07-05T19:13:39.889Z,buy,3.86e-06,95.0,0.0003667
SYS/BTC,1562354103129,2019-07-05T19:15:03.129Z,buy,3.86e-06,74.0,0.00028564
SYS/BTC,1562354148343,2019-07-05T19:15:48.343Z,buy,3.86e-06,79.0,0.00030494
SYS/BTC,1562354279825,2019-07-05T19:17:59.825Z,buy,3.86e-06,1689.0,0.00651954
SYS/BTC,1562354425857,2019-07-05T19:20:25.857Z,buy,3.86e-06,73.0,0.00028178
SYS/BTC,1562354741413,2019-07-05T19:25:41.413Z,sell,3.85e-06,927.0,0.00356895
SYS/BTC,1562354779484,2019-07-05T19:26:19.484Z,buy,3.86e-06,94.0,0.00036284
SYS/BTC,1562354985561,2019-07-05T19:29:45.561Z,buy,3.86e-06,77.0,0.00029722
SYS/BTC,1562355322093,2019-07-05T19:35:22.093Z,buy,3.85e-06,81.0,0.00031185
SYS/BTC,1562355330890,2019-07-05T19:35:30.890Z,buy,3.85e-06,92.0,0.0003542
SYS/BTC,1562355375709,2019-07-05T19:36:15.709Z,buy,3.85e-06,1296.0,0.0049896
SYS/BTC,1562355461123,2019-07-05T19:37:41.123Z,buy,3.85e-06,71.0,0.00027335
SYS/BTC,1562355966635,2019-07-05T19:46:06.635Z,buy,3.85e-06,4667.0,0.01796795
SYS/BTC,1562356021299,2019-07-05T19:47:01.299Z,buy,3.85e-06,260.0,0.001001
SYS/BTC,1562356146887,2019-07-05T19:49:06.887Z,buy,3.85e-06,84.0,0.0003234
SYS/BTC,1562356318703,2019-07-05T19:51:58.703Z,buy,3.85e-06,72.0,0.0002772
SYS/BTC,1562356495059,2019-07-05T19:54:55.059Z,buy,3.85e-06,1202.0,0.0046277
SYS/BTC,1562356550328,2019-07-05T19:55:50.328Z,sell,3.83e-06,12780.0,0.0489473999999999
SYS/BTC,1562356558549,2019-07-05T19:55:58.549Z,sell,3.83e-06,2177.0,0.0083379099999999
SYS/BTC,1562356558645,2019-07-05T19:55:58.645Z,sell,3.83e-06,1122.0,0.00429726
SYS/BTC,1562356577549,2019-07-05T19:56:17.549Z,sell,3.83e-06,262.0,0.0010034599999999
SYS/BTC,1562356597541,2019-07-05T19:56:37.541Z,sell,3.83e-06,1122.0,0.00429726
SYS/BTC,1562356597541,2019-07-05T19:56:37.541Z,sell,3.83e-06,1122.0,0.00429726
SYS/BTC,1562356633016,2019-07-05T19:57:13.016Z,sell,3.82e-06,10302.0,0.0393536399999999
SYS/BTC,1562356651275,2019-07-05T19:57:31.275Z,sell,3.81e-06,27368.0,0.10427208
SYS/BTC,1562356651275,2019-07-05T19:57:31.275Z,sell,3.81e-06,1713.0,0.00652653
SYS/BTC,1562356876604,2019-07-05T20:01:16.604Z,sell,3.82e-06,312.0,0.00119184
SYS/BTC,1562356924312,2019-07-05T20:02:04.312Z,sell,3.82e-06,504.0,0.00192528
SYS/BTC,1562357074885,2019-07-05T20:04:34.885Z,buy,3.83e-06,1090.0,0.0041747
SYS/BTC,1562357167557,2019-07-05T20:06:07.557Z,buy,3.83e-06,32.0,0.00012256
SYS/BTC,1562357168568,2019-07-05T20:06:08.568Z,sell,3.83e-06,4281.0,0.0163962299999999
SYS/BTC,1562357361034,2019-07-05T20:09:21.034Z,buy,3.84e-06,763.0,0.00292992
SYS/BTC,1562357368736,2019-07-05T20:09:28.736Z,buy,3.84e-06,500.0,0.0019199999999999
SYS/BTC,1562357505998,2019-07-05T20:11:45.998Z,buy,3.84e-06,16342.0,0.06275328
SYS/BTC,1562357505998,2019-07-05T20:11:45.998Z,buy,3.85e-06,1987.0,0.00764995
SYS/BTC,1562357511643,2019-07-05T20:11:51.643Z,buy,3.85e-06,309.0,0.00118965
SYS/BTC,1562357652171,2019-07-05T20:14:12.171Z,buy,3.85e-06,1369.0,0.00527065
SYS/BTC,1562357723767,2019-07-05T20:15:23.767Z,buy,3.85e-06,28668.0,0.1103718
SYS/BTC,1562357776515,2019-07-05T20:16:16.515Z,buy,3.85e-06,2883.0,0.01109955
SYS/BTC,1562357780140,2019-07-05T20:16:20.140Z,buy,3.85e-06,459.0,0.00176715
SYS/BTC,1562357782815,2019-07-05T20:16:22.815Z,buy,3.85e-06,2847.0,0.01096095
SYS/BTC,1562357804543,2019-07-05T20:16:44.543Z,buy,3.85e-06,13073.0,0.05033105
SYS/BTC,1562357804691,2019-07-05T20:16:44.691Z,buy,3.86e-06,96.0,0.00037056
SYS/BTC,1562357804694,2019-07-05T20:16:44.694Z,sell,3.85e-06,483.0,0.00185955
SYS/BTC,1562357807210,2019-07-05T20:16:47.210Z,buy,3.86e-06,178.0,0.00068708
SYS/BTC,1562357864994,2019-07-05T20:17:44.994Z,buy,3.87e-06,602.0,0.00232974
SYS/BTC,1562357980524,2019-07-05T20:19:40.524Z,buy,3.88e-06,463.0,0.00179644
SYS/BTC,1562358001328,2019-07-05T20:20:01.328Z,buy,3.88e-06,2822.0,0.01094936
SYS/BTC,1562358080616,2019-07-05T20:21:20.616Z,sell,3.87e-06,4346.0,0.01681902
SYS/BTC,1562358088951,2019-07-05T20:21:28.951Z,buy,3.87e-06,12919.0,0.04999653
SYS/BTC,1562358105450,2019-07-05T20:21:45.450Z,buy,3.87e-06,2276.0,0.00880812
SYS/BTC,1562358113271,2019-07-05T20:21:53.271Z,buy,3.87e-06,730.0,0.0028251
SYS/BTC,1562358158487,2019-07-05T20:22:38.487Z,buy,3.87e-06,571.0,0.00220977
SYS/BTC,1562358601633,2019-07-05T20:30:01.633Z,sell,3.87e-06,260.0,0.0010062
SYS/BTC,1562358718140,2019-07-05T20:31:58.140Z,buy,3.88e-06,1241.0,0.00481508
SYS/BTC,1562359424240,2019-07-05T20:43:44.240Z,sell,3.87e-06,259.0,0.00100233
SYS/BTC,1562359436800,2019-07-05T20:43:56.800Z,sell,3.87e-06,9700.0,0.037539
SYS/BTC,1562359448768,2019-07-05T20:44:08.768Z,sell,3.87e-06,12138.0,0.04697406
SYS/BTC,1562359448768,2019-07-05T20:44:08.768Z,sell,3.86e-06,16502.0,0.06369772
SYS/BTC,1562359878121,2019-07-05T20:51:18.121Z,sell,3.86e-06,484.0,0.00186824
SYS/BTC,1562359878121,2019-07-05T20:51:18.121Z,sell,3.86e-06,484.0,0.00186824
SYS/BTC,1562360367624,2019-07-05T20:59:27.624Z,buy,3.87e-06,7709.0,0.02983383
SYS/BTC,1562360367624,2019-07-05T20:59:27.624Z,buy,3.88e-06,57376.0,0.22261888
SYS/BTC,1562360489796,2019-07-05T21:01:29.796Z,sell,3.86e-06,2468.0,0.00952648
SYS/BTC,1562360618942,2019-07-05T21:03:38.942Z,sell,3.86e-06,4313.0,0.01664818
SYS/BTC,1562361215884,2019-07-05T21:13:35.884Z,sell,3.86e-06,5086.0,0.01963196
SYS/BTC,1562361215884,2019-07-05T21:13:35.884Z,sell,3.85e-06,12947.0,0.04984595
SYS/BTC,1562361836392,2019-07-05T21:23:56.392Z,sell,3.86e-06,713.0,0.00275218
SYS/BTC,1562362127701,2019-07-05T21:28:47.701Z,sell,3.85e-06,454.0,0.0017479
SYS/BTC,1562362128253,2019-07-05T21:28:48.253Z,buy,3.87e-06,288.0,0.00111456
SYS/BTC,1562363413703,2019-07-05T21:50:13.703Z,buy,3.86e-06,1090.0,0.0042074
SYS/BTC,1562363413703,2019-07-05T21:50:13.703Z,buy,3.87e-06,5573.0,0.02156751
SYS/BTC,1562363413703,2019-07-05T21:50:13.703Z,buy,3.88e-06,5337.0,0.02070756
SYS/BTC,1562363413703,2019-07-05T21:50:13.703Z,buy,3.86e-06,1090.0,0.0042074
SYS/BTC,1562363413703,2019-07-05T21:50:13.703Z,buy,3.87e-06,5573.0,0.02156751
SYS/BTC,1562363413703,2019-07-05T21:50:13.703Z,buy,3.88e-06,5337.0,0.02070756
SYS/BTC,1562363626676,2019-07-05T21:53:46.676Z,buy,3.88e-06,389.0,0.00150932
SYS/BTC,1562363786883,2019-07-05T21:56:26.883Z,buy,3.88e-06,1538.0,0.00596744
SYS/BTC,1562364682868,2019-07-05T22:11:22.868Z,buy,3.88e-06,33414.0,0.12964632
SYS/BTC,1562365040412,2019-07-05T22:17:20.412Z,sell,3.87e-06,312.0,0.00120744
SYS/BTC,1562365046294,2019-07-05T22:17:26.294Z,sell,3.87e-06,312.0,0.00120744
SYS/BTC,1562365158121,2019-07-05T22:19:18.121Z,buy,3.88e-06,11876.0,0.04607888
SYS/BTC,1562365228122,2019-07-05T22:20:28.122Z,sell,3.87e-06,518.0,0.00200466
SYS/BTC,1562365635323,2019-07-05T22:27:15.323Z,sell,3.85e-06,5165.0,0.01988525
SYS/BTC,1562365871675,2019-07-05T22:31:11.675Z,sell,3.85e-06,309.0,0.00118965
SYS/BTC,1562366827760,2019-07-05T22:47:07.760Z,buy,3.86e-06,1036.0,0.00399896
SYS/BTC,1562366927544,2019-07-05T22:48:47.544Z,sell,3.85e-06,1834.0,0.0070609
SYS/BTC,1562366927590,2019-07-05T22:48:47.590Z,buy,3.85e-06,5919.0,0.02278815
SYS/BTC,1562366927590,2019-07-05T22:48:47.590Z,buy,3.85e-06,1973.0,0.00759605
SYS/BTC,1562366927590,2019-07-05T22:48:47.590Z,buy,3.85e-06,5919.0,0.02278815
SYS/BTC,1562366927590,2019-07-05T22:48:47.590Z,buy,3.85e-06,1973.0,0.00759605
SYS/BTC,1562367139136,2019-07-05T22:52:19.136Z,buy,3.86e-06,648.0,0.00250128
SYS/BTC,1562367623803,2019-07-05T23:00:23.803Z,buy,3.88e-06,308.0,0.00119504
SYS/BTC,1562367858794,2019-07-05T23:04:18.794Z,buy,3.88e-06,1596.0,0.00619248
SYS/BTC,1562368020018,2019-07-05T23:07:00.018Z,buy,3.88e-06,23007.0,0.08926716
SYS/BTC,1562368461341,2019-07-05T23:14:21.341Z,sell,3.86e-06,7731.0,0.02984166
SYS/BTC,1562368826520,2019-07-05T23:20:26.520Z,sell,3.85e-06,308.0,0.0011858
SYS/BTC,1562369608802,2019-07-05T23:33:28.802Z,buy,3.88e-06,50759.0,0.19694492
SYS/BTC,1562369608802,2019-07-05T23:33:28.802Z,buy,3.89e-06,5637.0,0.02192793
SYS/BTC,1562369611316,2019-07-05T23:33:31.316Z,buy,3.89e-06,56526.0,0.21988614
SYS/BTC,1562369644524,2019-07-05T23:34:04.524Z,buy,3.89e-06,260.0,0.0010114
SYS/BTC,1562369661757,2019-07-05T23:34:21.757Z,buy,3.89e-06,305.0,0.00118645
SYS/BTC,1562369786549,2019-07-05T23:36:26.549Z,buy,3.89e-06,1283.0,0.00499087
SYS/BTC,1562369882830,2019-07-05T23:38:02.830Z,sell,3.88e-06,1542.0,0.00598296
SYS/BTC,1562369882830,2019-07-05T23:38:02.830Z,sell,3.88e-06,1542.0,0.00598296
SYS/BTC,1562371122532,2019-07-05T23:58:42.532Z,sell,3.86e-06,497.0,0.00191842
SYS/BTC,1562371446977,2019-07-06T00:04:06.977Z,sell,3.86e-06,303.0,0.00116958
SYS/BTC,1562371449312,2019-07-06T00:04:09.312Z,sell,3.86e-06,2187.0,0.00844182
SYS/BTC,1562371449312,2019-07-06T00:04:09.312Z,sell,3.85e-06,858.0,0.0033033
SYS/BTC,1562371455290,2019-07-06T00:04:15.290Z,sell,3.85e-06,12886.0,0.0496111
SYS/BTC,1562371489268,2019-07-06T00:04:49.268Z,sell,3.84e-06,20347.0,0.0781324799999999
SYS/BTC,1562371502713,2019-07-06T00:05:02.713Z,sell,3.84e-06,5604.0,0.0215193599999999
SYS/BTC,1562371502713,2019-07-06T00:05:02.713Z,sell,3.83e-06,6335.0,0.0242630499999999
SYS/BTC,1562371502713,2019-07-06T00:05:02.713Z,sell,3.82e-06,6981.0,0.0266674199999999
SYS/BTC,1562371551117,2019-07-06T00:05:51.117Z,sell,3.83e-06,1493.0,0.00571819
SYS/BTC,1562371551117,2019-07-06T00:05:51.117Z,sell,3.82e-06,637.0,0.00243334
SYS/BTC,1562371556785,2019-07-06T00:05:56.785Z,sell,3.82e-06,305.0,0.0011650999999999
SYS/BTC,1562371562949,2019-07-06T00:06:02.949Z,sell,3.82e-06,12052.0,0.04603864
SYS/BTC,1562371580185,2019-07-06T00:06:20.185Z,sell,3.82e-06,1027.0,0.0039231399999999
SYS/BTC,1562371585808,2019-07-06T00:06:25.808Z,sell,3.8e-06,7583.0,0.0288154
SYS/BTC,1562371585853,2019-07-06T00:06:25.853Z,buy,3.8e-06,2482.0,0.0094316
SYS/BTC,1562371585860,2019-07-06T00:06:25.860Z,buy,3.8e-06,373.0,0.0014174
SYS/BTC,1562371586527,2019-07-06T00:06:26.527Z,buy,3.8e-06,3376.0,0.0128288
SYS/BTC,1562371586625,2019-07-06T00:06:26.625Z,buy,3.83e-06,1044.0,0.0039985199999999
SYS/BTC,1562371586625,2019-07-06T00:06:26.625Z,buy,3.84e-06,2332.0,0.0089548799999999
SYS/BTC,1562371591854,2019-07-06T00:06:31.854Z,sell,3.8e-06,2295.0,0.008721
SYS/BTC,1562371593440,2019-07-06T00:06:33.440Z,buy,3.8e-06,1173.0,0.0044574
SYS/BTC,1562371598904,2019-07-06T00:06:38.904Z,sell,3.8e-06,1052.0,0.0039976
SYS/BTC,1562371622518,2019-07-06T00:07:02.518Z,sell,3.79e-06,3011.0,0.01141169
SYS/BTC,1562371622578,2019-07-06T00:07:02.578Z,buy,3.8e-06,82.0,0.0003116
SYS/BTC,1562371626979,2019-07-06T00:07:06.979Z,sell,3.79e-06,6360.0,0.0241044
SYS/BTC,1562371667884,2019-07-06T00:07:47.884Z,buy,3.8e-06,609.0,0.0023142
SYS/BTC,1562371749576,2019-07-06T00:09:09.576Z,buy,3.8e-06,11613.0,0.0441294
SYS/BTC,1562371829852,2019-07-06T00:10:29.852Z,sell,3.82e-06,11601.0,0.04431582
SYS/BTC,1562371873166,2019-07-06T00:11:13.166Z,buy,3.83e-06,1044.0,0.0039985199999999
SYS/BTC,1562371877661,2019-07-06T00:11:17.661Z,sell,3.82e-06,1174.0,0.00448468
SYS/BTC,1562371902039,2019-07-06T00:11:42.039Z,sell,3.81e-06,1052.0,0.0040081199999999
SYS/BTC,1562371927299,2019-07-06T00:12:07.299Z,sell,3.81e-06,1000.0,0.00381
SYS/BTC,1562371968540,2019-07-06T00:12:48.540Z,sell,3.81e-06,761.0,0.00289941
SYS/BTC,1562371987440,2019-07-06T00:13:07.440Z,sell,3.8e-06,291.0,0.0011058
SYS/BTC,1562371987440,2019-07-06T00:13:07.440Z,sell,3.78e-06,2260.0,0.0085428
SYS/BTC,1562371987440,2019-07-06T00:13:07.440Z,sell,3.78e-06,1822.0,0.00688716
SYS/BTC,1562371987440,2019-07-06T00:13:07.440Z,sell,3.77e-06,12346.0,0.0465444199999999
SYS/BTC,1562371991691,2019-07-06T00:13:11.691Z,sell,3.79e-06,2968.0,0.01124872
SYS/BTC,1562372102574,2019-07-06T00:15:02.574Z,sell,3.79e-06,5142.0,0.01948818
SYS/BTC,1562372102574,2019-07-06T00:15:02.574Z,sell,3.78e-06,9750.0,0.036855
SYS/BTC,1562372102596,2019-07-06T00:15:02.596Z,buy,3.78e-06,19469.0,0.0735928199999999
SYS/BTC,1562372102625,2019-07-06T00:15:02.625Z,buy,3.78e-06,375.0,0.0014175
SYS/BTC,1562372102628,2019-07-06T00:15:02.628Z,buy,3.78e-06,3273.0,0.01237194
SYS/BTC,1562372146706,2019-07-06T00:15:46.706Z,sell,3.77e-06,1281.0,0.0048293699999999
SYS/BTC,1562372457953,2019-07-06T00:20:57.953Z,sell,3.77e-06,639.0,0.00240903
SYS/BTC,1562372458219,2019-07-06T00:20:58.219Z,buy,3.77e-06,397.0,0.00149669
SYS/BTC,1562372483671,2019-07-06T00:21:23.671Z,sell,3.77e-06,801.0,0.0030197699999999
SYS/BTC,1562373455730,2019-07-06T00:37:35.730Z,sell,3.77e-06,7000.0,0.02639
SYS/BTC,1562373456397,2019-07-06T00:37:36.397Z,sell,3.77e-06,3273.0,0.01233921
SYS/BTC,1562373456397,2019-07-06T00:37:36.397Z,sell,3.77e-06,3273.0,0.01233921
SYS/BTC,1562373518249,2019-07-06T00:38:38.249Z,sell,3.77e-06,7727.0,0.02913079
SYS/BTC,1562373518249,2019-07-06T00:38:38.249Z,sell,3.76e-06,13076.0,0.04916576
SYS/BTC,1562373591487,2019-07-06T00:39:51.487Z,buy,3.77e-06,11690.0,0.0440713
SYS/BTC,1562373646845,2019-07-06T00:40:46.845Z,buy,3.78e-06,15962.0,0.06033636
SYS/BTC,1562373653113,2019-07-06T00:40:53.113Z,buy,3.78e-06,41458.0,0.15671124
SYS/BTC,1562373654238,2019-07-06T00:40:54.238Z,sell,3.78e-06,1099.0,0.00415422
SYS/BTC,1562375204279,2019-07-06T01:06:44.279Z,sell,3.76e-06,636.0,0.00239136
SYS/BTC,1562375204570,2019-07-06T01:06:44.570Z,sell,3.76e-06,7486.0,0.02814736
SYS/BTC,1562375205876,2019-07-06T01:06:45.876Z,sell,3.76e-06,321.0,0.00120696
SYS/BTC,1562375207411,2019-07-06T01:06:47.411Z,sell,3.76e-06,667.0,0.00250792
SYS/BTC,1562375208683,2019-07-06T01:06:48.683Z,sell,3.76e-06,668.0,0.00251168
SYS/BTC,1562375209961,2019-07-06T01:06:49.961Z,sell,3.76e-06,668.0,0.00251168
SYS/BTC,1562375211272,2019-07-06T01:06:51.272Z,sell,3.76e-06,668.0,0.00251168
SYS/BTC,1562375211423,2019-07-06T01:06:51.423Z,sell,3.76e-06,2886.0,0.0108513599999999
SYS/BTC,1562375434766,2019-07-06T01:10:34.766Z,sell,3.75e-06,25076.0,0.094035
SYS/BTC,1562375451837,2019-07-06T01:10:51.837Z,sell,3.75e-06,8973.0,0.03364875
SYS/BTC,1562375611951,2019-07-06T01:13:31.951Z,buy,3.76e-06,301.0,0.00113176
SYS/BTC,1562375725810,2019-07-06T01:15:25.810Z,sell,3.76e-06,3696.0,0.01389696
SYS/BTC,1562375734971,2019-07-06T01:15:34.971Z,sell,3.76e-06,10666.0,0.04010416
SYS/BTC,1562375754914,2019-07-06T01:15:54.914Z,sell,3.76e-06,3733.0,0.01403608
SYS/BTC,1562375761021,2019-07-06T01:16:01.021Z,sell,3.76e-06,1780.0,0.0066928
SYS/BTC,1562376029361,2019-07-06T01:20:29.361Z,sell,3.75e-06,636.0,0.002385
SYS/BTC,1562376030646,2019-07-06T01:20:30.646Z,sell,3.75e-06,322.0,0.0012075
SYS/BTC,1562376031925,2019-07-06T01:20:31.925Z,sell,3.75e-06,322.0,0.0012075
SYS/BTC,1562376033513,2019-07-06T01:20:33.513Z,sell,3.75e-06,322.0,0.0012075
SYS/BTC,1562376034817,2019-07-06T01:20:34.817Z,sell,3.75e-06,322.0,0.0012075
SYS/BTC,1562376036216,2019-07-06T01:20:36.216Z,sell,3.75e-06,322.0,0.0012075
SYS/BTC,1562376036715,2019-07-06T01:20:36.715Z,sell,3.75e-06,1835.0,0.00688125
SYS/BTC,1562376037420,2019-07-06T01:20:37.420Z,sell,3.75e-06,322.0,0.0012075
SYS/BTC,1562376038667,2019-07-06T01:20:38.667Z,sell,3.75e-06,322.0,0.0012075
SYS/BTC,1562376039999,2019-07-06T01:20:39.999Z,sell,3.75e-06,322.0,0.0012075
SYS/BTC,1562376041840,2019-07-06T01:20:41.840Z,sell,3.75e-06,322.0,0.0012075
SYS/BTC,1562376043200,2019-07-06T01:20:43.200Z,sell,3.75e-06,323.0,0.00121125
SYS/BTC,1562376043394,2019-07-06T01:20:43.394Z,sell,3.75e-06,670.0,0.0025125
SYS/BTC,1562376044582,2019-07-06T01:20:44.582Z,sell,3.75e-06,323.0,0.00121125
SYS/BTC,1562376044667,2019-07-06T01:20:44.667Z,sell,3.75e-06,669.0,0.00250875
SYS/BTC,1562376045943,2019-07-06T01:20:45.943Z,sell,3.75e-06,670.0,0.0025125
SYS/BTC,1562376046221,2019-07-06T01:20:46.221Z,sell,3.75e-06,323.0,0.00121125
SYS/BTC,1562376047094,2019-07-06T01:20:47.094Z,sell,3.75e-06,670.0,0.0025125
SYS/BTC,1562376047460,2019-07-06T01:20:47.460Z,sell,3.75e-06,323.0,0.00121125
SYS/BTC,1562376047521,2019-07-06T01:20:47.521Z,sell,3.75e-06,6126.0,0.0229725
SYS/BTC,1562376048092,2019-07-06T01:20:48.092Z,sell,3.75e-06,2087.0,0.00782625
SYS/BTC,1562376048387,2019-07-06T01:20:48.387Z,sell,3.75e-06,670.0,0.0025125
SYS/BTC,1562376048984,2019-07-06T01:20:48.984Z,sell,3.75e-06,323.0,0.00121125
SYS/BTC,1562376049591,2019-07-06T01:20:49.591Z,sell,3.75e-06,670.0,0.0025125
SYS/BTC,1562376123413,2019-07-06T01:22:03.413Z,buy,3.76e-06,345.0,0.0012972
SYS/BTC,1562376243702,2019-07-06T01:24:03.702Z,buy,3.76e-06,345.0,0.0012972
SYS/BTC,1562376261972,2019-07-06T01:24:21.972Z,buy,3.76e-06,345.0,0.0012972
SYS/BTC,1562376345663,2019-07-06T01:25:45.663Z,sell,3.75e-06,313.0,0.00117375
SYS/BTC,1562376349256,2019-07-06T01:25:49.256Z,sell,3.75e-06,637.0,0.00238875
SYS/BTC,1562376350671,2019-07-06T01:25:50.671Z,sell,3.75e-06,322.0,0.0012075
SYS/BTC,1562376351979,2019-07-06T01:25:51.979Z,sell,3.75e-06,323.0,0.00121125
SYS/BTC,1562376672601,2019-07-06T01:31:12.601Z,buy,3.76e-06,7990.0,0.0300424
SYS/BTC,1562376674887,2019-07-06T01:31:14.887Z,sell,3.77e-06,1109.0,0.00418093
SYS/BTC,1562376675002,2019-07-06T01:31:15.002Z,sell,3.76e-06,1109.0,0.00416984
SYS/BTC,1562376684867,2019-07-06T01:31:24.867Z,sell,3.76e-06,667.0,0.00250792
SYS/BTC,1562376685931,2019-07-06T01:31:25.931Z,sell,3.76e-06,668.0,0.00251168
SYS/BTC,1562376810809,2019-07-06T01:33:30.809Z,buy,3.78e-06,8862.0,0.03349836
SYS/BTC,1562376920809,2019-07-06T01:35:20.809Z,buy,3.77e-06,308.0,0.00116116
SYS/BTC,1562376932640,2019-07-06T01:35:32.640Z,sell,3.76e-06,311.0,0.00116936
SYS/BTC,1562376932640,2019-07-06T01:35:32.640Z,sell,3.76e-06,311.0,0.00116936
SYS/BTC,1562377091031,2019-07-06T01:38:11.031Z,buy,3.76e-06,23.0,8.648e-05
SYS/BTC,1562377098666,2019-07-06T01:38:18.666Z,sell,3.76e-06,7941.0,0.02985816
SYS/BTC,1562377106290,2019-07-06T01:38:26.290Z,buy,3.77e-06,1127.0,0.00424879
SYS/BTC,1562377108484,2019-07-06T01:38:28.484Z,sell,3.76e-06,6432.0,0.02418432
SYS/BTC,1562377122151,2019-07-06T01:38:42.151Z,buy,3.77e-06,1126.0,0.0042450199999999
SYS/BTC,1562377425921,2019-07-06T01:43:45.921Z,sell,3.77e-06,974.0,0.00367198
SYS/BTC,1562377426218,2019-07-06T01:43:46.218Z,sell,3.76e-06,974.0,0.00366224
SYS/BTC,1562377734726,2019-07-06T01:48:54.726Z,sell,3.75e-06,10842.0,0.0406575
SYS/BTC,1562377908800,2019-07-06T01:51:48.800Z,sell,3.75e-06,1687.0,0.00632625
SYS/BTC,1562378336119,2019-07-06T01:58:56.119Z,sell,3.75e-06,10000.0,0.0375
SYS/BTC,1562378525855,2019-07-06T02:02:05.855Z,buy,3.77e-06,974.0,0.00367198
SYS/BTC,1562378525897,2019-07-06T02:02:05.897Z,sell,3.77e-06,1413.0,0.00532701
SYS/BTC,1562378652488,2019-07-06T02:04:12.488Z,sell,3.76e-06,323.0,0.00121448
SYS/BTC,1562378654068,2019-07-06T02:04:14.068Z,sell,3.76e-06,322.0,0.00121072
SYS/BTC,1562378655414,2019-07-06T02:04:15.414Z,sell,3.76e-06,322.0,0.00121072
SYS/BTC,1562378656727,2019-07-06T02:04:16.727Z,sell,3.76e-06,157.0,0.00059032
SYS/BTC,1562379185846,2019-07-06T02:13:05.846Z,sell,3.75e-06,18682.0,0.0700575
SYS/BTC,1562379189379,2019-07-06T02:13:09.379Z,sell,3.75e-06,1868.0,0.007005
SYS/BTC,1562379200436,2019-07-06T02:13:20.436Z,sell,3.75e-06,14617.0,0.05481375
SYS/BTC,1562379241685,2019-07-06T02:14:01.685Z,buy,3.75e-06,267.0,0.00100125
SYS/BTC,1562379260314,2019-07-06T02:14:20.314Z,buy,3.75e-06,666.0,0.0024975
SYS/BTC,1562379260314,2019-07-06T02:14:20.314Z,buy,3.75e-06,666.0,0.0024975
SYS/BTC,1562381057296,2019-07-06T02:44:17.296Z,sell,3.74e-06,268.0,0.00100232
SYS/BTC,1562381057296,2019-07-06T02:44:17.296Z,sell,3.73e-06,371.0,0.00138383
SYS/BTC,1562381057296,2019-07-06T02:44:17.296Z,sell,3.73e-06,1691.0,0.00630743
SYS/BTC,1562381057296,2019-07-06T02:44:17.296Z,sell,3.72e-06,1156.0,0.00430032
SYS/BTC,1562381057296,2019-07-06T02:44:17.296Z,sell,3.72e-06,12089.0,0.04497108
SYS/BTC,1562381057296,2019-07-06T02:44:17.296Z,sell,3.71e-06,5557.0,0.02061647
SYS/BTC,1562381057296,2019-07-06T02:44:17.296Z,sell,3.71e-06,953.0,0.00353563
SYS/BTC,1562381057296,2019-07-06T02:44:17.296Z,sell,3.71e-06,2586.0,0.00959406
SYS/BTC,1562381057296,2019-07-06T02:44:17.296Z,sell,3.7e-06,1.0,3.7e-06
SYS/BTC,1562381057333,2019-07-06T02:44:17.333Z,buy,3.73e-06,1037.0,0.00386801
SYS/BTC,1562381057348,2019-07-06T02:44:17.348Z,buy,3.73e-06,3449.0,0.01286477
SYS/BTC,1562381057352,2019-07-06T02:44:17.352Z,buy,3.73e-06,530.0,0.0019768999999999
SYS/BTC,1562381058844,2019-07-06T02:44:18.844Z,sell,3.72e-06,536.0,0.00199392
SYS/BTC,1562381058844,2019-07-06T02:44:18.844Z,sell,3.71e-06,233.0,0.00086443
SYS/BTC,1562381059601,2019-07-06T02:44:19.601Z,buy,3.73e-06,388.0,0.00144724
SYS/BTC,1562381060852,2019-07-06T02:44:20.852Z,sell,3.72e-06,1557.0,0.00579204
SYS/BTC,1562381060852,2019-07-06T02:44:20.852Z,sell,3.71e-06,33460.0,0.1241366
SYS/BTC,1562381060852,2019-07-06T02:44:20.852Z,sell,3.7e-06,30068.0,0.1112516
SYS/BTC,1562381061345,2019-07-06T02:44:21.345Z,buy,3.73e-06,271.0,0.0010108299999999
SYS/BTC,1562381101122,2019-07-06T02:45:01.122Z,buy,3.73e-06,269.0,0.00100337
SYS/BTC,1562381344330,2019-07-06T02:49:04.330Z,sell,3.71e-06,10471.0,0.03884741
SYS/BTC,1562381344457,2019-07-06T02:49:04.457Z,sell,3.71e-06,12989.0,0.04818919
SYS/BTC,1562381344457,2019-07-06T02:49:04.457Z,sell,3.7e-06,10471.0,0.0387427
SYS/BTC,1562381344663,2019-07-06T02:49:04.663Z,sell,3.7e-06,10036.0,0.0371332
SYS/BTC,1562381349456,2019-07-06T02:49:09.456Z,sell,3.7e-06,327.0,0.0012099
SYS/BTC,1562381350669,2019-07-06T02:49:10.669Z,sell,3.7e-06,327.0,0.0012099
SYS/BTC,1562381351131,2019-07-06T02:49:11.131Z,sell,3.7e-06,17473.0,0.0646501
SYS/BTC,1562381352066,2019-07-06T02:49:12.066Z,sell,3.7e-06,327.0,0.0012099
SYS/BTC,1562381364572,2019-07-06T02:49:24.572Z,sell,3.7e-06,1294.0,0.0047878
SYS/BTC,1562381471518,2019-07-06T02:51:11.518Z,buy,3.72e-06,940.0,0.0034968
SYS/BTC,1562381664183,2019-07-06T02:54:24.183Z,buy,3.72e-06,184.0,0.00068448
SYS/BTC,1562381664183,2019-07-06T02:54:24.183Z,buy,3.73e-06,2504.0,0.00933992
SYS/BTC,1562381688448,2019-07-06T02:54:48.448Z,buy,3.72e-06,47693.0,0.1774179599999999
SYS/BTC,1562381688448,2019-07-06T02:54:48.448Z,buy,3.73e-06,17989.0,0.06709897
SYS/BTC,1562382032341,2019-07-06T03:00:32.341Z,buy,3.73e-06,15000.0,0.05595
SYS/BTC,1562382032341,2019-07-06T03:00:32.341Z,buy,3.73e-06,15000.0,0.05595
SYS/BTC,1562383513939,2019-07-06T03:25:13.939Z,buy,3.73e-06,1202.0,0.00448346
SYS/BTC,1562383673698,2019-07-06T03:27:53.698Z,buy,3.73e-06,1935.0,0.00721755
SYS/BTC,1562383757386,2019-07-06T03:29:17.386Z,buy,3.75e-06,87.0,0.00032625
SYS/BTC,1562384060009,2019-07-06T03:34:20.009Z,buy,3.75e-06,20433.0,0.07662375
SYS/BTC,1562384284718,2019-07-06T03:38:04.718Z,buy,3.76e-06,9470.0,0.0356072
SYS/BTC,1562384285137,2019-07-06T03:38:05.137Z,sell,3.76e-06,500.0,0.00188
SYS/BTC,1562384285470,2019-07-06T03:38:05.470Z,sell,3.76e-06,500.0,0.00188
SYS/BTC,1562384285520,2019-07-06T03:38:05.520Z,sell,3.76e-06,500.0,0.00188
SYS/BTC,1562384286160,2019-07-06T03:38:06.160Z,sell,3.76e-06,332.0,0.00124832
SYS/BTC,1562384856480,2019-07-06T03:47:36.480Z,sell,3.75e-06,5796.0,0.021735
SYS/BTC,1562384856480,2019-07-06T03:47:36.480Z,sell,3.74e-06,5318.0,0.01988932
SYS/BTC,1562384856480,2019-07-06T03:47:36.480Z,sell,3.73e-06,19863.0,0.07408899
SYS/BTC,1562384856480,2019-07-06T03:47:36.480Z,sell,3.72e-06,17281.0,0.0642853199999999
SYS/BTC,1562384856480,2019-07-06T03:47:36.480Z,sell,3.71e-06,59395.0,0.22035545
SYS/BTC,1562384857196,2019-07-06T03:47:37.196Z,sell,3.73e-06,535.0,0.00199555
SYS/BTC,1562384857471,2019-07-06T03:47:37.471Z,sell,3.72e-06,944.0,0.00351168
SYS/BTC,1562385061386,2019-07-06T03:51:01.386Z,sell,3.72e-06,944.0,0.00351168
SYS/BTC,1562385306580,2019-07-06T03:55:06.580Z,sell,3.72e-06,17000.0,0.06324
SYS/BTC,1562385339318,2019-07-06T03:55:39.318Z,buy,3.73e-06,91.0,0.00033943
SYS/BTC,1562385339318,2019-07-06T03:55:39.318Z,buy,3.73e-06,91.0,0.00033943
SYS/BTC,1562385961497,2019-07-06T04:06:01.497Z,sell,3.72e-06,272.0,0.00101184
SYS/BTC,1562386026576,2019-07-06T04:07:06.576Z,sell,3.72e-06,1202.0,0.00447144
SYS/BTC,1562386030219,2019-07-06T04:07:10.219Z,sell,3.72e-06,2424.0,0.0090172799999999
SYS/BTC,1562386030839,2019-07-06T04:07:10.839Z,sell,3.72e-06,1212.0,0.0045086399999999
SYS/BTC,1562386033281,2019-07-06T04:07:13.281Z,sell,3.72e-06,1500.0,0.00558
SYS/BTC,1562386040659,2019-07-06T04:07:20.659Z,sell,3.7e-06,944.0,0.0034928
SYS/BTC,1562386048827,2019-07-06T04:07:28.827Z,sell,3.7e-06,1958.0,0.0072446
SYS/BTC,1562386214670,2019-07-06T04:10:14.670Z,sell,3.7e-06,1710.0,0.006327
SYS/BTC,1562386222695,2019-07-06T04:10:22.695Z,sell,3.7e-06,8320.0,0.030784
SYS/BTC,1562386234322,2019-07-06T04:10:34.322Z,sell,3.7e-06,5141.0,0.0190217
SYS/BTC,1562386234322,2019-07-06T04:10:34.322Z,sell,3.69e-06,916.0,0.00338004
SYS/BTC,1562386234322,2019-07-06T04:10:34.322Z,sell,3.67e-06,725.0,0.00266075
SYS/BTC,1562386234322,2019-07-06T04:10:34.322Z,sell,3.67e-06,609.0,0.00223503
SYS/BTC,1562386237149,2019-07-06T04:10:37.149Z,sell,3.68e-06,535.0,0.0019688
SYS/BTC,1562386240495,2019-07-06T04:10:40.495Z,sell,3.68e-06,475.0,0.001748
SYS/BTC,1562386241754,2019-07-06T04:10:41.754Z,buy,3.68e-06,325.0,0.001196
SYS/BTC,1562386242458,2019-07-06T04:10:42.458Z,buy,3.68e-06,2828.0,0.01040704
SYS/BTC,1562386242781,2019-07-06T04:10:42.781Z,buy,3.68e-06,3270.0,0.0120336
SYS/BTC,1562386260358,2019-07-06T04:11:00.358Z,sell,3.67e-06,681.0,0.00249927
SYS/BTC,1562386410400,2019-07-06T04:13:30.400Z,buy,3.69e-06,2996.0,0.01105524
SYS/BTC,1562386427396,2019-07-06T04:13:47.396Z,buy,3.69e-06,274.0,0.00101106
SYS/BTC,1562386457172,2019-07-06T04:14:17.172Z,buy,3.69e-06,1054.0,0.00388926
SYS/BTC,1562386673015,2019-07-06T04:17:53.015Z,buy,3.69e-06,1233.0,0.00454977
SYS/BTC,1562386673015,2019-07-06T04:17:53.015Z,buy,3.7e-06,1060.0,0.003922
SYS/BTC,1562386673015,2019-07-06T04:17:53.015Z,buy,3.72e-06,1170.0,0.0043524
SYS/BTC,1562386673015,2019-07-06T04:17:53.015Z,buy,3.73e-06,13045.0,0.0486578499999999
SYS/BTC,1562386673015,2019-07-06T04:17:53.015Z,buy,3.74e-06,21492.0,0.08038008
SYS/BTC,1562386673721,2019-07-06T04:17:53.721Z,buy,3.7e-06,100.0,0.00037
SYS/BTC,1562386673985,2019-07-06T04:17:53.985Z,buy,3.7e-06,581.0,0.0021497
SYS/BTC,1562386708470,2019-07-06T04:18:28.470Z,buy,3.73e-06,96.0,0.00035808
SYS/BTC,1562386719216,2019-07-06T04:18:39.216Z,buy,3.73e-06,333.0,0.00124209
SYS/BTC,1562386725122,2019-07-06T04:18:45.122Z,buy,3.73e-06,333.0,0.00124209
SYS/BTC,1562386730077,2019-07-06T04:18:50.077Z,buy,3.73e-06,333.0,0.00124209
SYS/BTC,1562386736790,2019-07-06T04:18:56.790Z,buy,3.73e-06,333.0,0.00124209
SYS/BTC,1562386788031,2019-07-06T04:19:48.031Z,buy,3.73e-06,421.0,0.00157033
SYS/BTC,1562386814593,2019-07-06T04:20:14.593Z,buy,3.73e-06,333.0,0.00124209
SYS/BTC,1562386889536,2019-07-06T04:21:29.536Z,buy,3.73e-06,1005.0,0.00374865
SYS/BTC,1562387354742,2019-07-06T04:29:14.742Z,sell,3.7e-06,3270.0,0.012099
SYS/BTC,1562387354742,2019-07-06T04:29:14.742Z,sell,3.69e-06,6408.0,0.02364552
SYS/BTC,1562387354742,2019-07-06T04:29:14.742Z,sell,3.68e-06,24899.0,0.09162832
SYS/BTC,1562387354742,2019-07-06T04:29:14.742Z,sell,3.67e-06,8274.0,0.03036558
SYS/BTC,1562387361104,2019-07-06T04:29:21.104Z,buy,3.68e-06,365.0,0.0013432
SYS/BTC,1562387452423,2019-07-06T04:30:52.423Z,buy,3.69e-06,1116.0,0.00411804
SYS/BTC,1562387457677,2019-07-06T04:30:57.677Z,buy,3.69e-06,12.0,4.428e-05
SYS/BTC,1562387457677,2019-07-06T04:30:57.677Z,buy,3.7e-06,69.0,0.0002553
SYS/BTC,1562388044849,2019-07-06T04:40:44.849Z,sell,3.68e-06,1642.0,0.00604256
SYS/BTC,1562388044849,2019-07-06T04:40:44.849Z,sell,3.67e-06,3349.0,0.01229083
SYS/BTC,1562388044895,2019-07-06T04:40:44.895Z,sell,3.67e-06,7480.0,0.0274516
SYS/BTC,1562388044903,2019-07-06T04:40:44.903Z,sell,3.67e-06,7480.0,0.0274516
SYS/BTC,1562388044942,2019-07-06T04:40:44.942Z,sell,3.67e-06,2689.0,0.00986863
SYS/BTC,1562388045989,2019-07-06T04:40:45.989Z,sell,3.67e-06,1574.0,0.00577658
SYS/BTC,1562388049192,2019-07-06T04:40:49.192Z,sell,3.67e-06,542.0,0.00198914
SYS/BTC,1562388213092,2019-07-06T04:43:33.092Z,buy,3.69e-06,89.0,0.00032841
SYS/BTC,1562388354317,2019-07-06T04:45:54.317Z,sell,3.67e-06,4845.0,0.01778115
SYS/BTC,1562388354317,2019-07-06T04:45:54.317Z,sell,3.66e-06,7093.0,0.02596038
SYS/BTC,1562388371519,2019-07-06T04:46:11.519Z,buy,3.68e-06,1086.0,0.00399648
SYS/BTC,1562388372137,2019-07-06T04:46:12.137Z,buy,3.68e-06,1086.0,0.00399648
SYS/BTC,1562388374627,2019-07-06T04:46:14.627Z,buy,3.68e-06,1086.0,0.00399648
SYS/BTC,1562388375564,2019-07-06T04:46:15.564Z,buy,3.68e-06,1086.0,0.00399648
SYS/BTC,1562388922717,2019-07-06T04:55:22.717Z,buy,3.68e-06,245.0,0.0009016
SYS/BTC,1562388922717,2019-07-06T04:55:22.717Z,buy,3.68e-06,245.0,0.0009016
SYS/BTC,1562388975997,2019-07-06T04:56:15.997Z,buy,3.69e-06,549.0,0.00202581
SYS/BTC,1562388976262,2019-07-06T04:56:16.262Z,buy,3.69e-06,18.0,6.641999999999999e-05
SYS/BTC,1562388998027,2019-07-06T04:56:38.027Z,sell,3.69e-06,296.0,0.00109224
SYS/BTC,1562389035340,2019-07-06T04:57:15.340Z,buy,3.69e-06,773.0,0.00285237
SYS/BTC,1562389041989,2019-07-06T04:57:21.989Z,buy,3.71e-06,330.0,0.0012243
SYS/BTC,1562389149394,2019-07-06T04:59:09.394Z,buy,3.71e-06,82.0,0.00030422
SYS/BTC,1562389583956,2019-07-06T05:06:23.956Z,buy,3.71e-06,91.0,0.00033761
SYS/BTC,1562389599315,2019-07-06T05:06:39.315Z,sell,3.7e-06,2276.0,0.0084212
SYS/BTC,1562389638803,2019-07-06T05:07:18.803Z,buy,3.71e-06,90.0,0.0003339
SYS/BTC,1562389696073,2019-07-06T05:08:16.073Z,buy,3.71e-06,3867.0,0.01434657
SYS/BTC,1562389698901,2019-07-06T05:08:18.901Z,sell,3.71e-06,511.0,0.00189581
SYS/BTC,1562389699868,2019-07-06T05:08:19.868Z,sell,3.71e-06,327.0,0.00121317
SYS/BTC,1562389743838,2019-07-06T05:09:03.838Z,sell,3.7e-06,759.0,0.0028083
SYS/BTC,1562389810967,2019-07-06T05:10:10.967Z,sell,3.7e-06,1086.0,0.0040182
SYS/BTC,1562389851592,2019-07-06T05:10:51.592Z,sell,3.7e-06,1086.0,0.0040182
SYS/BTC,1562390248358,2019-07-06T05:17:28.358Z,sell,3.7e-06,1819.0,0.0067303
SYS/BTC,1562390382854,2019-07-06T05:19:42.854Z,buy,3.71e-06,78.0,0.00028938
SYS/BTC,1562390501894,2019-07-06T05:21:41.894Z,sell,3.7e-06,10000.0,0.037
SYS/BTC,1562390570982,2019-07-06T05:22:50.982Z,buy,3.71e-06,98.0,0.00036358
SYS/BTC,1562390901405,2019-07-06T05:28:21.405Z,buy,3.72e-06,91.0,0.00033852
SYS/BTC,1562390939881,2019-07-06T05:28:59.881Z,sell,3.71e-06,1077.0,0.00399567
SYS/BTC,1562391039482,2019-07-06T05:30:39.482Z,sell,3.7e-06,537.0,0.0019869
SYS/BTC,1562391300231,2019-07-06T05:35:00.231Z,sell,3.7e-06,358.0,0.0013246
SYS/BTC,1562391301913,2019-07-06T05:35:01.913Z,sell,3.7e-06,538.0,0.0019906
SYS/BTC,1562391657272,2019-07-06T05:40:57.272Z,sell,3.7e-06,29958.0,0.1108446
SYS/BTC,1562391753764,2019-07-06T05:42:33.764Z,buy,3.71e-06,12500.0,0.046375
SYS/BTC,1562391779589,2019-07-06T05:42:59.589Z,sell,3.71e-06,807.0,0.00299397
SYS/BTC,1562391826804,2019-07-06T05:43:46.804Z,buy,3.72e-06,89.0,0.00033108
SYS/BTC,1562391895147,2019-07-06T05:44:55.147Z,buy,3.72e-06,94.0,0.00034968
SYS/BTC,1562392061689,2019-07-06T05:47:41.689Z,buy,3.72e-06,2095.0,0.0077934
SYS/BTC,1562392127154,2019-07-06T05:48:47.154Z,buy,3.73e-06,6434.0,0.02399882
SYS/BTC,1562392235814,2019-07-06T05:50:35.814Z,buy,3.73e-06,1156.0,0.00431188
SYS/BTC,1562392278472,2019-07-06T05:51:18.472Z,buy,3.73e-06,314.0,0.00117122
SYS/BTC,1562392296993,2019-07-06T05:51:36.993Z,buy,3.73e-06,370.0,0.0013801
SYS/BTC,1562392298127,2019-07-06T05:51:38.127Z,sell,3.73e-06,522.0,0.00194706
SYS/BTC,1562392376018,2019-07-06T05:52:56.018Z,sell,3.72e-06,26087.0,0.09704364
SYS/BTC,1562392376018,2019-07-06T05:52:56.018Z,sell,3.72e-06,26087.0,0.09704364
SYS/BTC,1562392647618,2019-07-06T05:57:27.618Z,buy,3.72e-06,45390.0,0.1688508
SYS/BTC,1562392825329,2019-07-06T06:00:25.329Z,sell,3.73e-06,1139.0,0.00424847
SYS/BTC,1562393724956,2019-07-06T06:15:24.956Z,buy,3.73e-06,269.0,0.00100337
SYS/BTC,1562393730057,2019-07-06T06:15:30.057Z,sell,3.73e-06,7681.0,0.02865013
SYS/BTC,1562394180677,2019-07-06T06:23:00.677Z,buy,3.72e-06,270.0,0.0010044
SYS/BTC,1562394242900,2019-07-06T06:24:02.900Z,buy,3.72e-06,269.0,0.0010006799999999
SYS/BTC,1562394491844,2019-07-06T06:28:11.844Z,buy,3.72e-06,5531.0,0.02057532
SYS/BTC,1562394727121,2019-07-06T06:32:07.121Z,sell,3.7e-06,779.0,0.0028823
SYS/BTC,1562394964938,2019-07-06T06:36:04.938Z,sell,3.7e-06,308.0,0.0011396
SYS/BTC,1562394973310,2019-07-06T06:36:13.310Z,sell,3.7e-06,308.0,0.0011396
SYS/BTC,1562395170240,2019-07-06T06:39:30.240Z,sell,3.7e-06,458.0,0.0016946
SYS/BTC,1562395170240,2019-07-06T06:39:30.240Z,sell,3.7e-06,458.0,0.0016946
SYS/BTC,1562396291602,2019-07-06T06:58:11.602Z,buy,3.71e-06,458.0,0.00169918
SYS/BTC,1562396323314,2019-07-06T06:58:43.314Z,buy,3.72e-06,8064.0,0.02999808
SYS/BTC,1562396463211,2019-07-06T07:01:03.211Z,buy,3.72e-06,306.0,0.00113832
SYS/BTC,1562396973691,2019-07-06T07:09:33.691Z,buy,3.71e-06,273.0,0.00101283
SYS/BTC,1562397937416,2019-07-06T07:25:37.416Z,buy,3.7e-06,461.0,0.0017057
SYS/BTC,1562398205947,2019-07-06T07:30:05.947Z,sell,3.69e-06,283.0,0.00104427
SYS/BTC,1562398205947,2019-07-06T07:30:05.947Z,sell,3.69e-06,283.0,0.00104427
SYS/BTC,1562398823464,2019-07-06T07:40:23.464Z,sell,3.69e-06,5400.0,0.019926
SYS/BTC,1562398893146,2019-07-06T07:41:33.146Z,sell,3.69e-06,5741.0,0.0211842899999999
SYS/BTC,1562398895086,2019-07-06T07:41:35.086Z,sell,3.69e-06,2062.0,0.00760878
SYS/BTC,1562399053480,2019-07-06T07:44:13.480Z,sell,3.69e-06,1763.0,0.0065054699999999
SYS/BTC,1562399053480,2019-07-06T07:44:13.480Z,sell,3.68e-06,4239.0,0.01559952
SYS/BTC,1562399435701,2019-07-06T07:50:35.701Z,sell,3.68e-06,570.0,0.0020976
SYS/BTC,1562399435701,2019-07-06T07:50:35.701Z,sell,3.67e-06,6715.0,0.02464405
SYS/BTC,1562399435701,2019-07-06T07:50:35.701Z,sell,3.66e-06,11826.0,0.04328316
SYS/BTC,1562399474727,2019-07-06T07:51:14.727Z,buy,3.67e-06,576.0,0.00211392
SYS/BTC,1562399754448,2019-07-06T07:55:54.448Z,buy,3.67e-06,3481.0,0.01277527
SYS/BTC,1562399929167,2019-07-06T07:58:49.167Z,sell,3.68e-06,489.0,0.00179952
SYS/BTC,1562400462524,2019-07-06T08:07:42.524Z,sell,3.68e-06,657.0,0.00241776
SYS/BTC,1562400497447,2019-07-06T08:08:17.447Z,sell,3.67e-06,1000.0,0.00367
SYS/BTC,1562400572639,2019-07-06T08:09:32.639Z,sell,3.67e-06,1452.0,0.00532884
SYS/BTC,1562400590486,2019-07-06T08:09:50.486Z,buy,3.67e-06,1487.0,0.00545729
SYS/BTC,1562400623393,2019-07-06T08:10:23.393Z,buy,3.67e-06,559.0,0.00205153
SYS/BTC,1562401120227,2019-07-06T08:18:40.227Z,sell,3.69e-06,1096.0,0.00404424
SYS/BTC,1562401141583,2019-07-06T08:19:01.583Z,sell,3.69e-06,273.0,0.00100737
SYS/BTC,1562401306972,2019-07-06T08:21:46.972Z,buy,3.7e-06,400.0,0.00148
SYS/BTC,1562401355481,2019-07-06T08:22:35.481Z,buy,3.71e-06,6656.0,0.02469376
SYS/BTC,1562401355481,2019-07-06T08:22:35.481Z,buy,3.72e-06,16401.0,0.06101172
SYS/BTC,1562401355481,2019-07-06T08:22:35.481Z,buy,3.73e-06,55770.0,0.2080221
SYS/BTC,1562401427952,2019-07-06T08:23:47.952Z,sell,3.71e-06,1140.0,0.0042294
SYS/BTC,1562401427952,2019-07-06T08:23:47.952Z,sell,3.7e-06,971.0,0.0035927
SYS/BTC,1562401633107,2019-07-06T08:27:13.107Z,buy,3.72e-06,75.0,0.000279
SYS/BTC,1562401670014,2019-07-06T08:27:50.014Z,sell,3.7e-06,1061.0,0.0039257
SYS/BTC,1562401670014,2019-07-06T08:27:50.014Z,sell,3.7e-06,1061.0,0.0039257
SYS/BTC,1562402833798,2019-07-06T08:47:13.798Z,sell,3.71e-06,357.0,0.00132447
SYS/BTC,1562402881026,2019-07-06T08:48:01.026Z,sell,3.71e-06,272.0,0.00100912
SYS/BTC,1562403140453,2019-07-06T08:52:20.453Z,buy,3.72e-06,8064.0,0.02999808
SYS/BTC,1562403334350,2019-07-06T08:55:34.350Z,buy,3.72e-06,1037.0,0.00385764
SYS/BTC,1562403340678,2019-07-06T08:55:40.678Z,sell,3.72e-06,538.0,0.0020013599999999
SYS/BTC,1562403567638,2019-07-06T08:59:27.638Z,buy,3.73e-06,5361.0,0.01999653
SYS/BTC,1562403615826,2019-07-06T09:00:15.826Z,buy,3.73e-06,947.0,0.00353231
SYS/BTC,1562403615826,2019-07-06T09:00:15.826Z,buy,3.73e-06,321.0,0.00119733
SYS/BTC,1562403615865,2019-07-06T09:00:15.865Z,buy,3.73e-06,802.0,0.00299146
SYS/BTC,1562403615869,2019-07-06T09:00:15.869Z,buy,3.73e-06,802.0,0.00299146
SYS/BTC,1562403615878,2019-07-06T09:00:15.878Z,buy,3.73e-06,294.0,0.00109662
SYS/BTC,1562403615884,2019-07-06T09:00:15.884Z,buy,3.73e-06,6474.0,0.02414802
SYS/BTC,1562403615939,2019-07-06T09:00:15.939Z,buy,3.75e-06,346.0,0.0012975
SYS/BTC,1562403615955,2019-07-06T09:00:15.955Z,buy,3.75e-06,346.0,0.0012975
SYS/BTC,1562403615996,2019-07-06T09:00:15.996Z,buy,3.75e-06,525.0,0.00196875
SYS/BTC,1562403616150,2019-07-06T09:00:16.150Z,buy,3.75e-06,14448.0,0.05418
SYS/BTC,1562403616229,2019-07-06T09:00:16.229Z,buy,3.75e-06,13868.0,0.052005
SYS/BTC,1562403616413,2019-07-06T09:00:16.413Z,buy,3.75e-06,12202.0,0.0457575
SYS/BTC,1562403616413,2019-07-06T09:00:16.413Z,buy,3.76e-06,1037.0,0.00389912
SYS/BTC,1562403616510,2019-07-06T09:00:16.510Z,buy,3.75e-06,4667.0,0.01750125
SYS/BTC,1562403616510,2019-07-06T09:00:16.510Z,buy,3.76e-06,9161.0,0.03444536
SYS/BTC,1562403616794,2019-07-06T09:00:16.794Z,buy,3.76e-06,937.0,0.00352312
SYS/BTC,1562403638659,2019-07-06T09:00:38.659Z,sell,3.74e-06,576.0,0.00215424
SYS/BTC,1562403660990,2019-07-06T09:01:00.990Z,sell,3.74e-06,269.0,0.00100606
SYS/BTC,1562404011333,2019-07-06T09:06:51.333Z,sell,3.74e-06,291.0,0.00108834
SYS/BTC,1562404011333,2019-07-06T09:06:51.333Z,sell,3.73e-06,5391.0,0.02010843
SYS/BTC,1562404048898,2019-07-06T09:07:28.898Z,sell,3.73e-06,271.0,0.0010108299999999
SYS/BTC,1562404322510,2019-07-06T09:12:02.510Z,buy,3.75e-06,1670.0,0.0062625
SYS/BTC,1562404368048,2019-07-06T09:12:48.048Z,sell,3.75e-06,3473.0,0.01302375
SYS/BTC,1562404474380,2019-07-06T09:14:34.380Z,sell,3.75e-06,602.0,0.0022575
SYS/BTC,1562404474451,2019-07-06T09:14:34.451Z,sell,3.75e-06,559.0,0.00209625
SYS/BTC,1562404474769,2019-07-06T09:14:34.769Z,sell,3.75e-06,803.0,0.00301125
SYS/BTC,1562404475368,2019-07-06T09:14:35.368Z,sell,3.75e-06,690.0,0.0025875
SYS/BTC,1562404475423,2019-07-06T09:14:35.423Z,sell,3.75e-06,550.0,0.0020625
SYS/BTC,1562404475599,2019-07-06T09:14:35.599Z,sell,3.75e-06,530.0,0.0019875
SYS/BTC,1562404513864,2019-07-06T09:15:13.864Z,sell,3.75e-06,442.0,0.0016575
SYS/BTC,1562404945383,2019-07-06T09:22:25.383Z,buy,3.76e-06,1117.0,0.00419992
SYS/BTC,1562405067835,2019-07-06T09:24:27.835Z,buy,3.76e-06,13306.0,0.05003056
SYS/BTC,1562405070055,2019-07-06T09:24:30.055Z,buy,3.77e-06,797.0,0.00300469
SYS/BTC,1562405079824,2019-07-06T09:24:39.824Z,sell,3.76e-06,273.0,0.00102648
SYS/BTC,1562405089994,2019-07-06T09:24:49.994Z,sell,3.76e-06,21728.0,0.08169728
SYS/BTC,1562405099360,2019-07-06T09:24:59.360Z,buy,3.76e-06,28.0,0.00010528
SYS/BTC,1562405140570,2019-07-06T09:25:40.570Z,sell,3.76e-06,2365.0,0.0088924
SYS/BTC,1562405218066,2019-07-06T09:26:58.066Z,buy,3.76e-06,3.0,1.128e-05
SYS/BTC,1562405258538,2019-07-06T09:27:38.538Z,buy,3.76e-06,1063.0,0.00399688
SYS/BTC,1562405258538,2019-07-06T09:27:38.538Z,buy,3.76e-06,1063.0,0.00399688
SYS/BTC,1562405421976,2019-07-06T09:30:21.976Z,buy,3.76e-06,3868.0,0.01454368
SYS/BTC,1562405429417,2019-07-06T09:30:29.417Z,sell,3.76e-06,8632.0,0.03245632
SYS/BTC,1562405816384,2019-07-06T09:36:56.384Z,sell,3.75e-06,8026.0,0.0300975
SYS/BTC,1562405828242,2019-07-06T09:37:08.242Z,sell,3.75e-06,9629.0,0.03610875
SYS/BTC,1562405840779,2019-07-06T09:37:20.779Z,buy,3.76e-06,278.0,0.00104528
SYS/BTC,1562405840779,2019-07-06T09:37:20.779Z,buy,3.77e-06,99822.0,0.37632894
SYS/BTC,1562405860889,2019-07-06T09:37:40.889Z,buy,3.76e-06,1128.0,0.00424128
SYS/BTC,1562405868667,2019-07-06T09:37:48.667Z,buy,3.76e-06,238.0,0.00089488
SYS/BTC,1562405868667,2019-07-06T09:37:48.667Z,buy,3.77e-06,162.0,0.00061074
SYS/BTC,1562405911265,2019-07-06T09:38:31.265Z,buy,3.77e-06,450.0,0.0016964999999999
SYS/BTC,1562406010969,2019-07-06T09:40:10.969Z,buy,3.76e-06,1326.0,0.00498576
SYS/BTC,1562406028998,2019-07-06T09:40:28.998Z,buy,3.76e-06,49.0,0.00018424
SYS/BTC,1562406028998,2019-07-06T09:40:28.998Z,buy,3.77e-06,9685.0,0.03651245
SYS/BTC,1562406028998,2019-07-06T09:40:28.998Z,buy,3.78e-06,1475.0,0.0055755
SYS/BTC,1562406028998,2019-07-06T09:40:28.998Z,buy,3.79e-06,2088.0,0.00791352
SYS/BTC,1562406029139,2019-07-06T09:40:29.139Z,buy,3.79e-06,585.0,0.00221715
SYS/BTC,1562406029574,2019-07-06T09:40:29.574Z,sell,3.77e-06,1123.0,0.00423371
SYS/BTC,1562406029686,2019-07-06T09:40:29.686Z,buy,3.79e-06,323.0,0.00122417
SYS/BTC,1562406065693,2019-07-06T09:41:05.693Z,buy,3.76e-06,2989.0,0.01123864
SYS/BTC,1562406886736,2019-07-06T09:54:46.736Z,buy,3.76e-06,331.0,0.00124456
SYS/BTC,1562406912680,2019-07-06T09:55:12.680Z,sell,3.75e-06,2989.0,0.01120875
SYS/BTC,1562407199752,2019-07-06T09:59:59.752Z,buy,3.76e-06,59115.0,0.2222724
SYS/BTC,1562407218925,2019-07-06T10:00:18.925Z,buy,3.76e-06,3417.0,0.01284792
SYS/BTC,1562407218989,2019-07-06T10:00:18.989Z,sell,3.76e-06,285.0,0.0010716
SYS/BTC,1562407219146,2019-07-06T10:00:19.146Z,sell,3.76e-06,6.0,2.256e-05
SYS/BTC,1562407219861,2019-07-06T10:00:19.861Z,sell,3.75e-06,1389.0,0.00520875
SYS/BTC,1562407219892,2019-07-06T10:00:19.892Z,buy,3.76e-06,526.0,0.00197776
SYS/BTC,1562407280615,2019-07-06T10:01:20.615Z,sell,3.75e-06,340.0,0.001275
SYS/BTC,1562407294529,2019-07-06T10:01:34.529Z,buy,3.77e-06,1989.0,0.00749853
SYS/BTC,1562407523936,2019-07-06T10:05:23.936Z,buy,3.77e-06,3660.0,0.0137982
SYS/BTC,1562407820526,2019-07-06T10:10:20.526Z,buy,3.77e-06,300.0,0.001131
SYS/BTC,1562408080703,2019-07-06T10:14:40.703Z,buy,3.77e-06,3280.0,0.0123656
SYS/BTC,1562408080841,2019-07-06T10:14:40.841Z,buy,3.77e-06,321.0,0.00121017
SYS/BTC,1562408082088,2019-07-06T10:14:42.088Z,buy,3.77e-06,2878.0,0.01085006
SYS/BTC,1562408082088,2019-07-06T10:14:42.088Z,buy,3.77e-06,2878.0,0.01085006
SYS/BTC,1562409137233,2019-07-06T10:32:17.233Z,buy,3.77e-06,2913.0,0.01098201
SYS/BTC,1562409488628,2019-07-06T10:38:08.628Z,buy,3.78e-06,2880.0,0.0108864
SYS/BTC,1562409488628,2019-07-06T10:38:08.628Z,buy,3.79e-06,2409.0,0.00913011
SYS/BTC,1562409488628,2019-07-06T10:38:08.628Z,buy,3.8e-06,4202.0,0.0159676
SYS/BTC,1562409488628,2019-07-06T10:38:08.628Z,buy,3.81e-06,43132.0,0.16433292
SYS/BTC,1562409490965,2019-07-06T10:38:10.965Z,buy,3.8e-06,4334.0,0.0164692
SYS/BTC,1562409490965,2019-07-06T10:38:10.965Z,buy,3.81e-06,29283.0,0.11156823
SYS/BTC,1562409490965,2019-07-06T10:38:10.965Z,buy,3.82e-06,4500.0,0.01719
SYS/BTC,1562409490965,2019-07-06T10:38:10.965Z,buy,3.83e-06,7507.0,0.02875181
SYS/BTC,1562409490965,2019-07-06T10:38:10.965Z,buy,3.84e-06,1411.0,0.0054182399999999
SYS/BTC,1562409490965,2019-07-06T10:38:10.965Z,buy,3.85e-06,16266.0,0.0626241
SYS/BTC,1562409491694,2019-07-06T10:38:11.694Z,sell,3.78e-06,769.0,0.00290682
SYS/BTC,1562409493567,2019-07-06T10:38:13.567Z,sell,3.8e-06,340.0,0.001292
SYS/BTC,1562409525833,2019-07-06T10:38:45.833Z,sell,3.81e-06,270.0,0.0010287
SYS/BTC,1562409535710,2019-07-06T10:38:55.710Z,sell,3.81e-06,511.0,0.00194691
SYS/BTC,1562409543533,2019-07-06T10:39:03.533Z,sell,3.8e-06,291.0,0.0011058
SYS/BTC,1562409543533,2019-07-06T10:39:03.533Z,sell,3.78e-06,4731.0,0.01788318
SYS/BTC,1562409543533,2019-07-06T10:39:03.533Z,sell,3.77e-06,3376.0,0.0127275199999999
SYS/BTC,1562409543537,2019-07-06T10:39:03.537Z,sell,3.77e-06,6539.0,0.02465203
SYS/BTC,1562409543642,2019-07-06T10:39:03.642Z,sell,3.77e-06,6912.0,0.02605824
SYS/BTC,1562409543679,2019-07-06T10:39:03.679Z,sell,3.77e-06,1975.0,0.00744575
SYS/BTC,1562409544826,2019-07-06T10:39:04.826Z,sell,3.77e-06,9920.0,0.0373984
SYS/BTC,1562409544826,2019-07-06T10:39:04.826Z,sell,3.76e-06,18641.0,0.07009016
SYS/BTC,1562409549712,2019-07-06T10:39:09.712Z,sell,3.77e-06,525.0,0.00197925
SYS/BTC,1562409554291,2019-07-06T10:39:14.291Z,sell,3.77e-06,4269.0,0.0160941299999999
SYS/BTC,1562409555067,2019-07-06T10:39:15.067Z,sell,3.77e-06,672.0,0.00253344
SYS/BTC,1562409556079,2019-07-06T10:39:16.079Z,sell,3.77e-06,5734.0,0.02161718
SYS/BTC,1562409557015,2019-07-06T10:39:17.015Z,sell,3.76e-06,535.0,0.0020116
SYS/BTC,1562409708099,2019-07-06T10:41:48.099Z,sell,3.76e-06,925.0,0.003478
SYS/BTC,1562409890443,2019-07-06T10:44:50.443Z,buy,3.77e-06,946.0,0.00356642
SYS/BTC,1562410011556,2019-07-06T10:46:51.556Z,buy,3.77e-06,1190.0,0.0044862999999999
SYS/BTC,1562410011812,2019-07-06T10:46:51.812Z,buy,3.77e-06,1189.0,0.00448253
SYS/BTC,1562410012186,2019-07-06T10:46:52.186Z,buy,3.77e-06,2016.0,0.00760032
SYS/BTC,1562410033213,2019-07-06T10:47:13.213Z,sell,3.77e-06,362.0,0.00136474
SYS/BTC,1562410421844,2019-07-06T10:53:41.844Z,sell,3.76e-06,1571.0,0.00590696
SYS/BTC,1562410421844,2019-07-06T10:53:41.844Z,sell,3.75e-06,20598.0,0.0772425
SYS/BTC,1562410421844,2019-07-06T10:53:41.844Z,sell,3.73e-06,7189.0,0.02681497
SYS/BTC,1562410421844,2019-07-06T10:53:41.844Z,sell,3.72e-06,30308.0,0.11274576
SYS/BTC,1562410421844,2019-07-06T10:53:41.844Z,sell,3.71e-06,191881.0,0.71187851
SYS/BTC,1562410421844,2019-07-06T10:53:41.844Z,sell,3.7e-06,56080.0,0.207496
SYS/BTC,1562410422531,2019-07-06T10:53:42.531Z,sell,3.73e-06,2622.0,0.00978006
SYS/BTC,1562410422636,2019-07-06T10:53:42.636Z,sell,3.73e-06,26449.0,0.09865477
SYS/BTC,1562410422683,2019-07-06T10:53:42.683Z,sell,3.73e-06,16187.0,0.0603775099999999
SYS/BTC,1562410422868,2019-07-06T10:53:42.868Z,sell,3.73e-06,845.0,0.00315185
SYS/BTC,1562410422952,2019-07-06T10:53:42.952Z,sell,3.73e-06,321.0,0.00119733
SYS/BTC,1562410423212,2019-07-06T10:53:43.212Z,sell,3.73e-06,5692.0,0.02123116
SYS/BTC,1562410423240,2019-07-06T10:53:43.240Z,sell,3.73e-06,924.0,0.00344652
SYS/BTC,1562410423565,2019-07-06T10:53:43.565Z,sell,3.73e-06,1834.0,0.00684082
SYS/BTC,1562410424641,2019-07-06T10:53:44.641Z,sell,3.73e-06,5857.0,0.02184661
SYS/BTC,1562410424641,2019-07-06T10:53:44.641Z,sell,3.72e-06,4025.0,0.014973
SYS/BTC,1562410424641,2019-07-06T10:53:44.641Z,sell,3.71e-06,34796.0,0.12909316
SYS/BTC,1562410424641,2019-07-06T10:53:44.641Z,sell,3.7e-06,18623.0,0.0689051
SYS/BTC,1562410425596,2019-07-06T10:53:45.596Z,buy,3.71e-06,1126.0,0.00417746
SYS/BTC,1562410430213,2019-07-06T10:53:50.213Z,sell,3.7e-06,26449.0,0.0978613
SYS/BTC,1562410430325,2019-07-06T10:53:50.325Z,sell,3.7e-06,440.0,0.001628
SYS/BTC,1562410431906,2019-07-06T10:53:51.906Z,sell,3.7e-06,946.0,0.0035002
SYS/BTC,1562410432377,2019-07-06T10:53:52.377Z,sell,3.7e-06,6637.0,0.0245569
SYS/BTC,1562410433810,2019-07-06T10:53:53.810Z,sell,3.7e-06,1531.0,0.0056647
SYS/BTC,1562410440097,2019-07-06T10:54:00.097Z,sell,3.71e-06,1140.0,0.0042294
SYS/BTC,1562410440097,2019-07-06T10:54:00.097Z,sell,3.7e-06,81167.0,0.3003179
SYS/BTC,1562410440097,2019-07-06T10:54:00.097Z,sell,3.69e-06,74196.0,0.27378324
SYS/BTC,1562410440097,2019-07-06T10:54:00.097Z,sell,3.68e-06,4871.0,0.01792528
SYS/BTC,1562410440097,2019-07-06T10:54:00.097Z,sell,3.67e-06,10628.0,0.03900476
SYS/BTC,1562410440097,2019-07-06T10:54:00.097Z,sell,3.66e-06,116449.0,0.42620334
SYS/BTC,1562410440097,2019-07-06T10:54:00.097Z,sell,3.65e-06,31864.0,0.1163036
SYS/BTC,1562410440097,2019-07-06T10:54:00.097Z,sell,3.64e-06,254038.0,0.92469832
SYS/BTC,1562410440097,2019-07-06T10:54:00.097Z,sell,3.63e-06,67998.0,0.24683274
SYS/BTC,1562410440097,2019-07-06T10:54:00.097Z,sell,3.62e-06,30726.0,0.11122812
SYS/BTC,1562410440097,2019-07-06T10:54:00.097Z,sell,3.61e-06,9297.0,0.03356217
SYS/BTC,1562410440097,2019-07-06T10:54:00.097Z,sell,3.61e-06,9726.0,0.03511086
SYS/BTC,1562410440097,2019-07-06T10:54:00.097Z,sell,3.61e-06,6336.0,0.02287296
SYS/BTC,1562410440137,2019-07-06T10:54:00.137Z,buy,3.62e-06,5164.0,0.01869368
SYS/BTC,1562410440137,2019-07-06T10:54:00.137Z,buy,3.63e-06,5824.0,0.02114112
SYS/BTC,1562410440138,2019-07-06T10:54:00.138Z,buy,3.63e-06,968.0,0.00351384
SYS/BTC,1562410440143,2019-07-06T10:54:00.143Z,buy,3.63e-06,968.0,0.00351384
SYS/BTC,1562410440143,2019-07-06T10:54:00.143Z,buy,3.63e-06,968.0,0.00351384
SYS/BTC,1562410440147,2019-07-06T10:54:00.147Z,buy,3.63e-06,2024.0,0.0073471199999999
SYS/BTC,1562410440147,2019-07-06T10:54:00.147Z,buy,3.65e-06,968.0,0.0035332
SYS/BTC,1562410440161,2019-07-06T10:54:00.161Z,buy,3.69e-06,1924.0,0.0070995599999999
SYS/BTC,1562410440164,2019-07-06T10:54:00.164Z,sell,3.68e-06,1936.0,0.00712448
SYS/BTC,1562410440224,2019-07-06T10:54:00.224Z,buy,3.68e-06,3460.0,0.0127327999999999
SYS/BTC,1562410440235,2019-07-06T10:54:00.235Z,sell,3.67e-06,5500.0,0.020185
SYS/BTC,1562410440313,2019-07-06T10:54:00.313Z,sell,3.66e-06,2659.0,0.00973194
SYS/BTC,1562410440332,2019-07-06T10:54:00.332Z,buy,3.66e-06,4082.0,0.01494012
SYS/BTC,1562410440332,2019-07-06T10:54:00.332Z,buy,3.67e-06,967.0,0.00354889
SYS/BTC,1562410440332,2019-07-06T10:54:00.332Z,buy,3.68e-06,2956.0,0.01087808
SYS/BTC,1562410440332,2019-07-06T10:54:00.332Z,buy,3.69e-06,30498.0,0.1125376199999999
SYS/BTC,1562410440358,2019-07-06T10:54:00.358Z,buy,3.68e-06,88.0,0.00032384
SYS/BTC,1562410440508,2019-07-06T10:54:00.508Z,buy,3.67e-06,1140.0,0.0041838
SYS/BTC,1562410440508,2019-07-06T10:54:00.508Z,buy,3.68e-06,3499.0,0.01287632
SYS/BTC,1562410440524,2019-07-06T10:54:00.524Z,sell,3.66e-06,6875.0,0.0251625
SYS/BTC,1562410440601,2019-07-06T10:54:00.601Z,sell,3.66e-06,344.0,0.00125904
SYS/BTC,1562410440688,2019-07-06T10:54:00.688Z,sell,3.65e-06,1298.0,0.0047377
SYS/BTC,1562410440769,2019-07-06T10:54:00.769Z,buy,3.66e-06,6966.0,0.02549556
SYS/BTC,1562410440917,2019-07-06T10:54:00.917Z,buy,3.66e-06,5435.0,0.0198921
SYS/BTC,1562410440934,2019-07-06T10:54:00.934Z,buy,3.66e-06,5730.0,0.0209718
SYS/BTC,1562410440985,2019-07-06T10:54:00.985Z,buy,3.66e-06,314.0,0.00114924
SYS/BTC,1562410441010,2019-07-06T10:54:01.010Z,buy,3.66e-06,149.0,0.00054534
SYS/BTC,1562410441033,2019-07-06T10:54:01.033Z,sell,3.67e-06,962.0,0.00353054
SYS/BTC,1562410441145,2019-07-06T10:54:01.145Z,sell,3.67e-06,300.0,0.001101
SYS/BTC,1562410441265,2019-07-06T10:54:01.265Z,sell,3.67e-06,7886.0,0.02894162
SYS/BTC,1562410441265,2019-07-06T10:54:01.265Z,sell,3.65e-06,318.0,0.0011607
SYS/BTC,1562410441280,2019-07-06T10:54:01.280Z,buy,3.68e-06,325.0,0.001196
SYS/BTC,1562410441589,2019-07-06T10:54:01.589Z,sell,3.66e-06,960.0,0.0035136
SYS/BTC,1562410441696,2019-07-06T10:54:01.696Z,sell,3.66e-06,190.0,0.0006954
SYS/BTC,1562410441696,2019-07-06T10:54:01.696Z,sell,3.65e-06,12736.0,0.0464864
SYS/BTC,1562410442058,2019-07-06T10:54:02.058Z,buy,3.67e-06,375.0,0.00137625
SYS/BTC,1562410442228,2019-07-06T10:54:02.228Z,sell,3.65e-06,944.0,0.0034456
SYS/BTC,1562410442250,2019-07-06T10:54:02.250Z,buy,3.67e-06,2627.0,0.00964109
SYS/BTC,1562410442440,2019-07-06T10:54:02.440Z,sell,3.65e-06,1345.0,0.00490925
SYS/BTC,1562410442553,2019-07-06T10:54:02.553Z,sell,3.65e-06,818.0,0.0029857
SYS/BTC,1562410442603,2019-07-06T10:54:02.603Z,buy,3.66e-06,274.0,0.00100284
SYS/BTC,1562410442735,2019-07-06T10:54:02.735Z,buy,3.66e-06,325.0,0.0011895
SYS/BTC,1562410442768,2019-07-06T10:54:02.768Z,buy,3.66e-06,1501.0,0.00549366
SYS/BTC,1562410442928,2019-07-06T10:54:02.928Z,sell,3.65e-06,780.0,0.002847
SYS/BTC,1562410442947,2019-07-06T10:54:02.947Z,buy,3.66e-06,1835.0,0.0067161
SYS/BTC,1562410442981,2019-07-06T10:54:02.981Z,buy,3.66e-06,330.0,0.0012078
SYS/BTC,1562410443437,2019-07-06T10:54:03.437Z,sell,3.65e-06,3460.0,0.012629
SYS/BTC,1562410443518,2019-07-06T10:54:03.518Z,sell,3.65e-06,1649.0,0.00601885
SYS/BTC,1562410443594,2019-07-06T10:54:03.594Z,buy,3.66e-06,410.0,0.0015006
SYS/BTC,1562410443714,2019-07-06T10:54:03.714Z,sell,3.65e-06,5500.0,0.020075
SYS/BTC,1562410443938,2019-07-06T10:54:03.938Z,sell,3.65e-06,951.0,0.00347115
SYS/BTC,1562410444058,2019-07-06T10:54:04.058Z,sell,3.65e-06,291.0,0.00106215
SYS/BTC,1562410444289,2019-07-06T10:54:04.289Z,buy,3.66e-06,325.0,0.0011895
SYS/BTC,1562410444297,2019-07-06T10:54:04.297Z,buy,3.66e-06,4668.0,0.01708488
SYS/BTC,1562410444505,2019-07-06T10:54:04.505Z,sell,3.65e-06,8400.0,0.03066
SYS/BTC,1562410444692,2019-07-06T10:54:04.692Z,buy,3.66e-06,1123.0,0.00411018
SYS/BTC,1562410444692,2019-07-06T10:54:04.692Z,buy,3.67e-06,1150.0,0.0042205
SYS/BTC,1562410444706,2019-07-06T10:54:04.706Z,sell,3.67e-06,5403.0,0.01982901
SYS/BTC,1562410444720,2019-07-06T10:54:04.720Z,buy,3.67e-06,99.0,0.00036333
SYS/BTC,1562410447520,2019-07-06T10:54:07.520Z,buy,3.66e-06,946.0,0.00346236
SYS/BTC,1562410448091,2019-07-06T10:54:08.091Z,sell,3.66e-06,2492.0,0.00912072
SYS/BTC,1562410448536,2019-07-06T10:54:08.536Z,sell,3.66e-06,2881.0,0.01054446
SYS/BTC,1562410449824,2019-07-06T10:54:09.824Z,sell,3.66e-06,1344.0,0.00491904
SYS/BTC,1562410450644,2019-07-06T10:54:10.644Z,buy,3.67e-06,576.0,0.00211392
SYS/BTC,1562410450747,2019-07-06T10:54:10.747Z,sell,3.66e-06,966.0,0.00353556
SYS/BTC,1562410452411,2019-07-06T10:54:12.411Z,sell,3.66e-06,282.0,0.00103212
SYS/BTC,1562410452467,2019-07-06T10:54:12.467Z,sell,3.65e-06,2141.0,0.00781465
SYS/BTC,1562410452775,2019-07-06T10:54:12.775Z,buy,3.67e-06,5626.0,0.02064742
SYS/BTC,1562410453276,2019-07-06T10:54:13.276Z,buy,3.67e-06,544.0,0.00199648
SYS/BTC,1562410453279,2019-07-06T10:54:13.279Z,buy,3.67e-06,681.0,0.00249927
SYS/BTC,1562410453331,2019-07-06T10:54:13.331Z,buy,3.67e-06,3887.0,0.01426529
SYS/BTC,1562410453599,2019-07-06T10:54:13.599Z,sell,3.66e-06,301.0,0.00110166
SYS/BTC,1562410453627,2019-07-06T10:54:13.627Z,buy,3.67e-06,517.0,0.00189739
SYS/BTC,1562410454552,2019-07-06T10:54:14.552Z,buy,3.67e-06,3572.0,0.01310924
SYS/BTC,1562410454552,2019-07-06T10:54:14.552Z,buy,3.68e-06,1848.0,0.00680064
SYS/BTC,1562410454632,2019-07-06T10:54:14.632Z,sell,3.66e-06,2152.0,0.00787632
SYS/BTC,1562410455196,2019-07-06T10:54:15.196Z,buy,3.67e-06,7053.0,0.02588451
SYS/BTC,1562410455196,2019-07-06T10:54:15.196Z,buy,3.68e-06,3575.0,0.013156
SYS/BTC,1562410455221,2019-07-06T10:54:15.221Z,sell,3.66e-06,3295.0,0.0120597
SYS/BTC,1562410455586,2019-07-06T10:54:15.586Z,sell,3.67e-06,2727.0,0.01000809
SYS/BTC,1562410457590,2019-07-06T10:54:17.590Z,buy,3.67e-06,618.0,0.00226806
SYS/BTC,1562410460307,2019-07-06T10:54:20.307Z,buy,3.67e-06,1338.0,0.00491046
SYS/BTC,1562410468185,2019-07-06T10:54:28.185Z,sell,3.65e-06,1073.0,0.00391645
SYS/BTC,1562410472201,2019-07-06T10:54:32.201Z,sell,3.65e-06,946.0,0.0034529
SYS/BTC,1562410472421,2019-07-06T10:54:32.421Z,sell,3.65e-06,536.0,0.0019564
SYS/BTC,1562410475513,2019-07-06T10:54:35.513Z,sell,3.65e-06,7037.0,0.02568505
SYS/BTC,1562410475646,2019-07-06T10:54:35.646Z,sell,3.65e-06,3498.0,0.0127677
SYS/BTC,1562410475804,2019-07-06T10:54:35.804Z,sell,3.65e-06,2712.0,0.0098988
SYS/BTC,1562410476035,2019-07-06T10:54:36.035Z,buy,3.66e-06,2205.0,0.0080703
SYS/BTC,1562410480244,2019-07-06T10:54:40.244Z,buy,3.66e-06,1807.0,0.00661362
SYS/BTC,1562410501085,2019-07-06T10:55:01.085Z,sell,3.65e-06,2492.0,0.0090958
SYS/BTC,1562410501366,2019-07-06T10:55:01.366Z,buy,3.66e-06,16955.0,0.0620553
SYS/BTC,1562410501605,2019-07-06T10:55:01.605Z,sell,3.66e-06,959.0,0.00350994
SYS/BTC,1562410501643,2019-07-06T10:55:01.643Z,sell,3.66e-06,2855.0,0.0104493
SYS/BTC,1562410501706,2019-07-06T10:55:01.706Z,sell,3.66e-06,960.0,0.0035136
SYS/BTC,1562410501722,2019-07-06T10:55:01.722Z,sell,3.66e-06,960.0,0.0035136
SYS/BTC,1562410501788,2019-07-06T10:55:01.788Z,sell,3.66e-06,959.0,0.00350994
SYS/BTC,1562410501841,2019-07-06T10:55:01.841Z,sell,3.66e-06,959.0,0.00350994
SYS/BTC,1562410501841,2019-07-06T10:55:01.841Z,sell,3.66e-06,3998.0,0.01463268
SYS/BTC,1562410503623,2019-07-06T10:55:03.623Z,buy,3.67e-06,896.0,0.00328832
SYS/BTC,1562410509491,2019-07-06T10:55:09.491Z,sell,3.66e-06,544.0,0.00199104
SYS/BTC,1562410509614,2019-07-06T10:55:09.614Z,sell,3.66e-06,1636.0,0.00598776
SYS/BTC,1562410515885,2019-07-06T10:55:15.885Z,sell,3.66e-06,953.0,0.00348798
SYS/BTC,1562410521504,2019-07-06T10:55:21.504Z,sell,3.66e-06,409.0,0.00149694
SYS/BTC,1562410521573,2019-07-06T10:55:21.573Z,sell,3.66e-06,409.0,0.00149694
SYS/BTC,1562410521644,2019-07-06T10:55:21.644Z,sell,3.66e-06,409.0,0.00149694
SYS/BTC,1562410523304,2019-07-06T10:55:23.304Z,sell,3.66e-06,306.0,0.00111996
SYS/BTC,1562410523862,2019-07-06T10:55:23.862Z,buy,3.67e-06,1341.0,0.00492147
SYS/BTC,1562410533103,2019-07-06T10:55:33.103Z,buy,3.67e-06,11531.0,0.04231877
SYS/BTC,1562410533173,2019-07-06T10:55:33.173Z,sell,3.67e-06,5717.0,0.02098139
SYS/BTC,1562410545556,2019-07-06T10:55:45.556Z,sell,3.66e-06,408.0,0.00149328
SYS/BTC,1562410546163,2019-07-06T10:55:46.163Z,sell,3.67e-06,10575.0,0.03881025
SYS/BTC,1562410569797,2019-07-06T10:56:09.797Z,buy,3.68e-06,1326.0,0.00487968
SYS/BTC,1562410575329,2019-07-06T10:56:15.329Z,sell,3.66e-06,6188.0,0.02264808
SYS/BTC,1562410579653,2019-07-06T10:56:19.653Z,buy,3.67e-06,818.0,0.00300206
SYS/BTC,1562410589531,2019-07-06T10:56:29.531Z,buy,3.67e-06,94.0,0.00034498
SYS/BTC,1562410589531,2019-07-06T10:56:29.531Z,buy,3.68e-06,1225.0,0.004508
SYS/BTC,1562410599877,2019-07-06T10:56:39.877Z,buy,3.67e-06,1839.0,0.00674913
SYS/BTC,1562410599915,2019-07-06T10:56:39.915Z,sell,3.67e-06,7480.0,0.0274516
SYS/BTC,1562410604941,2019-07-06T10:56:44.941Z,buy,3.68e-06,75494.0,0.27781792
SYS/BTC,1562410630241,2019-07-06T10:57:10.241Z,buy,3.68e-06,913.0,0.00335984
SYS/BTC,1562410630761,2019-07-06T10:57:10.761Z,sell,3.67e-06,3290.0,0.0120743
SYS/BTC,1562410631216,2019-07-06T10:57:11.216Z,buy,3.68e-06,19818.0,0.07293024
SYS/BTC,1562410637133,2019-07-06T10:57:17.133Z,sell,3.68e-06,8642.0,0.03180256
SYS/BTC,1562410648399,2019-07-06T10:57:28.399Z,sell,3.68e-06,5454.0,0.02007072
SYS/BTC,1562410650946,2019-07-06T10:57:30.946Z,sell,3.68e-06,1631.0,0.00600208
SYS/BTC,1562410678487,2019-07-06T10:57:58.487Z,buy,3.69e-06,99.0,0.00036531
SYS/BTC,1562410679186,2019-07-06T10:57:59.186Z,buy,3.69e-06,79.0,0.00029151
SYS/BTC,1562410684978,2019-07-06T10:58:04.978Z,buy,3.69e-06,4635.0,0.0171031499999999
SYS/BTC,1562410689112,2019-07-06T10:58:09.112Z,buy,3.69e-06,17734.0,0.0654384599999999
SYS/BTC,1562410689812,2019-07-06T10:58:09.812Z,buy,3.69e-06,42280.0,0.1560132
SYS/BTC,1562410693464,2019-07-06T10:58:13.464Z,buy,3.7e-06,82.0,0.0003034
SYS/BTC,1562410693584,2019-07-06T10:58:13.584Z,sell,3.69e-06,299.0,0.00110331
SYS/BTC,1562410697997,2019-07-06T10:58:17.997Z,sell,3.69e-06,5730.0,0.0211436999999999
SYS/BTC,1562410732363,2019-07-06T10:58:52.363Z,sell,3.69e-06,957.0,0.0035313299999999
SYS/BTC,1562410746957,2019-07-06T10:59:06.957Z,sell,3.69e-06,626.0,0.00230994
SYS/BTC,1562410788572,2019-07-06T10:59:48.572Z,buy,3.7e-06,13513.0,0.0499981
SYS/BTC,1562410797573,2019-07-06T10:59:57.573Z,buy,3.7e-06,6549.0,0.0242313
SYS/BTC,1562410799841,2019-07-06T10:59:59.841Z,buy,3.7e-06,404.0,0.0014948
SYS/BTC,1562410814575,2019-07-06T11:00:14.575Z,buy,3.7e-06,17124.0,0.0633588
SYS/BTC,1562410815872,2019-07-06T11:00:15.872Z,buy,3.71e-06,406.0,0.00150626
SYS/BTC,1562410816077,2019-07-06T11:00:16.077Z,buy,3.71e-06,811.0,0.00300881
SYS/BTC,1562410816605,2019-07-06T11:00:16.605Z,sell,3.7e-06,348.0,0.0012876
SYS/BTC,1562410816921,2019-07-06T11:00:16.921Z,sell,3.7e-06,295.0,0.0010915
SYS/BTC,1562410821490,2019-07-06T11:00:21.490Z,buy,3.71e-06,405.0,0.00150255
SYS/BTC,1562410822743,2019-07-06T11:00:22.743Z,buy,3.71e-06,944.0,0.00350224
SYS/BTC,1562410831702,2019-07-06T11:00:31.702Z,sell,3.7e-06,4713.0,0.0174381
SYS/BTC,1562410831833,2019-07-06T11:00:31.833Z,sell,3.7e-06,4713.0,0.0174381
SYS/BTC,1562410832024,2019-07-06T11:00:32.024Z,sell,3.7e-06,4713.0,0.0174381
SYS/BTC,1562410832134,2019-07-06T11:00:32.134Z,sell,3.7e-06,4713.0,0.0174381
SYS/BTC,1562410832337,2019-07-06T11:00:32.337Z,sell,3.7e-06,4713.0,0.0174381
SYS/BTC,1562410861754,2019-07-06T11:01:01.754Z,sell,3.7e-06,1680.0,0.006216
SYS/BTC,1562410861867,2019-07-06T11:01:01.867Z,sell,3.7e-06,833.0,0.0030821
SYS/BTC,1562410861977,2019-07-06T11:01:01.977Z,sell,3.7e-06,2513.0,0.0092981
SYS/BTC,1562410862062,2019-07-06T11:01:02.062Z,sell,3.7e-06,2513.0,0.0092981
SYS/BTC,1562410862190,2019-07-06T11:01:02.190Z,sell,3.7e-06,2513.0,0.0092981
SYS/BTC,1562410862285,2019-07-06T11:01:02.285Z,sell,3.7e-06,2513.0,0.0092981
SYS/BTC,1562410862395,2019-07-06T11:01:02.395Z,sell,3.7e-06,3806.0,0.0140822
SYS/BTC,1562410862520,2019-07-06T11:01:02.520Z,sell,3.7e-06,2513.0,0.0092981
SYS/BTC,1562410863778,2019-07-06T11:01:03.778Z,sell,3.7e-06,2513.0,0.0092981
SYS/BTC,1562410866506,2019-07-06T11:01:06.506Z,sell,3.7e-06,2513.0,0.0092981
SYS/BTC,1562410866619,2019-07-06T11:01:06.619Z,sell,3.7e-06,2507.0,0.0092759
SYS/BTC,1562410884037,2019-07-06T11:01:24.037Z,sell,3.7e-06,2205.0,0.0081585
SYS/BTC,1562410894993,2019-07-06T11:01:34.993Z,sell,3.7e-06,17716.0,0.0655492
SYS/BTC,1562410901125,2019-07-06T11:01:41.125Z,sell,3.7e-06,11826.0,0.0437562
SYS/BTC,1562410901205,2019-07-06T11:01:41.205Z,sell,3.7e-06,8062.0,0.0298294
SYS/BTC,1562410904406,2019-07-06T11:01:44.406Z,buy,3.7e-06,1177.0,0.0043549
SYS/BTC,1562410905190,2019-07-06T11:01:45.190Z,sell,3.7e-06,747.0,0.0027639
SYS/BTC,1562410933781,2019-07-06T11:02:13.781Z,sell,3.7e-06,13608.0,0.0503496
SYS/BTC,1562410938131,2019-07-06T11:02:18.131Z,buy,3.7e-06,2611.0,0.0096607
SYS/BTC,1562410943897,2019-07-06T11:02:23.897Z,sell,3.69e-06,949.0,0.0035018099999999
SYS/BTC,1562410989221,2019-07-06T11:03:09.221Z,buy,3.69e-06,3149.0,0.01161981
SYS/BTC,1562411022566,2019-07-06T11:03:42.566Z,sell,3.69e-06,341.0,0.00125829
SYS/BTC,1562411022782,2019-07-06T11:03:42.782Z,sell,3.69e-06,341.0,0.00125829
SYS/BTC,1562411023168,2019-07-06T11:03:43.168Z,sell,3.69e-06,2007.0,0.0074058299999999
SYS/BTC,1562411023180,2019-07-06T11:03:43.180Z,sell,3.69e-06,341.0,0.00125829
SYS/BTC,1562411023287,2019-07-06T11:03:43.287Z,sell,3.69e-06,341.0,0.00125829
SYS/BTC,1562411023398,2019-07-06T11:03:43.398Z,sell,3.69e-06,341.0,0.00125829
SYS/BTC,1562411023508,2019-07-06T11:03:43.508Z,sell,3.69e-06,341.0,0.00125829
SYS/BTC,1562411023603,2019-07-06T11:03:43.603Z,sell,3.69e-06,341.0,0.00125829
SYS/BTC,1562411023726,2019-07-06T11:03:43.726Z,sell,3.69e-06,341.0,0.00125829
SYS/BTC,1562411023824,2019-07-06T11:03:43.824Z,sell,3.69e-06,334.0,0.00123246
SYS/BTC,1562411023976,2019-07-06T11:03:43.976Z,sell,3.69e-06,292.0,0.00107748
SYS/BTC,1562411029225,2019-07-06T11:03:49.225Z,buy,3.7e-06,86.0,0.0003182
SYS/BTC,1562411301030,2019-07-06T11:08:21.030Z,sell,3.69e-06,2715.0,0.0100183499999999
SYS/BTC,1562411327550,2019-07-06T11:08:47.550Z,buy,3.7e-06,8108.0,0.0299996
SYS/BTC,1562411336326,2019-07-06T11:08:56.326Z,buy,3.7e-06,3398.0,0.0125726
SYS/BTC,1562411367628,2019-07-06T11:09:27.628Z,buy,3.71e-06,2283.0,0.00846993
SYS/BTC,1562411395302,2019-07-06T11:09:55.302Z,sell,3.7e-06,5099.0,0.0188663
SYS/BTC,1562411608423,2019-07-06T11:13:28.423Z,sell,3.7e-06,59056.0,0.2185072
SYS/BTC,1562411668275,2019-07-06T11:14:28.275Z,sell,3.7e-06,10448.0,0.0386576
SYS/BTC,1562411668275,2019-07-06T11:14:28.275Z,sell,3.7e-06,10448.0,0.0386576
SYS/BTC,1562411750638,2019-07-06T11:15:50.638Z,buy,3.7e-06,95.0,0.0003515
SYS/BTC,1562411966620,2019-07-06T11:19:26.620Z,sell,3.68e-06,670.0,0.0024656
SYS/BTC,1562412182750,2019-07-06T11:23:02.750Z,sell,3.69e-06,375.0,0.00138375
SYS/BTC,1562412319107,2019-07-06T11:25:19.107Z,buy,3.7e-06,1014.0,0.0037518
SYS/BTC,1562412495868,2019-07-06T11:28:15.868Z,sell,3.69e-06,5943.0,0.02192967
SYS/BTC,1562412567244,2019-07-06T11:29:27.244Z,sell,3.69e-06,3622.0,0.0133651799999999
SYS/BTC,1562412788769,2019-07-06T11:33:08.769Z,sell,3.69e-06,2712.0,0.01000728
SYS/BTC,1562412860711,2019-07-06T11:34:20.711Z,sell,3.69e-06,4503.0,0.01661607
SYS/BTC,1562412861799,2019-07-06T11:34:21.799Z,buy,3.69e-06,124.0,0.00045756
SYS/BTC,1562413045318,2019-07-06T11:37:25.318Z,buy,3.7e-06,91.0,0.0003367
SYS/BTC,1562413452499,2019-07-06T11:44:12.499Z,buy,3.69e-06,5701.0,0.02103669
SYS/BTC,1562413617990,2019-07-06T11:46:57.990Z,buy,3.69e-06,272.0,0.0010036799999999
SYS/BTC,1562413618894,2019-07-06T11:46:58.894Z,buy,3.69e-06,298.0,0.00109962
SYS/BTC,1562413895522,2019-07-06T11:51:35.522Z,buy,3.69e-06,298.0,0.00109962
SYS/BTC,1562414053577,2019-07-06T11:54:13.577Z,sell,3.68e-06,3168.0,0.01165824
SYS/BTC,1562414294998,2019-07-06T11:58:14.998Z,buy,3.69e-06,1596.0,0.00588924
SYS/BTC,1562414369060,2019-07-06T11:59:29.060Z,buy,3.69e-06,9108.0,0.0336085199999999
SYS/BTC,1562414463495,2019-07-06T12:01:03.495Z,buy,3.69e-06,10213.0,0.03768597
SYS/BTC,1562414598426,2019-07-06T12:03:18.426Z,sell,3.68e-06,5701.0,0.02097968
SYS/BTC,1562414654624,2019-07-06T12:04:14.624Z,buy,3.69e-06,10348.0,0.0381841199999999
SYS/BTC,1562414877706,2019-07-06T12:07:57.706Z,buy,3.69e-06,31442.0,0.11602098
SYS/BTC,1562414877706,2019-07-06T12:07:57.706Z,buy,3.69e-06,31442.0,0.11602098
SYS/BTC,1562415318633,2019-07-06T12:15:18.633Z,buy,3.69e-06,100.0,0.0003689999999999
SYS/BTC,1562415387048,2019-07-06T12:16:27.048Z,buy,3.69e-06,87.0,0.00032103
SYS/BTC,1562415565349,2019-07-06T12:19:25.349Z,buy,3.69e-06,4855.0,0.01791495
SYS/BTC,1562415682595,2019-07-06T12:21:22.595Z,sell,3.68e-06,6271.0,0.02307728
SYS/BTC,1562415682618,2019-07-06T12:21:22.618Z,buy,3.68e-06,6271.0,0.02307728
SYS/BTC,1562415682650,2019-07-06T12:21:22.650Z,buy,3.68e-06,4187.0,0.0154081599999999
SYS/BTC,1562415682819,2019-07-06T12:21:22.819Z,sell,3.68e-06,300.0,0.001104
SYS/BTC,1562415687722,2019-07-06T12:21:27.722Z,buy,3.69e-06,36145.0,0.13337505
SYS/BTC,1562415702731,2019-07-06T12:21:42.731Z,sell,3.68e-06,952.0,0.00350336
SYS/BTC,1562416235886,2019-07-06T12:30:35.886Z,buy,3.68e-06,399.0,0.00146832
SYS/BTC,1562416246587,2019-07-06T12:30:46.587Z,buy,3.68e-06,7413.0,0.02727984
SYS/BTC,1562416246587,2019-07-06T12:30:46.587Z,buy,3.69e-06,7496.0,0.02766024
SYS/BTC,1562416740900,2019-07-06T12:39:00.900Z,buy,3.69e-06,80.0,0.0002951999999999
SYS/BTC,1562416858831,2019-07-06T12:40:58.831Z,buy,3.69e-06,303.0,0.0011180699999999
SYS/BTC,1562417164928,2019-07-06T12:46:04.928Z,sell,3.67e-06,273.0,0.00100191
SYS/BTC,1562417334476,2019-07-06T12:48:54.476Z,buy,3.68e-06,100.0,0.000368
SYS/BTC,1562417440237,2019-07-06T12:50:40.237Z,buy,3.68e-06,77.0,0.0002833599999999
SYS/BTC,1562417498633,2019-07-06T12:51:38.633Z,sell,3.67e-06,646.0,0.00237082
SYS/BTC,1562417500475,2019-07-06T12:51:40.475Z,sell,3.66e-06,2023.0,0.00740418
SYS/BTC,1562417586903,2019-07-06T12:53:06.903Z,buy,3.67e-06,1949.0,0.00715283
SYS/BTC,1562417603697,2019-07-06T12:53:23.697Z,sell,3.66e-06,3769.0,0.01379454
SYS/BTC,1562417737657,2019-07-06T12:55:37.657Z,buy,3.68e-06,84.0,0.0003091199999999
SYS/BTC,1562417845435,2019-07-06T12:57:25.435Z,buy,3.67e-06,88.0,0.00032296
SYS/BTC,1562418273250,2019-07-06T13:04:33.250Z,buy,3.67e-06,86.0,0.00031562
SYS/BTC,1562418287070,2019-07-06T13:04:47.070Z,sell,3.66e-06,24738.0,0.09054108
SYS/BTC,1562418305452,2019-07-06T13:05:05.452Z,sell,3.65e-06,2820.0,0.010293
SYS/BTC,1562418305452,2019-07-06T13:05:05.452Z,sell,3.64e-06,398.0,0.00144872
SYS/BTC,1562418308263,2019-07-06T13:05:08.263Z,sell,3.64e-06,246.0,0.00089544
SYS/BTC,1562418308263,2019-07-06T13:05:08.263Z,sell,3.63e-06,1642.0,0.00596046
SYS/BTC,1562418308565,2019-07-06T13:05:08.565Z,sell,3.63e-06,354.0,0.00128502
SYS/BTC,1562418308565,2019-07-06T13:05:08.565Z,sell,3.62e-06,600.0,0.002172
SYS/BTC,1562418309150,2019-07-06T13:05:09.150Z,sell,3.63e-06,636.0,0.00230868
SYS/BTC,1562418309150,2019-07-06T13:05:09.150Z,sell,3.62e-06,318.0,0.00115116
SYS/BTC,1562418310142,2019-07-06T13:05:10.142Z,sell,3.62e-06,5815.0,0.0210503
SYS/BTC,1562418310474,2019-07-06T13:05:10.474Z,buy,3.63e-06,636.0,0.00230868
SYS/BTC,1562418310820,2019-07-06T13:05:10.820Z,sell,3.62e-06,954.0,0.00345348
SYS/BTC,1562418310888,2019-07-06T13:05:10.888Z,sell,3.62e-06,404.0,0.00146248
SYS/BTC,1562418311057,2019-07-06T13:05:11.057Z,sell,3.62e-06,1343.0,0.00486166
SYS/BTC,1562418311184,2019-07-06T13:05:11.184Z,sell,3.62e-06,954.0,0.00345348
SYS/BTC,1562418311978,2019-07-06T13:05:11.978Z,buy,3.63e-06,636.0,0.00230868
SYS/BTC,1562418313262,2019-07-06T13:05:13.262Z,sell,3.62e-06,10277.0,0.03720274
SYS/BTC,1562418313328,2019-07-06T13:05:13.328Z,buy,3.63e-06,636.0,0.00230868
SYS/BTC,1562418313348,2019-07-06T13:05:13.348Z,sell,3.62e-06,3220.0,0.0116564
SYS/BTC,1562418313504,2019-07-06T13:05:13.504Z,sell,3.62e-06,445.0,0.0016109
SYS/BTC,1562418313598,2019-07-06T13:05:13.598Z,sell,3.62e-06,1623.0,0.00587526
SYS/BTC,1562418313632,2019-07-06T13:05:13.632Z,sell,3.62e-06,947.0,0.00342814
SYS/BTC,1562418313800,2019-07-06T13:05:13.800Z,sell,3.62e-06,1205.0,0.0043621
SYS/BTC,1562418314416,2019-07-06T13:05:14.416Z,buy,3.63e-06,636.0,0.00230868
SYS/BTC,1562418314683,2019-07-06T13:05:14.683Z,buy,3.63e-06,676.0,0.00245388
SYS/BTC,1562418314876,2019-07-06T13:05:14.876Z,sell,3.62e-06,948.0,0.00343176
SYS/BTC,1562418318227,2019-07-06T13:05:18.227Z,buy,3.63e-06,551.0,0.00200013
SYS/BTC,1562418332138,2019-07-06T13:05:32.138Z,sell,3.62e-06,7698.0,0.02786676
SYS/BTC,1562418385087,2019-07-06T13:06:25.087Z,buy,3.63e-06,272.0,0.00098736
SYS/BTC,1562418411599,2019-07-06T13:06:51.599Z,buy,3.64e-06,1673.0,0.00608972
SYS/BTC,1562418417340,2019-07-06T13:06:57.340Z,buy,3.65e-06,2710.0,0.0098915
SYS/BTC,1562418442028,2019-07-06T13:07:22.028Z,sell,3.64e-06,294.0,0.00107016
SYS/BTC,1562418442028,2019-07-06T13:07:22.028Z,sell,3.64e-06,294.0,0.00107016
SYS/BTC,1562418524759,2019-07-06T13:08:44.759Z,buy,3.65e-06,1014.0,0.0037011
SYS/BTC,1562418533815,2019-07-06T13:08:53.815Z,buy,3.65e-06,102.0,0.0003723
SYS/BTC,1562418670942,2019-07-06T13:11:10.942Z,buy,3.66e-06,1138.0,0.00416508
SYS/BTC,1562418818293,2019-07-06T13:13:38.293Z,buy,3.65e-06,367.0,0.00133955
SYS/BTC,1562419123744,2019-07-06T13:18:43.744Z,sell,3.64e-06,3249.0,0.01182636
SYS/BTC,1562419335561,2019-07-06T13:22:15.561Z,buy,3.65e-06,5830.0,0.0212795
SYS/BTC,1562419335561,2019-07-06T13:22:15.561Z,buy,3.66e-06,28174.0,0.10311684
SYS/BTC,1562419335561,2019-07-06T13:22:15.561Z,buy,3.67e-06,52308.0,0.19197036
SYS/BTC,1562419335834,2019-07-06T13:22:15.834Z,sell,3.67e-06,16000.0,0.05872
SYS/BTC,1562419336085,2019-07-06T13:22:16.085Z,sell,3.67e-06,6104.0,0.02240168
SYS/BTC,1562419336331,2019-07-06T13:22:16.331Z,sell,3.67e-06,4936.0,0.01811512
SYS/BTC,1562419336585,2019-07-06T13:22:16.585Z,sell,3.67e-06,11311.0,0.04151137
SYS/BTC,1562419455763,2019-07-06T13:24:15.763Z,buy,3.66e-06,23287.0,0.08523042
SYS/BTC,1562419533141,2019-07-06T13:25:33.141Z,buy,3.67e-06,96.0,0.00035232
SYS/BTC,1562419551628,2019-07-06T13:25:51.628Z,buy,3.67e-06,4765.0,0.01748755
SYS/BTC,1562419552380,2019-07-06T13:25:52.380Z,buy,3.67e-06,5464.0,0.02005288
SYS/BTC,1562419552887,2019-07-06T13:25:52.887Z,buy,3.67e-06,636.0,0.00233412
SYS/BTC,1562419576266,2019-07-06T13:26:16.266Z,buy,3.67e-06,8030.0,0.0294701
SYS/BTC,1562419576314,2019-07-06T13:26:16.314Z,buy,3.67e-06,8030.0,0.0294701
SYS/BTC,1562419576451,2019-07-06T13:26:16.451Z,buy,3.67e-06,5450.0,0.0200015
SYS/BTC,1562419577027,2019-07-06T13:26:17.027Z,buy,3.67e-06,8030.0,0.0294701
SYS/BTC,1562419577036,2019-07-06T13:26:17.036Z,buy,3.67e-06,2960.0,0.0108632
SYS/BTC,1562419577298,2019-07-06T13:26:17.298Z,buy,3.67e-06,8038.0,0.02949946
SYS/BTC,1562419626711,2019-07-06T13:27:06.711Z,buy,3.67e-06,5420.0,0.0198914
SYS/BTC,1562419626999,2019-07-06T13:27:06.999Z,buy,3.67e-06,8380.0,0.0307546
SYS/BTC,1562419904713,2019-07-06T13:31:44.713Z,sell,3.66e-06,2366.0,0.00865956
SYS/BTC,1562419909247,2019-07-06T13:31:49.247Z,sell,3.66e-06,2072.0,0.00758352
SYS/BTC,1562419988866,2019-07-06T13:33:08.866Z,sell,3.66e-06,6080.0,0.0222528
SYS/BTC,1562419989077,2019-07-06T13:33:09.077Z,sell,3.66e-06,313.0,0.00114558
SYS/BTC,1562420232583,2019-07-06T13:37:12.583Z,buy,3.67e-06,88.0,0.00032296
SYS/BTC,1562420249119,2019-07-06T13:37:29.119Z,buy,3.67e-06,41830.0,0.1535161
SYS/BTC,1562420314624,2019-07-06T13:38:34.624Z,sell,3.66e-06,575.0,0.0021045
SYS/BTC,1562420462896,2019-07-06T13:41:02.896Z,buy,3.67e-06,92.0,0.00033764
SYS/BTC,1562420528828,2019-07-06T13:42:08.828Z,buy,3.67e-06,89.0,0.00032663
SYS/BTC,1562420556034,2019-07-06T13:42:36.034Z,buy,3.67e-06,2940.0,0.0107898
SYS/BTC,1562420558088,2019-07-06T13:42:38.088Z,sell,3.66e-06,24468.0,0.08955288
SYS/BTC,1562420596609,2019-07-06T13:43:16.609Z,buy,3.67e-06,78.0,0.00028626
SYS/BTC,1562420673763,2019-07-06T13:44:33.763Z,buy,3.67e-06,80.0,0.0002936
SYS/BTC,1562420879842,2019-07-06T13:47:59.842Z,buy,3.67e-06,5806.0,0.02130802
SYS/BTC,1562420897681,2019-07-06T13:48:17.681Z,sell,3.67e-06,551.0,0.00202217
SYS/BTC,1562420926297,2019-07-06T13:48:46.297Z,buy,3.68e-06,91.0,0.00033488
SYS/BTC,1562420928140,2019-07-06T13:48:48.140Z,buy,3.68e-06,10588.0,0.03896384
SYS/BTC,1562420929351,2019-07-06T13:48:49.351Z,sell,3.68e-06,43410.0,0.1597488
SYS/BTC,1562421095822,2019-07-06T13:51:35.822Z,sell,3.67e-06,8099.0,0.02972333
SYS/BTC,1562421115547,2019-07-06T13:51:55.547Z,buy,3.68e-06,683.0,0.00251344
SYS/BTC,1562421131381,2019-07-06T13:52:11.381Z,buy,3.68e-06,2717.0,0.00999856
SYS/BTC,1562421136502,2019-07-06T13:52:16.502Z,buy,3.68e-06,94.0,0.00034592
SYS/BTC,1562421185273,2019-07-06T13:53:05.273Z,sell,3.67e-06,947.0,0.00347549
SYS/BTC,1562421301474,2019-07-06T13:55:01.474Z,buy,3.68e-06,803.0,0.00295504
SYS/BTC,1562421301490,2019-07-06T13:55:01.490Z,buy,3.68e-06,2003.0,0.00737104
SYS/BTC,1562421301495,2019-07-06T13:55:01.495Z,buy,3.68e-06,327.0,0.0012033599999999
SYS/BTC,1562421301498,2019-07-06T13:55:01.498Z,buy,3.68e-06,2804.0,0.01031872
SYS/BTC,1562421301514,2019-07-06T13:55:01.514Z,buy,3.68e-06,815.0,0.0029992
SYS/BTC,1562421301525,2019-07-06T13:55:01.525Z,buy,3.68e-06,6767.0,0.02490256
SYS/BTC,1562421301601,2019-07-06T13:55:01.601Z,buy,3.68e-06,2091.0,0.0076948799999999
SYS/BTC,1562421301609,2019-07-06T13:55:01.609Z,buy,3.68e-06,6074.0,0.02235232
SYS/BTC,1562421301615,2019-07-06T13:55:01.615Z,buy,3.68e-06,327.0,0.0012033599999999
SYS/BTC,1562421301618,2019-07-06T13:55:01.618Z,buy,3.68e-06,12751.0,0.04692368
SYS/BTC,1562421301618,2019-07-06T13:55:01.618Z,buy,3.69e-06,4894.0,0.01805886
SYS/BTC,1562421301618,2019-07-06T13:55:01.618Z,buy,3.7e-06,45427.0,0.1680799
SYS/BTC,1562421301642,2019-07-06T13:55:01.642Z,buy,3.7e-06,2821.0,0.0104377
SYS/BTC,1562421301769,2019-07-06T13:55:01.769Z,buy,3.7e-06,478.0,0.0017686
SYS/BTC,1562421301835,2019-07-06T13:55:01.835Z,buy,3.7e-06,4638.0,0.0171606
SYS/BTC,1562421301835,2019-07-06T13:55:01.835Z,buy,3.71e-06,1385.0,0.00513835
SYS/BTC,1562421301949,2019-07-06T13:55:01.949Z,buy,3.71e-06,6457.0,0.02395547
SYS/BTC,1562421301988,2019-07-06T13:55:01.988Z,buy,3.71e-06,360.0,0.0013356
SYS/BTC,1562421301990,2019-07-06T13:55:01.990Z,buy,3.71e-06,7503.0,0.02783613
SYS/BTC,1562421302008,2019-07-06T13:55:02.008Z,buy,3.71e-06,5092.0,0.01889132
SYS/BTC,1562421302154,2019-07-06T13:55:02.154Z,buy,3.71e-06,23172.0,0.08596812
SYS/BTC,1562421302187,2019-07-06T13:55:02.187Z,buy,3.71e-06,323.0,0.00119833
SYS/BTC,1562421302205,2019-07-06T13:55:02.205Z,buy,3.71e-06,38943.0,0.14447853
SYS/BTC,1562421302205,2019-07-06T13:55:02.205Z,buy,3.72e-06,11655.0,0.0433566
SYS/BTC,1562421302205,2019-07-06T13:55:02.205Z,buy,3.73e-06,17029.0,0.06351817
SYS/BTC,1562421302205,2019-07-06T13:55:02.205Z,buy,3.74e-06,4612.0,0.01724888
SYS/BTC,1562421302205,2019-07-06T13:55:02.205Z,buy,3.75e-06,3056.0,0.01146
SYS/BTC,1562421302211,2019-07-06T13:55:02.211Z,buy,3.75e-06,5028.0,0.018855
SYS/BTC,1562421302305,2019-07-06T13:55:02.305Z,buy,3.74e-06,268.0,0.00100232
SYS/BTC,1562421302305,2019-07-06T13:55:02.305Z,buy,3.75e-06,3429.0,0.01285875
SYS/BTC,1562421302308,2019-07-06T13:55:02.308Z,sell,3.71e-06,1906.0,0.00707126
SYS/BTC,1562421302314,2019-07-06T13:55:02.314Z,sell,3.71e-06,1906.0,0.00707126
SYS/BTC,1562421302314,2019-07-06T13:55:02.314Z,sell,3.71e-06,1031.0,0.00382501
SYS/BTC,1562421302314,2019-07-06T13:55:02.314Z,sell,3.7e-06,875.0,0.0032375
SYS/BTC,1562421302314,2019-07-06T13:55:02.314Z,sell,3.7e-06,1906.0,0.0070522
SYS/BTC,1562421302318,2019-07-06T13:55:02.318Z,sell,3.7e-06,1906.0,0.0070522
SYS/BTC,1562421302320,2019-07-06T13:55:02.320Z,sell,3.7e-06,1906.0,0.0070522
SYS/BTC,1562421302339,2019-07-06T13:55:02.339Z,buy,3.75e-06,9530.0,0.0357375
SYS/BTC,1562421302345,2019-07-06T13:55:02.345Z,buy,3.75e-06,323.0,0.00121125
SYS/BTC,1562421302364,2019-07-06T13:55:02.364Z,buy,3.75e-06,2997.0,0.01123875
SYS/BTC,1562421302421,2019-07-06T13:55:02.421Z,buy,3.73e-06,1127.0,0.00420371
SYS/BTC,1562421302446,2019-07-06T13:55:02.446Z,buy,3.73e-06,1929.0,0.00719517
SYS/BTC,1562421302450,2019-07-06T13:55:02.450Z,buy,3.73e-06,6327.0,0.02359971
SYS/BTC,1562421302450,2019-07-06T13:55:02.450Z,buy,3.75e-06,33688.0,0.12633
SYS/BTC,1562421302450,2019-07-06T13:55:02.450Z,buy,3.76e-06,34399.0,0.12934024
SYS/BTC,1562421302451,2019-07-06T13:55:02.451Z,buy,3.76e-06,42623.0,0.16026248
SYS/BTC,1562421302451,2019-07-06T13:55:02.451Z,buy,3.77e-06,5923.0,0.02232971
SYS/BTC,1562421303014,2019-07-06T13:55:03.014Z,sell,3.72e-06,1138.0,0.00423336
SYS/BTC,1562421303014,2019-07-06T13:55:03.014Z,sell,3.71e-06,4225.0,0.01567475
SYS/BTC,1562421303078,2019-07-06T13:55:03.078Z,sell,3.71e-06,1138.0,0.00422198
SYS/BTC,1562421303279,2019-07-06T13:55:03.279Z,buy,3.74e-06,1249.0,0.00467126
SYS/BTC,1562421303320,2019-07-06T13:55:03.320Z,buy,3.74e-06,6373.0,0.02383502
SYS/BTC,1562421303749,2019-07-06T13:55:03.749Z,buy,3.72e-06,291.0,0.00108252
SYS/BTC,1562421303898,2019-07-06T13:55:03.898Z,buy,3.71e-06,5059.0,0.01876889
SYS/BTC,1562421304739,2019-07-06T13:55:04.739Z,buy,3.72e-06,2578.0,0.00959016
SYS/BTC,1562421307739,2019-07-06T13:55:07.739Z,buy,3.73e-06,1498.0,0.00558754
SYS/BTC,1562421308255,2019-07-06T13:55:08.255Z,sell,3.72e-06,1431.0,0.00532332
SYS/BTC,1562421308707,2019-07-06T13:55:08.707Z,sell,3.72e-06,294.0,0.00109368
SYS/BTC,1562421310742,2019-07-06T13:55:10.742Z,buy,3.72e-06,999.0,0.0037162799999999
SYS/BTC,1562421311021,2019-07-06T13:55:11.021Z,sell,3.7e-06,818.0,0.0030266
SYS/BTC,1562421311312,2019-07-06T13:55:11.312Z,buy,3.72e-06,1701.0,0.00632772
SYS/BTC,1562421313635,2019-07-06T13:55:13.635Z,sell,3.7e-06,1397.0,0.0051689
SYS/BTC,1562421313847,2019-07-06T13:55:13.847Z,sell,3.71e-06,1538.0,0.00570598
SYS/BTC,1562421314313,2019-07-06T13:55:14.313Z,buy,3.73e-06,7575.0,0.02825475
SYS/BTC,1562421316327,2019-07-06T13:55:16.327Z,buy,3.74e-06,10307.0,0.03854818
SYS/BTC,1562421316852,2019-07-06T13:55:16.852Z,buy,3.76e-06,291.0,0.00109416
SYS/BTC,1562421316852,2019-07-06T13:55:16.852Z,buy,3.77e-06,1247.0,0.00470119
SYS/BTC,1562421317400,2019-07-06T13:55:17.400Z,sell,3.75e-06,1128.0,0.00423
SYS/BTC,1562421317400,2019-07-06T13:55:17.400Z,sell,3.74e-06,220.0,0.0008228
SYS/BTC,1562421318281,2019-07-06T13:55:18.281Z,sell,3.74e-06,8489.0,0.03174886
SYS/BTC,1562421321243,2019-07-06T13:55:21.243Z,sell,3.74e-06,298.0,0.00111452
SYS/BTC,1562421326702,2019-07-06T13:55:26.702Z,buy,3.76e-06,1550.0,0.005828
SYS/BTC,1562421335304,2019-07-06T13:55:35.304Z,sell,3.74e-06,1650.0,0.006171
SYS/BTC,1562421340505,2019-07-06T13:55:40.505Z,sell,3.74e-06,576.0,0.00215424
SYS/BTC,1562421341168,2019-07-06T13:55:41.168Z,sell,3.74e-06,875.0,0.0032725
SYS/BTC,1562421341403,2019-07-06T13:55:41.403Z,sell,3.74e-06,19016.0,0.07111984
SYS/BTC,1562421341415,2019-07-06T13:55:41.415Z,sell,3.74e-06,1538.0,0.00575212
SYS/BTC,1562421347078,2019-07-06T13:55:47.078Z,sell,3.74e-06,3887.0,0.01453738
SYS/BTC,1562421347992,2019-07-06T13:55:47.992Z,sell,3.74e-06,953.0,0.00356422
SYS/BTC,1562421351196,2019-07-06T13:55:51.196Z,sell,3.74e-06,14877.0,0.05563998
SYS/BTC,1562421357783,2019-07-06T13:55:57.783Z,sell,3.74e-06,590.0,0.0022066
SYS/BTC,1562421359236,2019-07-06T13:55:59.236Z,sell,3.74e-06,360.0,0.0013464
SYS/BTC,1562421359406,2019-07-06T13:55:59.406Z,sell,3.74e-06,3962.0,0.01481788
SYS/BTC,1562421359609,2019-07-06T13:55:59.609Z,sell,3.74e-06,636.0,0.00237864
SYS/BTC,1562421362987,2019-07-06T13:56:02.987Z,sell,3.74e-06,953.0,0.00356422
SYS/BTC,1562421363015,2019-07-06T13:56:03.015Z,buy,3.76e-06,4543.0,0.01708168
SYS/BTC,1562421363326,2019-07-06T13:56:03.326Z,buy,3.76e-06,87.0,0.00032712
SYS/BTC,1562421373058,2019-07-06T13:56:13.058Z,sell,3.74e-06,953.0,0.00356422
SYS/BTC,1562421378006,2019-07-06T13:56:18.006Z,sell,3.74e-06,953.0,0.00356422
SYS/BTC,1562421382954,2019-07-06T13:56:22.954Z,sell,3.74e-06,953.0,0.00356422
SYS/BTC,1562421383996,2019-07-06T13:56:23.996Z,sell,3.74e-06,953.0,0.00356422
SYS/BTC,1562421395815,2019-07-06T13:56:35.815Z,buy,3.76e-06,91.0,0.00034216
SYS/BTC,1562421407755,2019-07-06T13:56:47.755Z,buy,3.76e-06,5000.0,0.0188
SYS/BTC,1562421436953,2019-07-06T13:57:16.953Z,buy,3.76e-06,1139.0,0.00428264
SYS/BTC,1562421437651,2019-07-06T13:57:17.651Z,buy,3.76e-06,91.0,0.00034216
SYS/BTC,1562421437693,2019-07-06T13:57:17.693Z,buy,3.76e-06,2970.0,0.0111672
SYS/BTC,1562421446038,2019-07-06T13:57:26.038Z,sell,3.75e-06,1360.0,0.0051
SYS/BTC,1562421446038,2019-07-06T13:57:26.038Z,sell,3.75e-06,618.0,0.0023175
SYS/BTC,1562421447991,2019-07-06T13:57:27.991Z,sell,3.75e-06,681.0,0.00255375
SYS/BTC,1562421450416,2019-07-06T13:57:30.416Z,sell,3.75e-06,5415.0,0.02030625
SYS/BTC,1562421450623,2019-07-06T13:57:30.623Z,sell,3.75e-06,355.0,0.00133125
SYS/BTC,1562421450630,2019-07-06T13:57:30.630Z,sell,3.75e-06,350.0,0.0013125
SYS/BTC,1562421455399,2019-07-06T13:57:35.399Z,sell,3.75e-06,544.0,0.00204
SYS/BTC,1562421463549,2019-07-06T13:57:43.549Z,sell,3.75e-06,517.0,0.00193875
SYS/BTC,1562421464303,2019-07-06T13:57:44.303Z,sell,3.75e-06,1365.0,0.00511875
SYS/BTC,1562421497152,2019-07-06T13:58:17.152Z,sell,3.75e-06,795.0,0.00298125
SYS/BTC,1562421499770,2019-07-06T13:58:19.770Z,buy,3.75e-06,3500.0,0.013125
SYS/BTC,1562421521833,2019-07-06T13:58:41.833Z,sell,3.74e-06,436.0,0.00163064
SYS/BTC,1562421522831,2019-07-06T13:58:42.831Z,sell,3.74e-06,316.0,0.00118184
SYS/BTC,1562421604373,2019-07-06T14:00:04.373Z,buy,3.75e-06,9962.0,0.0373575
SYS/BTC,1562421605689,2019-07-06T14:00:05.689Z,sell,3.75e-06,298.0,0.0011175
SYS/BTC,1562421622026,2019-07-06T14:00:22.026Z,buy,3.76e-06,2434.0,0.00915184
SYS/BTC,1562421622834,2019-07-06T14:00:22.834Z,sell,3.76e-06,810.0,0.0030456
SYS/BTC,1562421623819,2019-07-06T14:00:23.819Z,buy,3.77e-06,2667.0,0.01005459
SYS/BTC,1562421705141,2019-07-06T14:01:45.141Z,buy,3.77e-06,4137.0,0.01559649
SYS/BTC,1562421762931,2019-07-06T14:02:42.931Z,buy,3.77e-06,74.0,0.00027898
SYS/BTC,1562421781695,2019-07-06T14:03:01.695Z,sell,3.77e-06,1124.0,0.00423748
SYS/BTC,1562421803944,2019-07-06T14:03:23.944Z,sell,3.76e-06,1085.0,0.0040796
SYS/BTC,1562421818343,2019-07-06T14:03:38.343Z,buy,3.77e-06,97.0,0.00036569
SYS/BTC,1562421892264,2019-07-06T14:04:52.264Z,sell,3.76e-06,4103.0,0.01542728
SYS/BTC,1562421893674,2019-07-06T14:04:53.674Z,sell,3.76e-06,1063.0,0.00399688
SYS/BTC,1562421938976,2019-07-06T14:05:38.976Z,sell,3.75e-06,8902.0,0.0333825
SYS/BTC,1562421940095,2019-07-06T14:05:40.095Z,buy,3.76e-06,347.0,0.00130472
SYS/BTC,1562421940127,2019-07-06T14:05:40.127Z,sell,3.75e-06,18796.0,0.070485
SYS/BTC,1562421940268,2019-07-06T14:05:40.268Z,buy,3.75e-06,667.0,0.00250125
SYS/BTC,1562421940543,2019-07-06T14:05:40.543Z,buy,3.75e-06,533.0,0.00199875
SYS/BTC,1562421940692,2019-07-06T14:05:40.692Z,sell,3.74e-06,686.0,0.00256564
SYS/BTC,1562421940871,2019-07-06T14:05:40.871Z,buy,3.75e-06,1867.0,0.00700125
SYS/BTC,1562421941009,2019-07-06T14:05:41.009Z,buy,3.75e-06,2667.0,0.01000125
SYS/BTC,1562421941305,2019-07-06T14:05:41.305Z,buy,3.75e-06,569.0,0.00213375
SYS/BTC,1562421959592,2019-07-06T14:05:59.592Z,sell,3.74e-06,1014.0,0.00379236
SYS/BTC,1562422027676,2019-07-06T14:07:07.676Z,buy,3.75e-06,885.0,0.00331875
SYS/BTC,1562422027676,2019-07-06T14:07:07.676Z,buy,3.75e-06,885.0,0.00331875
SYS/BTC,1562422180014,2019-07-06T14:09:40.014Z,buy,3.75e-06,1062.0,0.0039825
SYS/BTC,1562422263680,2019-07-06T14:11:03.680Z,buy,3.76e-06,74.0,0.00027824
SYS/BTC,1562422342031,2019-07-06T14:12:22.031Z,sell,3.75e-06,4271.0,0.01601625
SYS/BTC,1562422351416,2019-07-06T14:12:31.416Z,buy,3.75e-06,2133.0,0.00799875
SYS/BTC,1562422362290,2019-07-06T14:12:42.290Z,buy,3.75e-06,8070.0,0.0302625
SYS/BTC,1562422362330,2019-07-06T14:12:42.330Z,buy,3.75e-06,914.0,0.0034275
SYS/BTC,1562422380666,2019-07-06T14:13:00.666Z,sell,3.75e-06,19747.0,0.07405125
SYS/BTC,1562422560591,2019-07-06T14:16:00.591Z,buy,3.76e-06,99.0,0.00037224
SYS/BTC,1562422619022,2019-07-06T14:16:59.022Z,buy,3.75e-06,283.0,0.00106125
SYS/BTC,1562422655253,2019-07-06T14:17:35.253Z,sell,3.75e-06,4717.0,0.01768875
SYS/BTC,1562422749457,2019-07-06T14:19:09.457Z,buy,3.76e-06,99.0,0.00037224
SYS/BTC,1562423102442,2019-07-06T14:25:02.442Z,buy,3.76e-06,1419.0,0.00533544
SYS/BTC,1562423166959,2019-07-06T14:26:06.959Z,sell,3.75e-06,2150.0,0.0080625
SYS/BTC,1562423179700,2019-07-06T14:26:19.700Z,sell,3.74e-06,8289.0,0.03100086
SYS/BTC,1562423183539,2019-07-06T14:26:23.539Z,buy,3.74e-06,270.0,0.0010098
SYS/BTC,1562423188270,2019-07-06T14:26:28.270Z,sell,3.73e-06,3619.0,0.01349887
SYS/BTC,1562423240070,2019-07-06T14:27:20.070Z,sell,3.73e-06,269.0,0.00100337
SYS/BTC,1562423240070,2019-07-06T14:27:20.070Z,sell,3.72e-06,5655.0,0.0210366
SYS/BTC,1562423240070,2019-07-06T14:27:20.070Z,sell,3.71e-06,5134.0,0.01904714
SYS/BTC,1562423240070,2019-07-06T14:27:20.070Z,sell,3.7e-06,1578.0,0.0058386
SYS/BTC,1562423240070,2019-07-06T14:27:20.070Z,sell,3.69e-06,41507.0,0.15316083
SYS/BTC,1562423240092,2019-07-06T14:27:20.092Z,buy,3.69e-06,4558.0,0.01681902
SYS/BTC,1562423240116,2019-07-06T14:27:20.116Z,buy,3.74e-06,4558.0,0.01704692
SYS/BTC,1562423240640,2019-07-06T14:27:20.640Z,sell,3.7e-06,4558.0,0.0168646
SYS/BTC,1562423240661,2019-07-06T14:27:20.661Z,buy,3.71e-06,812.0,0.00301252
SYS/BTC,1562423240778,2019-07-06T14:27:20.778Z,buy,3.71e-06,1200.0,0.004452
SYS/BTC,1562423241397,2019-07-06T14:27:21.397Z,sell,3.71e-06,4556.0,0.01690276
SYS/BTC,1562423248973,2019-07-06T14:27:28.973Z,buy,3.72e-06,95.0,0.0003533999999999
SYS/BTC,1562423252793,2019-07-06T14:27:32.793Z,sell,3.71e-06,295.0,0.00109445
SYS/BTC,1562423380703,2019-07-06T14:29:40.703Z,sell,3.71e-06,617.0,0.00228907
SYS/BTC,1562423393580,2019-07-06T14:29:53.580Z,buy,3.72e-06,97.0,0.00036084
SYS/BTC,1562423423543,2019-07-06T14:30:23.543Z,buy,3.72e-06,2038.0,0.00758136
SYS/BTC,1562423431412,2019-07-06T14:30:31.412Z,buy,3.72e-06,393.0,0.00146196
SYS/BTC,1562423503134,2019-07-06T14:31:43.134Z,buy,3.72e-06,21502.0,0.0799874399999999
SYS/BTC,1562423504219,2019-07-06T14:31:44.219Z,sell,3.72e-06,3690.0,0.0137267999999999
SYS/BTC,1562423661234,2019-07-06T14:34:21.234Z,sell,3.72e-06,1352.0,0.00502944
SYS/BTC,1562423662517,2019-07-06T14:34:22.517Z,buy,3.73e-06,77.0,0.00028721
SYS/BTC,1562423662807,2019-07-06T14:34:22.807Z,sell,3.72e-06,6763.0,0.02515836
SYS/BTC,1562423703596,2019-07-06T14:35:03.596Z,sell,3.72e-06,1257.0,0.00467604
SYS/BTC,1562423719415,2019-07-06T14:35:19.415Z,buy,3.72e-06,300.0,0.001116
SYS/BTC,1562423739855,2019-07-06T14:35:39.855Z,buy,3.72e-06,1682.0,0.00625704
SYS/BTC,1562423746112,2019-07-06T14:35:46.112Z,buy,3.72e-06,7336.0,0.02728992
SYS/BTC,1562423780116,2019-07-06T14:36:20.116Z,buy,3.73e-06,82.0,0.00030586
SYS/BTC,1562423991256,2019-07-06T14:39:51.256Z,sell,3.72e-06,1125.0,0.004185
SYS/BTC,1562423998194,2019-07-06T14:39:58.194Z,sell,3.72e-06,1136.0,0.00422592
SYS/BTC,1562423998985,2019-07-06T14:39:58.985Z,buy,3.73e-06,1641.0,0.00612093
SYS/BTC,1562423999294,2019-07-06T14:39:59.294Z,buy,3.73e-06,2694.0,0.01004862
SYS/BTC,1562424045110,2019-07-06T14:40:45.110Z,sell,3.72e-06,1550.0,0.005766
SYS/BTC,1562424051460,2019-07-06T14:40:51.460Z,buy,3.73e-06,482.0,0.0017978599999999
SYS/BTC,1562424064316,2019-07-06T14:41:04.316Z,buy,3.73e-06,85.0,0.00031705
SYS/BTC,1562424082427,2019-07-06T14:41:22.427Z,buy,3.74e-06,81.0,0.00030294
SYS/BTC,1562424299481,2019-07-06T14:44:59.481Z,sell,3.72e-06,1144.0,0.0042556799999999
SYS/BTC,1562424562902,2019-07-06T14:49:22.902Z,buy,3.73e-06,504.0,0.00187992
SYS/BTC,1562424579148,2019-07-06T14:49:39.148Z,buy,3.74e-06,77.0,0.00028798
SYS/BTC,1562424659590,2019-07-06T14:50:59.590Z,sell,3.73e-06,809.0,0.00301757
SYS/BTC,1562424810031,2019-07-06T14:53:30.031Z,buy,3.74e-06,100.0,0.000374
SYS/BTC,1562424849596,2019-07-06T14:54:09.596Z,buy,3.74e-06,96.0,0.00035904
SYS/BTC,1562425134475,2019-07-06T14:58:54.475Z,sell,3.73e-06,779.0,0.00290567
SYS/BTC,1562425229594,2019-07-06T15:00:29.594Z,sell,3.73e-06,684.0,0.0025513199999999
SYS/BTC,1562425229746,2019-07-06T15:00:29.746Z,sell,3.73e-06,303.0,0.0011301899999999
SYS/BTC,1562425229748,2019-07-06T15:00:29.748Z,sell,3.73e-06,302.0,0.00112646
SYS/BTC,1562425241714,2019-07-06T15:00:41.714Z,buy,3.74e-06,968.0,0.00362032
SYS/BTC,1562425279877,2019-07-06T15:01:19.877Z,buy,3.74e-06,4472.0,0.01672528
SYS/BTC,1562425280200,2019-07-06T15:01:20.200Z,sell,3.73e-06,1680.0,0.0062664
SYS/BTC,1562425280200,2019-07-06T15:01:20.200Z,sell,3.73e-06,1680.0,0.0062664
SYS/BTC,1562425827420,2019-07-06T15:10:27.420Z,buy,3.73e-06,1701.0,0.00634473
SYS/BTC,1562425883268,2019-07-06T15:11:23.268Z,buy,3.73e-06,98.0,0.00036554
SYS/BTC,1562425891965,2019-07-06T15:11:31.965Z,buy,3.73e-06,76.0,0.00028348
SYS/BTC,1562425958721,2019-07-06T15:12:38.721Z,buy,3.73e-06,93.0,0.00034689
SYS/BTC,1562426176538,2019-07-06T15:16:16.538Z,buy,3.73e-06,534.0,0.00199182
SYS/BTC,1562426578196,2019-07-06T15:22:58.196Z,sell,3.72e-06,360.0,0.0013392
SYS/BTC,1562426630130,2019-07-06T15:23:50.130Z,sell,3.71e-06,20707.0,0.07682297
SYS/BTC,1562426636427,2019-07-06T15:23:56.427Z,buy,3.71e-06,317.0,0.00117607
SYS/BTC,1562426636711,2019-07-06T15:23:56.711Z,buy,3.71e-06,308.0,0.00114268
SYS/BTC,1562426641320,2019-07-06T15:24:01.320Z,buy,3.71e-06,270.0,0.0010017
SYS/BTC,1562426677897,2019-07-06T15:24:37.897Z,buy,3.71e-06,1311.0,0.00486381
SYS/BTC,1562426677999,2019-07-06T15:24:37.999Z,buy,3.71e-06,535.0,0.00198485
SYS/BTC,1562426678224,2019-07-06T15:24:38.224Z,buy,3.71e-06,535.0,0.00198485
SYS/BTC,1562426678316,2019-07-06T15:24:38.316Z,buy,3.71e-06,709.0,0.00263039
SYS/BTC,1562426744939,2019-07-06T15:25:44.939Z,buy,3.71e-06,88.0,0.00032648
SYS/BTC,1562426847008,2019-07-06T15:27:27.008Z,buy,3.71e-06,84.0,0.00031164
SYS/BTC,1562426884011,2019-07-06T15:28:04.011Z,sell,3.7e-06,4110.0,0.015207
SYS/BTC,1562426904788,2019-07-06T15:28:24.788Z,buy,3.71e-06,100.0,0.000371
SYS/BTC,1562426962773,2019-07-06T15:29:22.773Z,sell,3.7e-06,41788.0,0.1546156
SYS/BTC,1562426981720,2019-07-06T15:29:41.720Z,sell,3.7e-06,628.0,0.0023236
SYS/BTC,1562426996408,2019-07-06T15:29:56.408Z,sell,3.7e-06,5674.0,0.0209938
SYS/BTC,1562427013652,2019-07-06T15:30:13.652Z,buy,3.71e-06,87.0,0.00032277
SYS/BTC,1562427027892,2019-07-06T15:30:27.892Z,buy,3.71e-06,11196.0,0.04153716
SYS/BTC,1562427063283,2019-07-06T15:31:03.283Z,buy,3.71e-06,81.0,0.00030051
SYS/BTC,1562427211052,2019-07-06T15:33:31.052Z,buy,3.7e-06,78.0,0.0002886
SYS/BTC,1562427416032,2019-07-06T15:36:56.032Z,sell,3.69e-06,303.0,0.0011180699999999
SYS/BTC,1562427426257,2019-07-06T15:37:06.257Z,sell,3.69e-06,321.0,0.0011844899999999
SYS/BTC,1562427708030,2019-07-06T15:41:48.030Z,buy,3.7e-06,272.0,0.0010064
SYS/BTC,1562427725274,2019-07-06T15:42:05.274Z,sell,3.69e-06,272.0,0.0010036799999999
SYS/BTC,1562427763825,2019-07-06T15:42:43.825Z,sell,3.68e-06,283.0,0.00104144
SYS/BTC,1562427763835,2019-07-06T15:42:43.835Z,sell,3.68e-06,501.0,0.0018436799999999
SYS/BTC,1562427764307,2019-07-06T15:42:44.307Z,sell,3.68e-06,1728.0,0.00635904
SYS/BTC,1562427771786,2019-07-06T15:42:51.786Z,sell,3.67e-06,321.0,0.00117807
SYS/BTC,1562427772606,2019-07-06T15:42:52.606Z,buy,3.68e-06,576.0,0.00211968
SYS/BTC,1562427773651,2019-07-06T15:42:53.651Z,sell,3.67e-06,87.0,0.00031929
SYS/BTC,1562427777121,2019-07-06T15:42:57.121Z,sell,3.66e-06,833.0,0.00304878
SYS/BTC,1562427777121,2019-07-06T15:42:57.121Z,sell,3.65e-06,19511.0,0.07121515
SYS/BTC,1562427777121,2019-07-06T15:42:57.121Z,sell,3.64e-06,376.0,0.00136864
SYS/BTC,1562427777121,2019-07-06T15:42:57.121Z,sell,3.63e-06,9542.0,0.03463746
SYS/BTC,1562427779616,2019-07-06T15:42:59.616Z,buy,3.66e-06,1204.0,0.00440664
SYS/BTC,1562427834870,2019-07-06T15:43:54.870Z,sell,3.64e-06,5381.0,0.0195868399999999
SYS/BTC,1562427865619,2019-07-06T15:44:25.619Z,sell,3.65e-06,345.0,0.00125925
SYS/BTC,1562427865619,2019-07-06T15:44:25.619Z,sell,3.64e-06,275.0,0.001001
SYS/BTC,1562427865619,2019-07-06T15:44:25.619Z,sell,3.63e-06,1857.0,0.00674091
SYS/BTC,1562427868231,2019-07-06T15:44:28.231Z,buy,3.64e-06,2548.0,0.00927472
SYS/BTC,1562427874812,2019-07-06T15:44:34.812Z,buy,3.65e-06,781.0,0.00285065
SYS/BTC,1562427874819,2019-07-06T15:44:34.819Z,buy,3.65e-06,1806.0,0.0065919
SYS/BTC,1562428080713,2019-07-06T15:48:00.713Z,buy,3.67e-06,77.0,0.00028259
SYS/BTC,1562428101216,2019-07-06T15:48:21.216Z,buy,3.67e-06,94.0,0.00034498
SYS/BTC,1562428157325,2019-07-06T15:49:17.325Z,sell,3.64e-06,885.0,0.0032213999999999
SYS/BTC,1562428375584,2019-07-06T15:52:55.584Z,buy,3.66e-06,76.0,0.00027816
SYS/BTC,1562428826597,2019-07-06T16:00:26.597Z,buy,3.65e-06,530.0,0.0019345
SYS/BTC,1562428826597,2019-07-06T16:00:26.597Z,buy,3.65e-06,530.0,0.0019345
SYS/BTC,1562428917053,2019-07-06T16:01:57.053Z,buy,3.65e-06,600.0,0.00219
SYS/BTC,1562429029644,2019-07-06T16:03:49.644Z,sell,3.64e-06,338.0,0.00123032
SYS/BTC,1562429284172,2019-07-06T16:08:04.172Z,sell,3.64e-06,1033.0,0.00376012
SYS/BTC,1562429284434,2019-07-06T16:08:04.434Z,sell,3.64e-06,3880.0,0.0141231999999999
SYS/BTC,1562429286576,2019-07-06T16:08:06.576Z,buy,3.64e-06,506.0,0.00184184
SYS/BTC,1562429287301,2019-07-06T16:08:07.301Z,buy,3.64e-06,5464.0,0.01988896
SYS/BTC,1562429287784,2019-07-06T16:08:07.784Z,buy,3.64e-06,506.0,0.00184184
SYS/BTC,1562429288893,2019-07-06T16:08:08.893Z,buy,3.64e-06,81.0,0.00029484
SYS/BTC,1562429353331,2019-07-06T16:09:13.331Z,sell,3.64e-06,755.0,0.0027482
SYS/BTC,1562429355330,2019-07-06T16:09:15.330Z,sell,3.64e-06,506.0,0.00184184
SYS/BTC,1562429426833,2019-07-06T16:10:26.833Z,buy,3.65e-06,27221.0,0.09935665
SYS/BTC,1562429426833,2019-07-06T16:10:26.833Z,buy,3.66e-06,7324.0,0.02680584
SYS/BTC,1562429428286,2019-07-06T16:10:28.286Z,buy,3.65e-06,953.0,0.00347845
SYS/BTC,1562429428354,2019-07-06T16:10:28.354Z,sell,3.65e-06,11547.0,0.04214655
SYS/BTC,1562429472395,2019-07-06T16:11:12.395Z,sell,3.65e-06,498.0,0.0018177
SYS/BTC,1562429600020,2019-07-06T16:13:20.020Z,sell,3.64e-06,992.0,0.00361088
SYS/BTC,1562429799206,2019-07-06T16:16:39.206Z,buy,3.67e-06,1252.0,0.00459484
SYS/BTC,1562429867487,2019-07-06T16:17:47.487Z,buy,3.67e-06,81.0,0.00029727
SYS/BTC,1562430034902,2019-07-06T16:20:34.902Z,buy,3.67e-06,1089.0,0.00399663
SYS/BTC,1562430091122,2019-07-06T16:21:31.122Z,buy,3.67e-06,95.0,0.00034865
SYS/BTC,1562430102035,2019-07-06T16:21:42.035Z,buy,3.67e-06,1362.0,0.00499854
SYS/BTC,1562430179371,2019-07-06T16:22:59.371Z,buy,3.65e-06,12500.0,0.045625
SYS/BTC,1562430191003,2019-07-06T16:23:11.003Z,sell,3.65e-06,1346.0,0.0049129
