symbol,timestamp,datetime,side,price,amount,btc_volume
TCT/BTC,1583078753155,2020-03-01T16:05:53.155Z,sell,9.3e-07,5376.0,0.00499968
TCT/BTC,1583079728547,2020-03-01T16:22:08.547Z,buy,9.4e-07,1156.0,0.00108664
TCT/BTC,1583080447751,2020-03-01T16:34:07.751Z,buy,9.4e-07,245.0,0.0002303
TCT/BTC,1583080495413,2020-03-01T16:34:55.413Z,sell,9.4e-07,4372.0,0.00410968
TCT/BTC,1583080506918,2020-03-01T16:35:06.918Z,buy,9.4e-07,107.0,0.00010058
TCT/BTC,1583080511364,2020-03-01T16:35:11.364Z,buy,9.4e-07,253.0,0.00023782
TCT/BTC,1583080550945,2020-03-01T16:35:50.945Z,sell,9.3e-07,42958.0,0.03995094
TCT/BTC,1583081663196,2020-03-01T16:54:23.196Z,sell,9.3e-07,24717.0,0.02298681
TCT/BTC,1583081914178,2020-03-01T16:58:34.178Z,sell,9.3e-07,19152.0,0.01781136
TCT/BTC,1583081914184,2020-03-01T16:58:34.184Z,sell,9.3e-07,4403.0,0.00409479
TCT/BTC,1583081944768,2020-03-01T16:59:04.768Z,sell,9.3e-07,211.0,0.00019623
TCT/BTC,1583081944768,2020-03-01T16:59:04.768Z,sell,9.3e-07,211.0,0.00019623
TCT/BTC,1583082575346,2020-03-01T17:09:35.346Z,sell,9.3e-07,30550.0,0.0284115
TCT/BTC,1583082575354,2020-03-01T17:09:35.354Z,buy,9.3e-07,187205.0,0.17410065
TCT/BTC,1583083622003,2020-03-01T17:27:02.003Z,sell,9.2e-07,25904.0,0.02383168
TCT/BTC,1583083627720,2020-03-01T17:27:07.720Z,sell,9.2e-07,10666.0,0.00981272
TCT/BTC,1583084568276,2020-03-01T17:42:48.276Z,sell,9.2e-07,3043.0,0.00279956
TCT/BTC,1583084568276,2020-03-01T17:42:48.276Z,sell,9.2e-07,3043.0,0.00279956
TCT/BTC,1583087103493,2020-03-01T18:25:03.493Z,buy,9.4e-07,10638.0,0.00999972
TCT/BTC,1583087452842,2020-03-01T18:30:52.842Z,buy,9.4e-07,1737.0,0.00163278
TCT/BTC,1583088041151,2020-03-01T18:40:41.151Z,sell,9.2e-07,20679.0,0.01902468
TCT/BTC,1583088041151,2020-03-01T18:40:41.151Z,sell,9.2e-07,20679.0,0.01902468
TCT/BTC,1583089156980,2020-03-01T18:59:16.980Z,sell,9.2e-07,179.0,0.00016468
TCT/BTC,1583090737313,2020-03-01T19:25:37.313Z,buy,9.3e-07,264603.0,0.24608079
TCT/BTC,1583090739989,2020-03-01T19:25:39.989Z,buy,9.3e-07,113866.0,0.10589538
TCT/BTC,1583090969602,2020-03-01T19:29:29.602Z,sell,9.3e-07,267.0,0.00024831
TCT/BTC,1583091224497,2020-03-01T19:33:44.497Z,sell,9.3e-07,58505.0,0.05440965
TCT/BTC,1583091224638,2020-03-01T19:33:44.638Z,sell,9.3e-07,21246.0,0.01975878
TCT/BTC,1583091263171,2020-03-01T19:34:23.171Z,sell,9.3e-07,6325.0,0.00588225
TCT/BTC,1583091263171,2020-03-01T19:34:23.171Z,sell,9.3e-07,6325.0,0.00588225
TCT/BTC,1583091907544,2020-03-01T19:45:07.544Z,buy,9.3e-07,27393.0,0.02547549
TCT/BTC,1583091907552,2020-03-01T19:45:07.552Z,sell,9.3e-07,57839.0,0.05379027
TCT/BTC,1583092375399,2020-03-01T19:52:55.399Z,buy,9.4e-07,158865.0,0.1493331
TCT/BTC,1583092375399,2020-03-01T19:52:55.399Z,buy,9.5e-07,11539.0,0.01096205
TCT/BTC,1583092375926,2020-03-01T19:52:55.926Z,sell,9.3e-07,10034.0,0.00933162
TCT/BTC,1583092375939,2020-03-01T19:52:55.939Z,sell,9.3e-07,221.0,0.00020553
TCT/BTC,1583092376149,2020-03-01T19:52:56.149Z,sell,9.3e-07,10254.0,0.00953622
TCT/BTC,1583092376350,2020-03-01T19:52:56.350Z,sell,9.3e-07,2521.0,0.00234453
TCT/BTC,1583092376467,2020-03-01T19:52:56.467Z,sell,9.3e-07,1924.0,0.00178932
TCT/BTC,1583092376508,2020-03-01T19:52:56.508Z,buy,9.4e-07,221.0,0.00020774
TCT/BTC,1583092376569,2020-03-01T19:52:56.569Z,sell,9.3e-07,14227.0,0.0132311099999999
TCT/BTC,1583092376626,2020-03-01T19:52:56.626Z,buy,9.4e-07,10012.0,0.00941128
TCT/BTC,1583092376770,2020-03-01T19:52:56.770Z,sell,9.3e-07,5053.0,0.00469929
TCT/BTC,1583092376862,2020-03-01T19:52:56.862Z,sell,9.3e-07,6600.0,0.006138
TCT/BTC,1583092376862,2020-03-01T19:52:56.862Z,sell,9.2e-07,1477.0,0.00135884
TCT/BTC,1583092377073,2020-03-01T19:52:57.073Z,sell,9.3e-07,5749.0,0.00534657
TCT/BTC,1583092380093,2020-03-01T19:53:00.093Z,sell,9.3e-07,5806.0,0.00539958
TCT/BTC,1583092382104,2020-03-01T19:53:02.104Z,sell,9.3e-07,5453.0,0.00507129
TCT/BTC,1583092385315,2020-03-01T19:53:05.315Z,buy,9.4e-07,1000.0,0.00094
TCT/BTC,1583092388537,2020-03-01T19:53:08.537Z,buy,9.4e-07,62632.0,0.05887408
TCT/BTC,1583092388549,2020-03-01T19:53:08.549Z,sell,9.4e-07,1000.0,0.00094
TCT/BTC,1583092443097,2020-03-01T19:54:03.097Z,buy,9.4e-07,28873.0,0.02714062
TCT/BTC,1583092443097,2020-03-01T19:54:03.097Z,buy,9.5e-07,14816.0,0.0140752
TCT/BTC,1583092443097,2020-03-01T19:54:03.097Z,buy,9.6e-07,72230.0,0.0693408
TCT/BTC,1583092443118,2020-03-01T19:54:03.118Z,sell,9.4e-07,1000.0,0.00094
TCT/BTC,1583092443119,2020-03-01T19:54:03.119Z,sell,9.4e-07,1000.0,0.00094
TCT/BTC,1583092443240,2020-03-01T19:54:03.240Z,sell,9.4e-07,2000.0,0.00188
TCT/BTC,1583092443338,2020-03-01T19:54:03.338Z,sell,9.4e-07,1250.0,0.001175
TCT/BTC,1583092443362,2020-03-01T19:54:03.362Z,sell,9.4e-07,1250.0,0.001175
TCT/BTC,1583092444190,2020-03-01T19:54:04.190Z,buy,9.4e-07,1250.0,0.001175
TCT/BTC,1583092444205,2020-03-01T19:54:04.205Z,sell,9.4e-07,8763.0,0.00823722
TCT/BTC,1583092444340,2020-03-01T19:54:04.340Z,sell,9.4e-07,2323.0,0.00218362
TCT/BTC,1583092444498,2020-03-01T19:54:04.498Z,buy,9.5e-07,10021.0,0.00951995
TCT/BTC,1583092445157,2020-03-01T19:54:05.157Z,buy,9.5e-07,225.0,0.00021375
TCT/BTC,1583092446390,2020-03-01T19:54:06.390Z,buy,9.5e-07,211.0,0.00020045
TCT/BTC,1583092466767,2020-03-01T19:54:26.767Z,buy,9.5e-07,1000.0,0.00095
TCT/BTC,1583092747189,2020-03-01T19:59:07.189Z,sell,9.4e-07,174.0,0.00016356
TCT/BTC,1583092752686,2020-03-01T19:59:12.686Z,sell,9.4e-07,48.0,4.512e-05
TCT/BTC,1583092801674,2020-03-01T20:00:01.674Z,sell,9.3e-07,14278.0,0.01327854
TCT/BTC,1583093030051,2020-03-01T20:03:50.051Z,buy,9.4e-07,8189.0,0.00769766
TCT/BTC,1583093134010,2020-03-01T20:05:34.010Z,buy,9.4e-07,4568.0,0.00429392
TCT/BTC,1583093134031,2020-03-01T20:05:34.031Z,sell,9.4e-07,13438.0,0.01263172
TCT/BTC,1583093134140,2020-03-01T20:05:34.140Z,sell,9.4e-07,25027.0,0.02352538
TCT/BTC,1583093161565,2020-03-01T20:06:01.565Z,buy,9.5e-07,16058.0,0.0152551
TCT/BTC,1583093161579,2020-03-01T20:06:01.579Z,sell,9.5e-07,20502.0,0.0194769
TCT/BTC,1583093161579,2020-03-01T20:06:01.579Z,sell,9.5e-07,20502.0,0.0194769
TCT/BTC,1583093161580,2020-03-01T20:06:01.580Z,sell,9.5e-07,20502.0,0.0194769
TCT/BTC,1583093161580,2020-03-01T20:06:01.580Z,sell,9.5e-07,20502.0,0.0194769
TCT/BTC,1583093161580,2020-03-01T20:06:01.580Z,sell,9.5e-07,20502.0,0.0194769
TCT/BTC,1583093161580,2020-03-01T20:06:01.580Z,sell,9.5e-07,20502.0,0.0194769
TCT/BTC,1583093161580,2020-03-01T20:06:01.580Z,sell,9.5e-07,20502.0,0.0194769
TCT/BTC,1583093161580,2020-03-01T20:06:01.580Z,sell,9.5e-07,20502.0,0.0194769
TCT/BTC,1583093161580,2020-03-01T20:06:01.580Z,sell,9.5e-07,20502.0,0.0194769
TCT/BTC,1583093161582,2020-03-01T20:06:01.582Z,sell,9.5e-07,4442.0,0.0042199
TCT/BTC,1583093166241,2020-03-01T20:06:06.241Z,sell,9.5e-07,15845.0,0.01505275
TCT/BTC,1583093174184,2020-03-01T20:06:14.184Z,sell,9.5e-07,10313.0,0.00979735
TCT/BTC,1583093174194,2020-03-01T20:06:14.194Z,sell,9.4e-07,4912.0,0.00461728
TCT/BTC,1583093175017,2020-03-01T20:06:15.017Z,sell,9.5e-07,13268.0,0.0126046
TCT/BTC,1583093175032,2020-03-01T20:06:15.032Z,sell,9.5e-07,10313.0,0.00979735
TCT/BTC,1583093175263,2020-03-01T20:06:15.263Z,sell,9.5e-07,10313.0,0.00979735
TCT/BTC,1583093175404,2020-03-01T20:06:15.404Z,sell,9.5e-07,10313.0,0.00979735
TCT/BTC,1583093175854,2020-03-01T20:06:15.854Z,sell,9.4e-07,1267.0,0.00119098
TCT/BTC,1583093180073,2020-03-01T20:06:20.073Z,sell,9.5e-07,10204.0,0.0096938
TCT/BTC,1583093180105,2020-03-01T20:06:20.105Z,sell,9.5e-07,10313.0,0.00979735
TCT/BTC,1583093183611,2020-03-01T20:06:23.611Z,sell,9.5e-07,10313.0,0.00979735
TCT/BTC,1583093183635,2020-03-01T20:06:23.635Z,buy,9.6e-07,36.0,3.4559999999999994e-05
TCT/BTC,1583093186638,2020-03-01T20:06:26.638Z,sell,9.5e-07,10313.0,0.00979735
TCT/BTC,1583093189898,2020-03-01T20:06:29.898Z,sell,9.5e-07,6887.0,0.00654265
TCT/BTC,1583093191081,2020-03-01T20:06:31.081Z,sell,9.5e-07,6887.0,0.00654265
TCT/BTC,1583093193005,2020-03-01T20:06:33.005Z,sell,9.5e-07,6887.0,0.00654265
TCT/BTC,1583093257547,2020-03-01T20:07:37.547Z,sell,9.4e-07,11237.0,0.01056278
TCT/BTC,1583093258355,2020-03-01T20:07:38.355Z,sell,9.3e-07,9478.0,0.00881454
TCT/BTC,1583093299351,2020-03-01T20:08:19.351Z,sell,9.3e-07,16507.0,0.01535151
TCT/BTC,1583093299362,2020-03-01T20:08:19.362Z,sell,9.3e-07,8798.0,0.00818214
TCT/BTC,1583093299556,2020-03-01T20:08:19.556Z,sell,9.3e-07,487.0,0.00045291
TCT/BTC,1583093299557,2020-03-01T20:08:19.557Z,sell,9.3e-07,390.0,0.0003627
TCT/BTC,1583093361641,2020-03-01T20:09:21.641Z,sell,9.3e-07,381.0,0.00035433
TCT/BTC,1583093436320,2020-03-01T20:10:36.320Z,sell,9.3e-07,452.0,0.00042036
TCT/BTC,1583093456053,2020-03-01T20:10:56.053Z,sell,9.3e-07,23578.0,0.02192754
TCT/BTC,1583093502512,2020-03-01T20:11:42.512Z,sell,9.3e-07,1039.0,0.00096627
TCT/BTC,1583093508742,2020-03-01T20:11:48.742Z,sell,9.3e-07,2497.0,0.00232221
TCT/BTC,1583093513569,2020-03-01T20:11:53.569Z,buy,9.4e-07,3786.0,0.00355884
TCT/BTC,1583093913996,2020-03-01T20:18:33.996Z,sell,9.3e-07,1862.0,0.0017316599999999
TCT/BTC,1583093932205,2020-03-01T20:18:52.205Z,sell,9.3e-07,114717.0,0.1066868099999999
TCT/BTC,1583094182842,2020-03-01T20:23:02.842Z,sell,9.2e-07,3786.0,0.0034831199999999
TCT/BTC,1583094192652,2020-03-01T20:23:12.652Z,buy,9.4e-07,3629.0,0.00341126
TCT/BTC,1583094216806,2020-03-01T20:23:36.806Z,sell,9.2e-07,3629.0,0.00333868
TCT/BTC,1583094225609,2020-03-01T20:23:45.609Z,buy,9.4e-07,3555.0,0.0033417
TCT/BTC,1583094596006,2020-03-01T20:29:56.006Z,sell,9.2e-07,3555.0,0.0032706
TCT/BTC,1583094596006,2020-03-01T20:29:56.006Z,sell,9.2e-07,3555.0,0.0032706
TCT/BTC,1583095060678,2020-03-01T20:37:40.678Z,buy,9.3e-07,110.0,0.0001022999999999
TCT/BTC,1583095236516,2020-03-01T20:40:36.516Z,sell,9.3e-07,3594.0,0.00334242
TCT/BTC,1583095245945,2020-03-01T20:40:45.945Z,sell,9.2e-07,3594.0,0.00330648
TCT/BTC,1583095949227,2020-03-01T20:52:29.227Z,buy,9.3e-07,3481.0,0.00323733
TCT/BTC,1583095975383,2020-03-01T20:52:55.383Z,sell,9.2e-07,3481.0,0.00320252
TCT/BTC,1583095976590,2020-03-01T20:52:56.590Z,sell,9.3e-07,258.0,0.00023994
TCT/BTC,1583096516620,2020-03-01T21:01:56.620Z,buy,9.3e-07,3445.0,0.00320385
TCT/BTC,1583096521964,2020-03-01T21:02:01.964Z,sell,9.2e-07,3445.0,0.0031693999999999
TCT/BTC,1583096554649,2020-03-01T21:02:34.649Z,buy,9.4e-07,3410.0,0.0032054
TCT/BTC,1583096555504,2020-03-01T21:02:35.504Z,sell,9.3e-07,10547.0,0.00980871
TCT/BTC,1583096562097,2020-03-01T21:02:42.097Z,sell,9.3e-07,1291.0,0.00120063
TCT/BTC,1583097506953,2020-03-01T21:18:26.953Z,sell,9.2e-07,3410.0,0.0031372
TCT/BTC,1583097556622,2020-03-01T21:19:16.622Z,buy,9.4e-07,3339.0,0.00313866
TCT/BTC,1583097576655,2020-03-01T21:19:36.655Z,sell,9.2e-07,3339.0,0.00307188
TCT/BTC,1583097615615,2020-03-01T21:20:15.615Z,buy,9.4e-07,199.0,0.00018706
TCT/BTC,1583097616135,2020-03-01T21:20:16.135Z,buy,9.4e-07,199.0,0.00018706
TCT/BTC,1583097616630,2020-03-01T21:20:16.630Z,buy,9.4e-07,187.0,0.00017578
TCT/BTC,1583097617592,2020-03-01T21:20:17.592Z,buy,9.4e-07,164.0,0.00015416
TCT/BTC,1583097618836,2020-03-01T21:20:18.836Z,buy,9.4e-07,154.0,0.00014476
TCT/BTC,1583097622358,2020-03-01T21:20:22.358Z,buy,9.4e-07,291.0,0.00027354
TCT/BTC,1583097622887,2020-03-01T21:20:22.887Z,buy,9.4e-07,291.0,0.00027354
TCT/BTC,1583097623499,2020-03-01T21:20:23.499Z,buy,9.4e-07,256.0,0.00024064
TCT/BTC,1583097624246,2020-03-01T21:20:24.246Z,buy,9.4e-07,191.0,0.00017954
TCT/BTC,1583097624824,2020-03-01T21:20:24.824Z,buy,9.4e-07,191.0,0.00017954
TCT/BTC,1583097627260,2020-03-01T21:20:27.260Z,buy,9.4e-07,329.0,0.00030926
TCT/BTC,1583097628908,2020-03-01T21:20:28.908Z,buy,9.4e-07,243.0,0.00022842
TCT/BTC,1583097630163,2020-03-01T21:20:30.163Z,buy,9.4e-07,178.0,0.00016732
TCT/BTC,1583097632161,2020-03-01T21:20:32.161Z,buy,9.4e-07,176.0,0.00016544
TCT/BTC,1583097637519,2020-03-01T21:20:37.519Z,buy,9.4e-07,144.0,0.00013536
TCT/BTC,1583097639743,2020-03-01T21:20:39.743Z,buy,9.4e-07,158.0,0.00014852
TCT/BTC,1583098022609,2020-03-01T21:27:02.609Z,sell,9.2e-07,253083.0,0.23283636
TCT/BTC,1583098022609,2020-03-01T21:27:02.609Z,sell,9.2e-07,253083.0,0.23283636
TCT/BTC,1583098224917,2020-03-01T21:30:24.917Z,sell,9.2e-07,410.0,0.0003772
TCT/BTC,1583098225463,2020-03-01T21:30:25.463Z,sell,9.2e-07,872.0,0.00080224
TCT/BTC,1583098754914,2020-03-01T21:39:14.914Z,sell,9.2e-07,20164.0,0.01855088
TCT/BTC,1583099455672,2020-03-01T21:50:55.672Z,buy,9.3e-07,408.0,0.00037944
TCT/BTC,1583099455683,2020-03-01T21:50:55.683Z,sell,9.3e-07,20223.0,0.01880739
TCT/BTC,1583099526267,2020-03-01T21:52:06.267Z,sell,9.2e-07,370439.0,0.34080388
TCT/BTC,1583099526282,2020-03-01T21:52:06.282Z,buy,9.2e-07,1620.0,0.0014904
TCT/BTC,1583099526282,2020-03-01T21:52:06.282Z,buy,9.2e-07,1778.0,0.00163576
TCT/BTC,1583099528223,2020-03-01T21:52:08.223Z,sell,9.1e-07,1443.0,0.00131313
TCT/BTC,1583099529551,2020-03-01T21:52:09.551Z,sell,9.1e-07,2294.0,0.00208754
TCT/BTC,1583099531173,2020-03-01T21:52:11.173Z,sell,9.1e-07,505.0,0.00045955
TCT/BTC,1583099532482,2020-03-01T21:52:12.482Z,sell,9.1e-07,40315.0,0.03668665
TCT/BTC,1583099533842,2020-03-01T21:52:13.842Z,sell,9.1e-07,99748.0,0.0907706799999999
TCT/BTC,1583099534010,2020-03-01T21:52:14.010Z,sell,9.1e-07,1221.0,0.00111111
TCT/BTC,1583099535310,2020-03-01T21:52:15.310Z,sell,9.1e-07,374.0,0.00034034
TCT/BTC,1583099536641,2020-03-01T21:52:16.641Z,sell,9.1e-07,4019.0,0.0036572899999999
TCT/BTC,1583099537949,2020-03-01T21:52:17.949Z,sell,9.1e-07,3332.0,0.0030321199999999
TCT/BTC,1583099539542,2020-03-01T21:52:19.542Z,sell,9.1e-07,1175.0,0.0010692499999999
TCT/BTC,1583099540856,2020-03-01T21:52:20.856Z,sell,9.1e-07,3944.0,0.00358904
TCT/BTC,1583099542168,2020-03-01T21:52:22.168Z,sell,9.1e-07,5726.0,0.00521066
TCT/BTC,1583099543753,2020-03-01T21:52:23.753Z,sell,9.1e-07,2127.0,0.00193557
TCT/BTC,1583100052814,2020-03-01T22:00:52.814Z,buy,9.2e-07,26820.0,0.0246744
TCT/BTC,1583100277371,2020-03-01T22:04:37.371Z,buy,9.2e-07,271.0,0.00024932
TCT/BTC,1583100566584,2020-03-01T22:09:26.584Z,buy,9.2e-07,219.0,0.00020148
TCT/BTC,1583100586067,2020-03-01T22:09:46.067Z,buy,9.2e-07,300.0,0.000276
TCT/BTC,1583100832829,2020-03-01T22:13:52.829Z,buy,9.2e-07,193.0,0.00017756
TCT/BTC,1583101295387,2020-03-01T22:21:35.387Z,buy,9.2e-07,414.0,0.00038088
TCT/BTC,1583101295387,2020-03-01T22:21:35.387Z,buy,9.2e-07,414.0,0.00038088
TCT/BTC,1583102578426,2020-03-01T22:42:58.426Z,buy,9.2e-07,159225.0,0.146487
TCT/BTC,1583102579238,2020-03-01T22:42:59.238Z,buy,9.3e-07,2834.0,0.00263562
TCT/BTC,1583103071325,2020-03-01T22:51:11.325Z,buy,9.3e-07,155.0,0.00014415
TCT/BTC,1583103519863,2020-03-01T22:58:39.863Z,sell,9.2e-07,357.0,0.00032844
TCT/BTC,1583103519863,2020-03-01T22:58:39.863Z,sell,9.2e-07,357.0,0.00032844
TCT/BTC,1583106549844,2020-03-01T23:49:09.844Z,sell,9.2e-07,193.0,0.00017756
TCT/BTC,1583106565889,2020-03-01T23:49:25.889Z,sell,9.2e-07,219.0,0.00020148
TCT/BTC,1583106565889,2020-03-01T23:49:25.889Z,sell,9.2e-07,219.0,0.00020148
TCT/BTC,1583112772025,2020-03-02T01:32:52.025Z,sell,9.2e-07,5434.0,0.00499928
TCT/BTC,1583112772025,2020-03-02T01:32:52.025Z,sell,9.2e-07,5434.0,0.00499928
TCT/BTC,1583113530185,2020-03-02T01:45:30.185Z,sell,9.2e-07,342046.0,0.31468232
TCT/BTC,1583113551919,2020-03-02T01:45:51.919Z,sell,9.1e-07,62158.0,0.05656378
TCT/BTC,1583113736233,2020-03-02T01:48:56.233Z,sell,9.2e-07,40454.0,0.0372176799999999
TCT/BTC,1583113903368,2020-03-02T01:51:43.368Z,sell,9.2e-07,109.0,0.00010028
TCT/BTC,1583115933151,2020-03-02T02:25:33.151Z,buy,9.2e-07,33871.0,0.03116132
TCT/BTC,1583115933156,2020-03-02T02:25:33.156Z,sell,9.2e-07,16607.0,0.0152784399999999
TCT/BTC,1583115934880,2020-03-02T02:25:34.880Z,buy,9.2e-07,16607.0,0.0152784399999999
TCT/BTC,1583115934880,2020-03-02T02:25:34.880Z,buy,9.2e-07,16607.0,0.0152784399999999
TCT/BTC,1583116676923,2020-03-02T02:37:56.923Z,sell,9.1e-07,58134.0,0.05290194
TCT/BTC,1583117611453,2020-03-02T02:53:31.453Z,sell,9.2e-07,3208.0,0.00295136
TCT/BTC,1583117612128,2020-03-02T02:53:32.128Z,sell,9.2e-07,2455.0,0.0022586
TCT/BTC,1583117613123,2020-03-02T02:53:33.123Z,sell,9.2e-07,2000.0,0.00184
TCT/BTC,1583117621177,2020-03-02T02:53:41.177Z,sell,9.2e-07,1772.0,0.00163024
TCT/BTC,1583117621558,2020-03-02T02:53:41.558Z,sell,9.2e-07,1474.0,0.00135608
TCT/BTC,1583118595803,2020-03-02T03:09:55.803Z,sell,9.2e-07,16938.0,0.01558296
TCT/BTC,1583118601891,2020-03-02T03:10:01.891Z,sell,9.2e-07,22631.0,0.02082052
TCT/BTC,1583118601891,2020-03-02T03:10:01.891Z,sell,9.2e-07,22631.0,0.02082052
TCT/BTC,1583122480049,2020-03-02T04:14:40.049Z,buy,9.2e-07,500.0,0.00046
TCT/BTC,1583122480049,2020-03-02T04:14:40.049Z,buy,9.2e-07,500.0,0.00046
TCT/BTC,1583123308682,2020-03-02T04:28:28.682Z,buy,9.2e-07,1980.0,0.0018216
TCT/BTC,1583123308682,2020-03-02T04:28:28.682Z,buy,9.2e-07,1980.0,0.0018216
TCT/BTC,1583126571252,2020-03-02T05:22:51.252Z,buy,9.2e-07,3549.0,0.00326508
TCT/BTC,1583126837316,2020-03-02T05:27:17.316Z,sell,9.2e-07,5569.0,0.00512348
TCT/BTC,1583126882978,2020-03-02T05:28:02.978Z,buy,9.2e-07,14007.0,0.0128864399999999
TCT/BTC,1583126882986,2020-03-02T05:28:02.986Z,sell,9.2e-07,28014.0,0.0257728799999999
TCT/BTC,1583126882999,2020-03-02T05:28:02.999Z,sell,9.2e-07,1143.0,0.00105156
TCT/BTC,1583126883044,2020-03-02T05:28:03.044Z,sell,9.2e-07,12463.0,0.0114659599999999
TCT/BTC,1583126883166,2020-03-02T05:28:03.166Z,sell,9.2e-07,1295.0,0.0011914
TCT/BTC,1583126883272,2020-03-02T05:28:03.272Z,sell,9.2e-07,14002.0,0.01288184
TCT/BTC,1583126883372,2020-03-02T05:28:03.372Z,sell,9.2e-07,3665.0,0.0033718
TCT/BTC,1583126883516,2020-03-02T05:28:03.516Z,sell,9.2e-07,39348.0,0.03620016
TCT/BTC,1583126883516,2020-03-02T05:28:03.516Z,sell,9.2e-07,39348.0,0.03620016
TCT/BTC,1583127852002,2020-03-02T05:44:12.002Z,sell,9.2e-07,550.0,0.0005059999999999
TCT/BTC,1583127902560,2020-03-02T05:45:02.560Z,sell,9.2e-07,712.0,0.00065504
TCT/BTC,1583127902560,2020-03-02T05:45:02.560Z,sell,9.2e-07,712.0,0.00065504
TCT/BTC,1583133800162,2020-03-02T07:23:20.162Z,buy,9.3e-07,30236.0,0.02811948
TCT/BTC,1583133800162,2020-03-02T07:23:20.162Z,buy,9.3e-07,30236.0,0.02811948
TCT/BTC,1583134644680,2020-03-02T07:37:24.680Z,buy,9.3e-07,36744.0,0.03417192
TCT/BTC,1583135222005,2020-03-02T07:47:02.005Z,sell,9.2e-07,21035.0,0.0193522
TCT/BTC,1583135590763,2020-03-02T07:53:10.763Z,sell,9.2e-07,10517.0,0.00967564
TCT/BTC,1583135605423,2020-03-02T07:53:25.423Z,sell,9.2e-07,10517.0,0.00967564
TCT/BTC,1583135867908,2020-03-02T07:57:47.908Z,sell,9.2e-07,16878.0,0.01552776
TCT/BTC,1583135869278,2020-03-02T07:57:49.278Z,sell,9.2e-07,5775.0,0.005313
TCT/BTC,1583135870385,2020-03-02T07:57:50.385Z,sell,9.2e-07,3877.0,0.00356684
TCT/BTC,1583135871928,2020-03-02T07:57:51.928Z,sell,9.2e-07,6256.0,0.00575552
TCT/BTC,1583135872996,2020-03-02T07:57:52.996Z,sell,9.2e-07,6314.0,0.00580888
TCT/BTC,1583135873983,2020-03-02T07:57:53.983Z,sell,9.2e-07,3662.0,0.00336904
TCT/BTC,1583135981754,2020-03-02T07:59:41.754Z,sell,9.2e-07,482.0,0.0004434399999999
TCT/BTC,1583135986134,2020-03-02T07:59:46.134Z,sell,9.2e-07,285.0,0.0002622
TCT/BTC,1583136142215,2020-03-02T08:02:22.215Z,sell,9.2e-07,2460.0,0.0022632
TCT/BTC,1583136152229,2020-03-02T08:02:32.229Z,sell,9.2e-07,2021.0,0.00185932
TCT/BTC,1583136164200,2020-03-02T08:02:44.200Z,sell,9.2e-07,6089.0,0.00560188
TCT/BTC,1583136166738,2020-03-02T08:02:46.738Z,sell,9.2e-07,2000.0,0.00184
TCT/BTC,1583136313985,2020-03-02T08:05:13.985Z,sell,9.2e-07,1828.0,0.00168176
TCT/BTC,1583136326327,2020-03-02T08:05:26.327Z,sell,9.2e-07,3701.0,0.00340492
TCT/BTC,1583136381839,2020-03-02T08:06:21.839Z,sell,9.2e-07,429.0,0.00039468
TCT/BTC,1583136381839,2020-03-02T08:06:21.839Z,sell,9.2e-07,429.0,0.00039468
TCT/BTC,1583138321520,2020-03-02T08:38:41.520Z,sell,9.2e-07,344.0,0.00031648
TCT/BTC,1583138800488,2020-03-02T08:46:40.488Z,sell,9.2e-07,446.0,0.00041032
TCT/BTC,1583139944570,2020-03-02T09:05:44.570Z,buy,9.3e-07,130.0,0.0001209
TCT/BTC,1583139944570,2020-03-02T09:05:44.570Z,buy,9.3e-07,130.0,0.0001209
TCT/BTC,1583140041591,2020-03-02T09:07:21.591Z,buy,9.3e-07,1756.0,0.00163308
TCT/BTC,1583140737370,2020-03-02T09:18:57.370Z,buy,9.3e-07,61111.0,0.05683323
TCT/BTC,1583140923440,2020-03-02T09:22:03.440Z,buy,9.3e-07,1976.0,0.00183768
TCT/BTC,1583141900424,2020-03-02T09:38:20.424Z,sell,9.2e-07,1903.0,0.0017507599999999
TCT/BTC,1583141901345,2020-03-02T09:38:21.345Z,sell,9.2e-07,5437.0,0.00500204
TCT/BTC,1583141901446,2020-03-02T09:38:21.446Z,sell,9.2e-07,57630.0,0.0530196
TCT/BTC,1583141901543,2020-03-02T09:38:21.543Z,sell,9.2e-07,2370.0,0.0021804
TCT/BTC,1583142254787,2020-03-02T09:44:14.787Z,sell,9.2e-07,7664.0,0.00705088
TCT/BTC,1583142821731,2020-03-02T09:53:41.731Z,buy,9.3e-07,123248.0,0.11462064
TCT/BTC,1583142824382,2020-03-02T09:53:44.382Z,buy,9.3e-07,40035.0,0.0372325499999999
TCT/BTC,1583142824443,2020-03-02T09:53:44.443Z,sell,9.3e-07,1619.0,0.00150567
TCT/BTC,1583142824565,2020-03-02T09:53:44.565Z,sell,9.3e-07,496.0,0.00046128
TCT/BTC,1583142832727,2020-03-02T09:53:52.727Z,sell,9.3e-07,3945.0,0.00366885
TCT/BTC,1583142833811,2020-03-02T09:53:53.811Z,sell,9.3e-07,748.0,0.00069564
TCT/BTC,1583142833813,2020-03-02T09:53:53.813Z,sell,9.3e-07,3080.0,0.0028644
TCT/BTC,1583142943958,2020-03-02T09:55:43.958Z,sell,9.3e-07,421.0,0.00039153
TCT/BTC,1583142978806,2020-03-02T09:56:18.806Z,sell,9.3e-07,354.0,0.00032922
TCT/BTC,1583143048450,2020-03-02T09:57:28.450Z,sell,9.3e-07,6705.0,0.00623565
TCT/BTC,1583143220388,2020-03-02T10:00:20.388Z,sell,9.3e-07,355.0,0.00033015
TCT/BTC,1583143233234,2020-03-02T10:00:33.234Z,sell,9.3e-07,52162.0,0.04851066
TCT/BTC,1583143233366,2020-03-02T10:00:33.366Z,sell,9.3e-07,2467.0,0.00229431
TCT/BTC,1583143233465,2020-03-02T10:00:33.465Z,sell,9.3e-07,4197.0,0.00390321
TCT/BTC,1583143270275,2020-03-02T10:01:10.275Z,sell,9.3e-07,45179.0,0.04201647
TCT/BTC,1583143433657,2020-03-02T10:03:53.657Z,buy,9.4e-07,265.0,0.0002491
TCT/BTC,1583143532462,2020-03-02T10:05:32.462Z,buy,9.4e-07,3895.0,0.0036613
TCT/BTC,1583143532462,2020-03-02T10:05:32.462Z,buy,9.4e-07,3895.0,0.0036613
TCT/BTC,1583143968688,2020-03-02T10:12:48.688Z,sell,9.3e-07,1000.0,0.0009299999999999
TCT/BTC,1583144635136,2020-03-02T10:23:55.136Z,sell,9.3e-07,3359.0,0.00312387
TCT/BTC,1583144644066,2020-03-02T10:24:04.066Z,sell,9.3e-07,2552.0,0.00237336
TCT/BTC,1583144647304,2020-03-02T10:24:07.304Z,sell,9.3e-07,2190.0,0.0020367
TCT/BTC,1583144649966,2020-03-02T10:24:09.966Z,sell,9.3e-07,2000.0,0.0018599999999999
TCT/BTC,1583144658435,2020-03-02T10:24:18.435Z,sell,9.3e-07,2000.0,0.0018599999999999
TCT/BTC,1583144707636,2020-03-02T10:25:07.636Z,sell,9.3e-07,2000.0,0.0018599999999999
TCT/BTC,1583146092058,2020-03-02T10:48:12.058Z,sell,9.3e-07,20893.0,0.0194304899999999
TCT/BTC,1583146404427,2020-03-02T10:53:24.427Z,buy,9.3e-07,590.0,0.0005487
TCT/BTC,1583146803692,2020-03-02T11:00:03.692Z,buy,9.3e-07,62679.0,0.05829147
TCT/BTC,1583146803692,2020-03-02T11:00:03.692Z,buy,9.3e-07,62679.0,0.05829147
TCT/BTC,1583147564997,2020-03-02T11:12:44.997Z,sell,9.2e-07,276834.0,0.25468728
TCT/BTC,1583148966923,2020-03-02T11:36:06.923Z,sell,9.2e-07,3266.0,0.00300472
TCT/BTC,1583149349719,2020-03-02T11:42:29.719Z,buy,9.3e-07,33301.0,0.03096993
TCT/BTC,1583149349730,2020-03-02T11:42:29.730Z,sell,9.3e-07,2370.0,0.0022041
TCT/BTC,1583149349734,2020-03-02T11:42:29.734Z,sell,9.3e-07,3352.0,0.00311736
TCT/BTC,1583149354758,2020-03-02T11:42:34.758Z,sell,9.3e-07,2465.0,0.00229245
TCT/BTC,1583149669938,2020-03-02T11:47:49.938Z,buy,9.4e-07,275.0,0.0002585
TCT/BTC,1583150146678,2020-03-02T11:55:46.678Z,buy,9.4e-07,1062.0,0.00099828
TCT/BTC,1583150380007,2020-03-02T11:59:40.007Z,sell,9.3e-07,2258.0,0.00209994
TCT/BTC,1583150380007,2020-03-02T11:59:40.007Z,sell,9.3e-07,2258.0,0.00209994
TCT/BTC,1583150488393,2020-03-02T12:01:28.393Z,sell,9.3e-07,10261.0,0.00954273
TCT/BTC,1583150528400,2020-03-02T12:02:08.400Z,buy,9.3e-07,33441.0,0.03110013
TCT/BTC,1583151459727,2020-03-02T12:17:39.727Z,buy,9.3e-07,34954.0,0.0325072199999999
TCT/BTC,1583151459736,2020-03-02T12:17:39.736Z,sell,9.3e-07,17303.0,0.0160917899999999
TCT/BTC,1583151459736,2020-03-02T12:17:39.736Z,sell,9.3e-07,60000.0,0.0558
TCT/BTC,1583151459748,2020-03-02T12:17:39.748Z,sell,9.3e-07,22800.0,0.021204
TCT/BTC,1583152170889,2020-03-02T12:29:30.889Z,sell,9.3e-07,1910.0,0.0017763
TCT/BTC,1583152493026,2020-03-02T12:34:53.026Z,sell,9.3e-07,100855.0,0.09379515
TCT/BTC,1583153716760,2020-03-02T12:55:16.760Z,sell,9.3e-07,3660.0,0.0034038
TCT/BTC,1583153716760,2020-03-02T12:55:16.760Z,sell,9.3e-07,3660.0,0.0034038
TCT/BTC,1583154307411,2020-03-02T13:05:07.411Z,sell,9.3e-07,8211.0,0.00763623
TCT/BTC,1583155068938,2020-03-02T13:17:48.938Z,sell,9.3e-07,70973.0,0.06600489
TCT/BTC,1583156255873,2020-03-02T13:37:35.873Z,sell,9.3e-07,8602.0,0.00799986
TCT/BTC,1583156255873,2020-03-02T13:37:35.873Z,sell,9.3e-07,8602.0,0.00799986
TCT/BTC,1583157841692,2020-03-02T14:04:01.692Z,buy,9.4e-07,25447.0,0.02392018
TCT/BTC,1583159357797,2020-03-02T14:29:17.797Z,sell,9.3e-07,1316.0,0.0012238799999999
TCT/BTC,1583159492049,2020-03-02T14:31:32.049Z,sell,9.3e-07,1600.0,0.001488
TCT/BTC,1583159492049,2020-03-02T14:31:32.049Z,sell,9.3e-07,1600.0,0.001488
TCT/BTC,1583159924701,2020-03-02T14:38:44.701Z,sell,9.3e-07,13563.0,0.01261359
TCT/BTC,1583160362415,2020-03-02T14:46:02.415Z,sell,9.2e-07,57708.0,0.05309136
TCT/BTC,1583160614653,2020-03-02T14:50:14.653Z,buy,9.4e-07,4119.0,0.00387186
TCT/BTC,1583160718715,2020-03-02T14:51:58.715Z,sell,9.3e-07,1006.0,0.00093558
TCT/BTC,1583160718715,2020-03-02T14:51:58.715Z,sell,9.3e-07,1006.0,0.00093558
TCT/BTC,1583163306684,2020-03-02T15:35:06.684Z,sell,9.3e-07,57136.0,0.05313648
TCT/BTC,1583163416165,2020-03-02T15:36:56.165Z,buy,9.3e-07,1612.0,0.00149916
TCT/BTC,1583163460627,2020-03-02T15:37:40.627Z,buy,9.3e-07,51507.0,0.04790151
TCT/BTC,1583163460730,2020-03-02T15:37:40.730Z,buy,9.3e-07,34457.0,0.03204501
TCT/BTC,1583163460835,2020-03-02T15:37:40.835Z,buy,9.3e-07,23172.0,0.02154996
TCT/BTC,1583163460835,2020-03-02T15:37:40.835Z,buy,9.3e-07,23172.0,0.02154996
TCT/BTC,1583164926975,2020-03-02T16:02:06.975Z,buy,9.3e-07,900.0,0.000837
TCT/BTC,1583165112601,2020-03-02T16:05:12.601Z,buy,9.3e-07,19100.0,0.017763
TCT/BTC,1583165112769,2020-03-02T16:05:12.769Z,sell,9.3e-07,7677.0,0.00713961
TCT/BTC,1583165385528,2020-03-02T16:09:45.528Z,sell,9.3e-07,4068.0,0.0037832399999999
TCT/BTC,1583165434333,2020-03-02T16:10:34.333Z,sell,9.3e-07,120292.0,0.11187156
TCT/BTC,1583165446400,2020-03-02T16:10:46.400Z,sell,9.3e-07,12030.0,0.0111879
TCT/BTC,1583165489801,2020-03-02T16:11:29.801Z,sell,9.3e-07,58066.0,0.05400138
TCT/BTC,1583165490085,2020-03-02T16:11:30.085Z,sell,9.3e-07,56012.0,0.05209116
TCT/BTC,1583165490091,2020-03-02T16:11:30.091Z,sell,9.3e-07,9937.0,0.00924141
TCT/BTC,1583166573890,2020-03-02T16:29:33.890Z,sell,9.3e-07,1684.0,0.00156612
TCT/BTC,1583166573890,2020-03-02T16:29:33.890Z,sell,9.3e-07,1684.0,0.00156612
TCT/BTC,1583167312570,2020-03-02T16:41:52.570Z,buy,9.4e-07,143.0,0.00013442
TCT/BTC,1583167678660,2020-03-02T16:47:58.660Z,sell,9.3e-07,48548.0,0.04514964
TCT/BTC,1583168385608,2020-03-02T16:59:45.608Z,sell,9.3e-07,1708.0,0.00158844
TCT/BTC,1583168872004,2020-03-02T17:07:52.004Z,buy,9.4e-07,4515.0,0.0042441
TCT/BTC,1583168912032,2020-03-02T17:08:32.032Z,buy,9.4e-07,172754.0,0.16238876
TCT/BTC,1583168912041,2020-03-02T17:08:32.041Z,sell,9.4e-07,9687.0,0.00910578
TCT/BTC,1583168912048,2020-03-02T17:08:32.048Z,sell,9.4e-07,10041.0,0.00943854
TCT/BTC,1583168912048,2020-03-02T17:08:32.048Z,sell,9.4e-07,7256.0,0.00682064
TCT/BTC,1583168912050,2020-03-02T17:08:32.050Z,sell,9.4e-07,9687.0,0.00910578
TCT/BTC,1583168912055,2020-03-02T17:08:32.055Z,sell,9.4e-07,4667.0,0.00438698
TCT/BTC,1583168918105,2020-03-02T17:08:38.105Z,sell,9.4e-07,8245.0,0.0077503
TCT/BTC,1583168919703,2020-03-02T17:08:39.703Z,sell,9.4e-07,2000.0,0.00188
TCT/BTC,1583169095515,2020-03-02T17:11:35.515Z,sell,9.4e-07,7549.0,0.00709606
TCT/BTC,1583169136538,2020-03-02T17:12:16.538Z,sell,9.4e-07,13189.0,0.01239766
TCT/BTC,1583169136545,2020-03-02T17:12:16.545Z,sell,9.4e-07,7503.0,0.00705282
TCT/BTC,1583169750452,2020-03-02T17:22:30.452Z,sell,9.4e-07,7618.0,0.00716092
TCT/BTC,1583169750469,2020-03-02T17:22:30.469Z,sell,9.4e-07,4698.0,0.00441612
TCT/BTC,1583169751127,2020-03-02T17:22:31.127Z,sell,9.4e-07,1322.0,0.00124268
TCT/BTC,1583169751149,2020-03-02T17:22:31.149Z,sell,9.4e-07,1322.0,0.00124268
TCT/BTC,1583169804254,2020-03-02T17:23:24.254Z,sell,9.4e-07,2760.0,0.0025944
TCT/BTC,1583169804886,2020-03-02T17:23:24.886Z,sell,9.4e-07,8412.0,0.00790728
TCT/BTC,1583169832219,2020-03-02T17:23:52.219Z,sell,9.4e-07,741.0,0.00069654
TCT/BTC,1583169901101,2020-03-02T17:25:01.101Z,sell,9.4e-07,370.0,0.0003478
TCT/BTC,1583169903731,2020-03-02T17:25:03.731Z,sell,9.4e-07,407.0,0.00038258
TCT/BTC,1583170092694,2020-03-02T17:28:12.694Z,sell,9.4e-07,430.0,0.0004042
TCT/BTC,1583170092694,2020-03-02T17:28:12.694Z,sell,9.4e-07,430.0,0.0004042
TCT/BTC,1583170209507,2020-03-02T17:30:09.507Z,buy,9.5e-07,147867.0,0.14047365
TCT/BTC,1583170209507,2020-03-02T17:30:09.507Z,sell,9.5e-07,16816.0,0.0159752
TCT/BTC,1583170209520,2020-03-02T17:30:09.520Z,sell,9.5e-07,4358.0,0.0041401
TCT/BTC,1583170209520,2020-03-02T17:30:09.520Z,sell,9.5e-07,4358.0,0.0041401
TCT/BTC,1583170209521,2020-03-02T17:30:09.521Z,sell,9.5e-07,4358.0,0.0041401
TCT/BTC,1583170209521,2020-03-02T17:30:09.521Z,sell,9.5e-07,4358.0,0.0041401
TCT/BTC,1583170209521,2020-03-02T17:30:09.521Z,sell,9.5e-07,4358.0,0.0041401
TCT/BTC,1583170209521,2020-03-02T17:30:09.521Z,sell,9.5e-07,4358.0,0.0041401
TCT/BTC,1583170209522,2020-03-02T17:30:09.522Z,sell,9.5e-07,4358.0,0.0041401
TCT/BTC,1583170209522,2020-03-02T17:30:09.522Z,sell,9.5e-07,4358.0,0.0041401
TCT/BTC,1583170209522,2020-03-02T17:30:09.522Z,sell,9.5e-07,4358.0,0.0041401
TCT/BTC,1583170209524,2020-03-02T17:30:09.524Z,sell,9.5e-07,4358.0,0.0041401
TCT/BTC,1583170209525,2020-03-02T17:30:09.525Z,sell,9.5e-07,4358.0,0.0041401
TCT/BTC,1583170209525,2020-03-02T17:30:09.525Z,sell,9.5e-07,4358.0,0.0041401
TCT/BTC,1583170209526,2020-03-02T17:30:09.526Z,sell,9.5e-07,4358.0,0.0041401
TCT/BTC,1583170209526,2020-03-02T17:30:09.526Z,sell,9.5e-07,4358.0,0.0041401
TCT/BTC,1583170209526,2020-03-02T17:30:09.526Z,sell,9.5e-07,4358.0,0.0041401
TCT/BTC,1583170209526,2020-03-02T17:30:09.526Z,sell,9.5e-07,4358.0,0.0041401
TCT/BTC,1583170209526,2020-03-02T17:30:09.526Z,sell,9.5e-07,4358.0,0.0041401
TCT/BTC,1583170209526,2020-03-02T17:30:09.526Z,sell,9.5e-07,4358.0,0.0041401
TCT/BTC,1583170209527,2020-03-02T17:30:09.527Z,sell,9.5e-07,4358.0,0.0041401
TCT/BTC,1583170209527,2020-03-02T17:30:09.527Z,sell,9.5e-07,4358.0,0.0041401
TCT/BTC,1583170209527,2020-03-02T17:30:09.527Z,sell,9.5e-07,4358.0,0.0041401
TCT/BTC,1583170209527,2020-03-02T17:30:09.527Z,sell,9.5e-07,4358.0,0.0041401
TCT/BTC,1583170209527,2020-03-02T17:30:09.527Z,sell,9.5e-07,4358.0,0.0041401
TCT/BTC,1583170209528,2020-03-02T17:30:09.528Z,sell,9.5e-07,4358.0,0.0041401
TCT/BTC,1583170209528,2020-03-02T17:30:09.528Z,sell,9.5e-07,4358.0,0.0041401
TCT/BTC,1583170209528,2020-03-02T17:30:09.528Z,sell,9.5e-07,4358.0,0.0041401
TCT/BTC,1583170209531,2020-03-02T17:30:09.531Z,sell,9.5e-07,4358.0,0.0041401
TCT/BTC,1583170209531,2020-03-02T17:30:09.531Z,sell,9.5e-07,4358.0,0.0041401
TCT/BTC,1583170209531,2020-03-02T17:30:09.531Z,sell,9.5e-07,4358.0,0.0041401
TCT/BTC,1583170209531,2020-03-02T17:30:09.531Z,sell,9.5e-07,4358.0,0.0041401
TCT/BTC,1583170209536,2020-03-02T17:30:09.536Z,sell,9.5e-07,4886.0,0.0046417
TCT/BTC,1583170209585,2020-03-02T17:30:09.585Z,sell,9.5e-07,489.0,0.00046455
TCT/BTC,1583170211234,2020-03-02T17:30:11.234Z,sell,9.5e-07,27504.0,0.0261288
TCT/BTC,1583170212755,2020-03-02T17:30:12.755Z,sell,9.5e-07,25665.0,0.02438175
TCT/BTC,1583170215503,2020-03-02T17:30:15.503Z,sell,9.5e-07,8398.0,0.0079781
TCT/BTC,1583170216915,2020-03-02T17:30:16.915Z,sell,9.5e-07,15651.0,0.01486845
TCT/BTC,1583170218142,2020-03-02T17:30:18.142Z,sell,9.5e-07,17537.0,0.01666015
TCT/BTC,1583170218272,2020-03-02T17:30:18.272Z,buy,9.6e-07,209.0,0.0002006399999999
TCT/BTC,1583170222255,2020-03-02T17:30:22.255Z,sell,9.5e-07,6357.0,0.00603915
TCT/BTC,1583170222917,2020-03-02T17:30:22.917Z,sell,9.5e-07,7632.0,0.0072504
TCT/BTC,1583170224013,2020-03-02T17:30:24.013Z,sell,9.5e-07,2462.0,0.0023389
TCT/BTC,1583170228370,2020-03-02T17:30:28.370Z,sell,9.5e-07,5000.0,0.00475
TCT/BTC,1583170348663,2020-03-02T17:32:28.663Z,sell,9.5e-07,446.0,0.0004237
TCT/BTC,1583170388485,2020-03-02T17:33:08.485Z,sell,9.5e-07,107.0,0.00010165
TCT/BTC,1583170671363,2020-03-02T17:37:51.363Z,sell,9.5e-07,3927.0,0.00373065
TCT/BTC,1583171060426,2020-03-02T17:44:20.426Z,sell,9.4e-07,9680.0,0.0090992
TCT/BTC,1583171073348,2020-03-02T17:44:33.348Z,sell,9.4e-07,1756.0,0.00165064
TCT/BTC,1583171470637,2020-03-02T17:51:10.637Z,sell,9.4e-07,4510.0,0.0042394
TCT/BTC,1583171480149,2020-03-02T17:51:20.149Z,sell,9.4e-07,8523.0,0.00801162
TCT/BTC,1583171480151,2020-03-02T17:51:20.151Z,sell,9.4e-07,1934.0,0.00181796
TCT/BTC,1583171480203,2020-03-02T17:51:20.203Z,buy,9.4e-07,8428.0,0.00792232
TCT/BTC,1583171480397,2020-03-02T17:51:20.397Z,buy,9.4e-07,95.0,8.93e-05
TCT/BTC,1583171487939,2020-03-02T17:51:27.939Z,sell,9.3e-07,40124.0,0.03731532
TCT/BTC,1583172036303,2020-03-02T18:00:36.303Z,buy,9.5e-07,1051.0,0.00099845
TCT/BTC,1583172296674,2020-03-02T18:04:56.674Z,sell,9.4e-07,9902.0,0.00930788
TCT/BTC,1583172382106,2020-03-02T18:06:22.106Z,buy,9.5e-07,2757.0,0.00261915
TCT/BTC,1583173503922,2020-03-02T18:25:03.922Z,sell,9.3e-07,3895.0,0.00362235
TCT/BTC,1583173503922,2020-03-02T18:25:03.922Z,sell,9.3e-07,3895.0,0.00362235
TCT/BTC,1583175111863,2020-03-02T18:51:51.863Z,sell,9.4e-07,36671.0,0.03447074
TCT/BTC,1583176450325,2020-03-02T19:14:10.325Z,sell,9.3e-07,5461.0,0.00507873
TCT/BTC,1583176491614,2020-03-02T19:14:51.614Z,sell,9.3e-07,100210.0,0.0931953
TCT/BTC,1583176493480,2020-03-02T19:14:53.480Z,buy,9.3e-07,2000.0,0.0018599999999999
TCT/BTC,1583176581610,2020-03-02T19:16:21.610Z,buy,9.3e-07,10517.0,0.00978081
TCT/BTC,1583176721493,2020-03-02T19:18:41.493Z,sell,9.3e-07,21506.0,0.02000058
TCT/BTC,1583176721493,2020-03-02T19:18:41.493Z,sell,9.3e-07,21506.0,0.02000058
TCT/BTC,1583177985019,2020-03-02T19:39:45.019Z,sell,9.3e-07,50016.0,0.04651488
TCT/BTC,1583178282742,2020-03-02T19:44:42.742Z,buy,9.3e-07,348.0,0.00032364
TCT/BTC,1583178297336,2020-03-02T19:44:57.336Z,buy,9.4e-07,522.0,0.00049068
TCT/BTC,1583178475825,2020-03-02T19:47:55.825Z,sell,9.3e-07,18386.0,0.01709898
TCT/BTC,1583178475881,2020-03-02T19:47:55.881Z,buy,9.3e-07,2426.0,0.00225618
TCT/BTC,1583178476461,2020-03-02T19:47:56.461Z,buy,9.3e-07,7024.0,0.00653232
TCT/BTC,1583178476476,2020-03-02T19:47:56.476Z,buy,9.3e-07,3346.0,0.0031117799999999
TCT/BTC,1583178523589,2020-03-02T19:48:43.589Z,buy,9.4e-07,3678.0,0.00345732
TCT/BTC,1583178555164,2020-03-02T19:49:15.164Z,buy,9.3e-07,11064.0,0.01028952
TCT/BTC,1583178555201,2020-03-02T19:49:15.201Z,buy,9.3e-07,5884.0,0.00547212
TCT/BTC,1583179021139,2020-03-02T19:57:01.139Z,buy,9.3e-07,14234.0,0.01323762
TCT/BTC,1583179684790,2020-03-02T20:08:04.790Z,sell,9.3e-07,14220.0,0.0132246
TCT/BTC,1583179799690,2020-03-02T20:09:59.690Z,buy,9.4e-07,11500.0,0.01081
TCT/BTC,1583179799690,2020-03-02T20:09:59.690Z,buy,9.4e-07,11500.0,0.01081
TCT/BTC,1583181037993,2020-03-02T20:30:37.993Z,buy,9.4e-07,2000.0,0.00188
TCT/BTC,1583181863466,2020-03-02T20:44:23.466Z,sell,9.3e-07,521.0,0.00048453
TCT/BTC,1583182949369,2020-03-02T21:02:29.369Z,buy,9.4e-07,1575.0,0.0014805
TCT/BTC,1583183181909,2020-03-02T21:06:21.909Z,buy,9.4e-07,157.0,0.00014758
TCT/BTC,1583183203843,2020-03-02T21:06:43.843Z,sell,9.3e-07,128.0,0.00011904
TCT/BTC,1583183203843,2020-03-02T21:06:43.843Z,sell,9.3e-07,128.0,0.00011904
TCT/BTC,1583183467194,2020-03-02T21:11:07.194Z,buy,9.4e-07,1144.0,0.00107536
TCT/BTC,1583183550720,2020-03-02T21:12:30.720Z,buy,9.4e-07,11271.0,0.01059474
TCT/BTC,1583184545182,2020-03-02T21:29:05.182Z,buy,9.4e-07,7659.0,0.00719946
TCT/BTC,1583186522117,2020-03-02T22:02:02.117Z,buy,9.4e-07,748.0,0.00070312
TCT/BTC,1583186522117,2020-03-02T22:02:02.117Z,buy,9.4e-07,748.0,0.00070312
TCT/BTC,1583187756332,2020-03-02T22:22:36.332Z,sell,9.3e-07,221826.0,0.20629818
TCT/BTC,1583187756352,2020-03-02T22:22:36.352Z,buy,9.3e-07,103844.0,0.09657492
TCT/BTC,1583187756352,2020-03-02T22:22:36.352Z,buy,9.3e-07,103844.0,0.09657492
TCT/BTC,1583193878407,2020-03-03T00:04:38.407Z,buy,9.4e-07,16930.0,0.0159142
TCT/BTC,1583193878411,2020-03-03T00:04:38.411Z,buy,9.4e-07,20876.0,0.01962344
TCT/BTC,1583193878413,2020-03-03T00:04:38.413Z,buy,9.4e-07,21560.0,0.0202664
TCT/BTC,1583194091146,2020-03-03T00:08:11.146Z,buy,9.4e-07,16326.0,0.01534644
TCT/BTC,1583194091175,2020-03-03T00:08:11.175Z,buy,9.4e-07,2000.0,0.00188
TCT/BTC,1583194091676,2020-03-03T00:08:11.676Z,buy,9.4e-07,2962.0,0.00278428
TCT/BTC,1583194091685,2020-03-03T00:08:11.685Z,buy,9.4e-07,3512.0,0.00330128
TCT/BTC,1583194091685,2020-03-03T00:08:11.685Z,buy,9.4e-07,3512.0,0.00330128
TCT/BTC,1583194650030,2020-03-03T00:17:30.030Z,buy,9.4e-07,3592.0,0.00337648
TCT/BTC,1583194650030,2020-03-03T00:17:30.030Z,buy,9.5e-07,29265.0,0.02780175
TCT/BTC,1583194966606,2020-03-03T00:22:46.606Z,sell,9.4e-07,366.0,0.00034404
TCT/BTC,1583195041345,2020-03-03T00:24:01.345Z,sell,9.4e-07,10876.0,0.01022344
TCT/BTC,1583195041362,2020-03-03T00:24:01.362Z,buy,9.4e-07,25450.0,0.023923
TCT/BTC,1583196718642,2020-03-03T00:51:58.642Z,buy,9.5e-07,82133.0,0.07802635
TCT/BTC,1583196718642,2020-03-03T00:51:58.642Z,buy,9.5e-07,82133.0,0.07802635
TCT/BTC,1583199158847,2020-03-03T01:32:38.847Z,buy,9.5e-07,1638.0,0.0015561
TCT/BTC,1583199667687,2020-03-03T01:41:07.687Z,buy,9.5e-07,211.0,0.00020045
TCT/BTC,1583199667687,2020-03-03T01:41:07.687Z,buy,9.5e-07,211.0,0.00020045
TCT/BTC,1583205086006,2020-03-03T03:11:26.006Z,sell,9.4e-07,75044.0,0.07054136
TCT/BTC,1583205086006,2020-03-03T03:11:26.006Z,sell,9.4e-07,75044.0,0.07054136
TCT/BTC,1583210540238,2020-03-03T04:42:20.238Z,buy,9.5e-07,2360.0,0.002242
TCT/BTC,1583210544480,2020-03-03T04:42:24.480Z,buy,9.5e-07,2357.0,0.00223915
TCT/BTC,1583210549082,2020-03-03T04:42:29.082Z,buy,9.5e-07,2357.0,0.00223915
TCT/BTC,1583210549281,2020-03-03T04:42:29.281Z,buy,9.5e-07,2360.0,0.002242
TCT/BTC,1583210944014,2020-03-03T04:49:04.014Z,sell,9.4e-07,453.0,0.00042582
TCT/BTC,1583210944039,2020-03-03T04:49:04.039Z,sell,9.4e-07,834.0,0.00078396
TCT/BTC,1583210944039,2020-03-03T04:49:04.039Z,sell,9.4e-07,834.0,0.00078396
TCT/BTC,1583216787329,2020-03-03T06:26:27.329Z,sell,9.4e-07,8639.0,0.00812066
TCT/BTC,1583216788267,2020-03-03T06:26:28.267Z,sell,9.4e-07,370.0,0.0003478
TCT/BTC,1583216788370,2020-03-03T06:26:28.370Z,sell,9.4e-07,747.0,0.00070218
TCT/BTC,1583216788370,2020-03-03T06:26:28.370Z,sell,9.4e-07,747.0,0.00070218
TCT/BTC,1583216948825,2020-03-03T06:29:08.825Z,sell,9.4e-07,6493.0,0.00610342
TCT/BTC,1583217122745,2020-03-03T06:32:02.745Z,buy,9.4e-07,4851.0,0.00455994
TCT/BTC,1583218755701,2020-03-03T06:59:15.701Z,buy,9.4e-07,17738.0,0.01667372
TCT/BTC,1583218755701,2020-03-03T06:59:15.701Z,buy,9.4e-07,17738.0,0.01667372
TCT/BTC,1583220625196,2020-03-03T07:30:25.196Z,buy,9.4e-07,638.0,0.00059972
TCT/BTC,1583220625196,2020-03-03T07:30:25.196Z,buy,9.4e-07,638.0,0.00059972
TCT/BTC,1583222598548,2020-03-03T08:03:18.548Z,buy,9.4e-07,115.0,0.0001081
TCT/BTC,1583223471968,2020-03-03T08:17:51.968Z,buy,9.4e-07,3680.0,0.0034592
TCT/BTC,1583224191547,2020-03-03T08:29:51.547Z,buy,9.4e-07,22743.0,0.02137842
TCT/BTC,1583224191547,2020-03-03T08:29:51.547Z,buy,9.4e-07,22743.0,0.02137842
TCT/BTC,1583224503699,2020-03-03T08:35:03.699Z,sell,9.3e-07,569.0,0.00052917
TCT/BTC,1583226793398,2020-03-03T09:13:13.398Z,sell,9.3e-07,205.0,0.00019065
TCT/BTC,1583227010998,2020-03-03T09:16:50.998Z,buy,9.4e-07,1063.0,0.00099922
TCT/BTC,1583227693658,2020-03-03T09:28:13.658Z,buy,9.4e-07,1527.0,0.00143538
TCT/BTC,1583227693658,2020-03-03T09:28:13.658Z,buy,9.4e-07,1527.0,0.00143538
TCT/BTC,1583229708152,2020-03-03T10:01:48.152Z,buy,9.4e-07,37951.0,0.03567394
TCT/BTC,1583230364053,2020-03-03T10:12:44.053Z,sell,9.4e-07,434.0,0.00040796
TCT/BTC,1583230575362,2020-03-03T10:16:15.362Z,sell,9.4e-07,404.0,0.00037976
TCT/BTC,1583231049392,2020-03-03T10:24:09.392Z,sell,9.4e-07,348.0,0.00032712
TCT/BTC,1583231049392,2020-03-03T10:24:09.392Z,sell,9.4e-07,348.0,0.00032712
TCT/BTC,1583231851563,2020-03-03T10:37:31.563Z,sell,9.4e-07,18633.0,0.01751502
TCT/BTC,1583231862293,2020-03-03T10:37:42.293Z,sell,9.3e-07,52051.0,0.04840743
TCT/BTC,1583231862293,2020-03-03T10:37:42.293Z,sell,9.3e-07,52051.0,0.04840743
TCT/BTC,1583234911508,2020-03-03T11:28:31.508Z,buy,9.5e-07,2984.0,0.0028348
TCT/BTC,1583235200689,2020-03-03T11:33:20.689Z,buy,9.5e-07,168004.0,0.1596038
TCT/BTC,1583235200699,2020-03-03T11:33:20.699Z,sell,9.5e-07,79966.0,0.0759677
TCT/BTC,1583235200699,2020-03-03T11:33:20.699Z,sell,9.5e-07,79966.0,0.0759677
TCT/BTC,1583235771992,2020-03-03T11:42:51.992Z,buy,9.6e-07,493.0,0.0004732799999999
TCT/BTC,1583237153668,2020-03-03T12:05:53.668Z,sell,9.4e-07,3274.0,0.00307756
TCT/BTC,1583237481587,2020-03-03T12:11:21.587Z,sell,9.5e-07,1737.0,0.00165015
TCT/BTC,1583237623261,2020-03-03T12:13:43.261Z,sell,9.5e-07,7651.0,0.00726845
TCT/BTC,1583237684821,2020-03-03T12:14:44.821Z,sell,9.5e-07,6692.0,0.0063574
TCT/BTC,1583237825267,2020-03-03T12:17:05.267Z,sell,9.5e-07,2113.0,0.00200735
TCT/BTC,1583238008545,2020-03-03T12:20:08.545Z,sell,9.5e-07,5938.0,0.0056411
TCT/BTC,1583238505232,2020-03-03T12:28:25.232Z,sell,9.5e-07,9513.0,0.00903735
TCT/BTC,1583238505232,2020-03-03T12:28:25.232Z,sell,9.5e-07,9513.0,0.00903735
TCT/BTC,1583239375416,2020-03-03T12:42:55.416Z,buy,9.6e-07,31.0,2.976e-05
TCT/BTC,1583239804837,2020-03-03T12:50:04.837Z,sell,9.5e-07,24247.0,0.02303465
TCT/BTC,1583239804977,2020-03-03T12:50:04.977Z,sell,9.5e-07,387.0,0.00036765
TCT/BTC,1583239806397,2020-03-03T12:50:06.397Z,sell,9.5e-07,462.0,0.0004389
TCT/BTC,1583239897452,2020-03-03T12:51:37.452Z,sell,9.5e-07,23664.0,0.0224808
TCT/BTC,1583240085670,2020-03-03T12:54:45.670Z,sell,9.5e-07,7372.0,0.0070034
TCT/BTC,1583240544053,2020-03-03T13:02:24.053Z,sell,9.5e-07,24030.0,0.0228285
TCT/BTC,1583240763077,2020-03-03T13:06:03.077Z,sell,9.5e-07,121532.0,0.1154554
TCT/BTC,1583240763089,2020-03-03T13:06:03.089Z,buy,9.5e-07,37495.0,0.03562025
TCT/BTC,1583240763092,2020-03-03T13:06:03.092Z,buy,9.5e-07,14790.0,0.0140505
TCT/BTC,1583240763093,2020-03-03T13:06:03.093Z,buy,9.5e-07,16836.0,0.0159942
TCT/BTC,1583240763094,2020-03-03T13:06:03.094Z,buy,9.5e-07,37523.0,0.03564685
TCT/BTC,1583240763094,2020-03-03T13:06:03.094Z,buy,9.5e-07,2228.0,0.0021166
TCT/BTC,1583240763098,2020-03-03T13:06:03.098Z,buy,9.5e-07,36735.0,0.03489825
TCT/BTC,1583241203243,2020-03-03T13:13:23.243Z,sell,9.4e-07,33210.0,0.0312174
TCT/BTC,1583241369662,2020-03-03T13:16:09.662Z,sell,9.4e-07,8197.0,0.00770518
TCT/BTC,1583241727309,2020-03-03T13:22:07.309Z,sell,9.4e-07,638.0,0.00059972
TCT/BTC,1583241960478,2020-03-03T13:26:00.478Z,buy,9.5e-07,5773.0,0.00548435
TCT/BTC,1583241980686,2020-03-03T13:26:20.686Z,sell,9.5e-07,2113.0,0.00200735
TCT/BTC,1583241980686,2020-03-03T13:26:20.686Z,sell,9.5e-07,2113.0,0.00200735
TCT/BTC,1583242548121,2020-03-03T13:35:48.121Z,sell,9.5e-07,338.0,0.0003211
TCT/BTC,1583242864183,2020-03-03T13:41:04.183Z,sell,9.5e-07,3677.0,0.00349315
TCT/BTC,1583242932046,2020-03-03T13:42:12.046Z,sell,9.5e-07,8602.0,0.0081719
TCT/BTC,1583243149489,2020-03-03T13:45:49.489Z,sell,9.5e-07,51664.0,0.0490808
TCT/BTC,1583243161425,2020-03-03T13:46:01.425Z,sell,9.5e-07,11867.0,0.01127365
TCT/BTC,1583243233967,2020-03-03T13:47:13.967Z,sell,9.5e-07,12985.0,0.01233575
TCT/BTC,1583244296945,2020-03-03T14:04:56.945Z,sell,9.5e-07,1612.0,0.0015314
TCT/BTC,1583245166322,2020-03-03T14:19:26.322Z,sell,9.5e-07,6632.0,0.0063004
TCT/BTC,1583245166322,2020-03-03T14:19:26.322Z,sell,9.5e-07,6632.0,0.0063004
TCT/BTC,1583247512170,2020-03-03T14:58:32.170Z,buy,9.5e-07,59700.0,0.056715
TCT/BTC,1583247512170,2020-03-03T14:58:32.170Z,buy,9.6e-07,247116.0,0.2372313599999999
TCT/BTC,1583247512235,2020-03-03T14:58:32.235Z,buy,9.7e-07,4732.0,0.00459004
TCT/BTC,1583247514820,2020-03-03T14:58:34.820Z,buy,9.7e-07,207.0,0.00020079
TCT/BTC,1583247515322,2020-03-03T14:58:35.322Z,sell,9.6e-07,222.0,0.00021312
TCT/BTC,1583247516089,2020-03-03T14:58:36.089Z,buy,9.6e-07,123.0,0.00011808
TCT/BTC,1583247523604,2020-03-03T14:58:43.604Z,buy,9.6e-07,16301.0,0.01564896
TCT/BTC,1583247536692,2020-03-03T14:58:56.692Z,sell,9.6e-07,1062.0,0.0010195199999999
TCT/BTC,1583247547350,2020-03-03T14:59:07.350Z,sell,9.6e-07,2000.0,0.0019199999999999
TCT/BTC,1583247578494,2020-03-03T14:59:38.494Z,sell,9.6e-07,14580.0,0.0139967999999999
TCT/BTC,1583247585408,2020-03-03T14:59:45.408Z,sell,9.6e-07,71235.0,0.0683855999999999
TCT/BTC,1583247592894,2020-03-03T14:59:52.894Z,buy,9.6e-07,31670.0,0.0304032
TCT/BTC,1583247604941,2020-03-03T15:00:04.941Z,buy,9.6e-07,13359.0,0.0128246399999999
TCT/BTC,1583247797427,2020-03-03T15:03:17.427Z,buy,9.6e-07,79594.0,0.0764102399999999
TCT/BTC,1583247797439,2020-03-03T15:03:17.439Z,sell,9.6e-07,4470.0,0.0042911999999999
TCT/BTC,1583247797439,2020-03-03T15:03:17.439Z,sell,9.6e-07,9143.0,0.0087772799999999
TCT/BTC,1583247797440,2020-03-03T15:03:17.440Z,sell,9.6e-07,3585.0,0.0034415999999999
TCT/BTC,1583247797440,2020-03-03T15:03:17.440Z,sell,9.6e-07,4470.0,0.0042911999999999
TCT/BTC,1583247797442,2020-03-03T15:03:17.442Z,sell,9.6e-07,20082.0,0.01927872
TCT/BTC,1583247903199,2020-03-03T15:05:03.199Z,buy,9.6e-07,2157.0,0.00207072
TCT/BTC,1583247903199,2020-03-03T15:05:03.199Z,buy,9.7e-07,1280.0,0.0012416
TCT/BTC,1583248628213,2020-03-03T15:17:08.213Z,sell,9.5e-07,748.0,0.0007106
TCT/BTC,1583248628213,2020-03-03T15:17:08.213Z,sell,9.5e-07,748.0,0.0007106
TCT/BTC,1583249131416,2020-03-03T15:25:31.416Z,buy,9.7e-07,25462.0,0.02469814
TCT/BTC,1583249324768,2020-03-03T15:28:44.768Z,buy,9.7e-07,76577.0,0.07427969
TCT/BTC,1583249387364,2020-03-03T15:29:47.364Z,buy,9.7e-07,207.0,0.00020079
TCT/BTC,1583249515698,2020-03-03T15:31:55.698Z,sell,9.6e-07,11018.0,0.01057728
TCT/BTC,1583249542196,2020-03-03T15:32:22.196Z,sell,9.5e-07,748.0,0.0007106
TCT/BTC,1583249549682,2020-03-03T15:32:29.682Z,sell,9.5e-07,105178.0,0.0999191
TCT/BTC,1583249578549,2020-03-03T15:32:58.549Z,buy,9.6e-07,152496.0,0.14639616
TCT/BTC,1583249634736,2020-03-03T15:33:54.736Z,sell,9.5e-07,23941.0,0.02274395
TCT/BTC,1583249634736,2020-03-03T15:33:54.736Z,sell,9.4e-07,127798.0,0.12013012
TCT/BTC,1583249634748,2020-03-03T15:33:54.748Z,buy,9.4e-07,757.0,0.00071158
TCT/BTC,1583250085733,2020-03-03T15:41:25.733Z,buy,9.5e-07,21251.0,0.02018845
TCT/BTC,1583250171163,2020-03-03T15:42:51.163Z,buy,9.6e-07,24425.0,0.0234479999999999
TCT/BTC,1583250400929,2020-03-03T15:46:40.929Z,sell,9.5e-07,3999.0,0.00379905
TCT/BTC,1583250428980,2020-03-03T15:47:08.980Z,buy,9.6e-07,52083.0,0.04999968
TCT/BTC,1583250531109,2020-03-03T15:48:51.109Z,sell,9.5e-07,99869.0,0.09487555
TCT/BTC,1583250923631,2020-03-03T15:55:23.631Z,sell,9.5e-07,3654.0,0.0034713
TCT/BTC,1583251155523,2020-03-03T15:59:15.523Z,sell,9.5e-07,21353.0,0.02028535
TCT/BTC,1583251227922,2020-03-03T16:00:27.922Z,sell,9.5e-07,4009.0,0.00380855
TCT/BTC,1583251246515,2020-03-03T16:00:46.515Z,sell,9.5e-07,76500.0,0.072675
TCT/BTC,1583251263146,2020-03-03T16:01:03.146Z,buy,9.6e-07,42450.0,0.040752
TCT/BTC,1583251719119,2020-03-03T16:08:39.119Z,sell,9.5e-07,52030.0,0.0494285
TCT/BTC,1583252154262,2020-03-03T16:15:54.262Z,buy,9.6e-07,4396.0,0.00422016
TCT/BTC,1583252154262,2020-03-03T16:15:54.262Z,buy,9.6e-07,4396.0,0.00422016
TCT/BTC,1583252496726,2020-03-03T16:21:36.726Z,buy,9.6e-07,2881.0,0.00276576
TCT/BTC,1583252497932,2020-03-03T16:21:37.932Z,buy,9.6e-07,2000.0,0.0019199999999999
TCT/BTC,1583252532859,2020-03-03T16:22:12.859Z,sell,9.5e-07,10000.0,0.0095
TCT/BTC,1583252913026,2020-03-03T16:28:33.026Z,sell,9.5e-07,13346.0,0.0126787
TCT/BTC,1583253390275,2020-03-03T16:36:30.275Z,sell,9.5e-07,163921.0,0.15572495
TCT/BTC,1583253390387,2020-03-03T16:36:30.387Z,buy,9.5e-07,7150.0,0.0067925
TCT/BTC,1583253930924,2020-03-03T16:45:30.924Z,buy,9.5e-07,1476.0,0.0014022
TCT/BTC,1583253930929,2020-03-03T16:45:30.929Z,buy,9.5e-07,8484.0,0.0080598
TCT/BTC,1583254150292,2020-03-03T16:49:10.292Z,sell,9.4e-07,70599.0,0.06636306
TCT/BTC,1583254204627,2020-03-03T16:50:04.627Z,sell,9.4e-07,5915.0,0.0055601
TCT/BTC,1583254662846,2020-03-03T16:57:42.846Z,buy,9.5e-07,34.0,3.23e-05
TCT/BTC,1583254662846,2020-03-03T16:57:42.846Z,buy,9.5e-07,34.0,3.23e-05
TCT/BTC,1583255767742,2020-03-03T17:16:07.742Z,sell,9.4e-07,105898.0,0.09954412
TCT/BTC,1583257091436,2020-03-03T17:38:11.436Z,sell,9.4e-07,2126.0,0.00199844
TCT/BTC,1583257091436,2020-03-03T17:38:11.436Z,sell,9.3e-07,220972.0,0.2055039599999999
TCT/BTC,1583257541741,2020-03-03T17:45:41.741Z,buy,9.4e-07,12418.0,0.01167292
TCT/BTC,1583257553133,2020-03-03T17:45:53.133Z,buy,9.4e-07,45923.0,0.04316762
TCT/BTC,1583257553133,2020-03-03T17:45:53.133Z,buy,9.4e-07,45923.0,0.04316762
TCT/BTC,1583259442974,2020-03-03T18:17:22.974Z,sell,9.3e-07,8474.0,0.00788082
TCT/BTC,1583260814217,2020-03-03T18:40:14.217Z,buy,9.4e-07,5041.0,0.00473854
TCT/BTC,1583260814217,2020-03-03T18:40:14.217Z,buy,9.4e-07,5041.0,0.00473854
TCT/BTC,1583262930129,2020-03-03T19:15:30.129Z,sell,9.3e-07,493.0,0.00045849
TCT/BTC,1583264210418,2020-03-03T19:36:50.418Z,buy,9.5e-07,177285.0,0.16842075
TCT/BTC,1583264212873,2020-03-03T19:36:52.873Z,sell,9.5e-07,1063.0,0.00100985
TCT/BTC,1583264230057,2020-03-03T19:37:10.057Z,sell,9.5e-07,1060.0,0.001007
TCT/BTC,1583264237530,2020-03-03T19:37:17.530Z,sell,9.5e-07,4850.0,0.0046075
TCT/BTC,1583264348522,2020-03-03T19:39:08.522Z,sell,9.5e-07,107.0,0.00010165
TCT/BTC,1583264365389,2020-03-03T19:39:25.389Z,buy,9.6e-07,61092.0,0.05864832
TCT/BTC,1583264365389,2020-03-03T19:39:25.389Z,buy,9.6e-07,61092.0,0.05864832
TCT/BTC,1583264419424,2020-03-03T19:40:19.424Z,buy,9.6e-07,500.0,0.0004799999999999
TCT/BTC,1583264472879,2020-03-03T19:41:12.879Z,buy,9.6e-07,1000.0,0.0009599999999999
TCT/BTC,1583264559251,2020-03-03T19:42:39.251Z,buy,9.6e-07,5000.0,0.0048
TCT/BTC,1583264698625,2020-03-03T19:44:58.625Z,buy,9.6e-07,3000.0,0.0028799999999999
TCT/BTC,1583264958008,2020-03-03T19:49:18.008Z,buy,9.6e-07,496228.0,0.4763788799999999
TCT/BTC,1583264962390,2020-03-03T19:49:22.390Z,buy,9.6e-07,125.0,0.0001199999999999
TCT/BTC,1583265135478,2020-03-03T19:52:15.478Z,buy,9.6e-07,36.0,3.4559999999999994e-05
TCT/BTC,1583265743610,2020-03-03T20:02:23.610Z,sell,9.5e-07,15132.0,0.0143754
TCT/BTC,1583265743795,2020-03-03T20:02:23.795Z,sell,9.5e-07,1529.0,0.00145255
TCT/BTC,1583265744449,2020-03-03T20:02:24.449Z,sell,9.5e-07,766.0,0.0007277
TCT/BTC,1583265766123,2020-03-03T20:02:46.123Z,sell,9.5e-07,448.0,0.0004256
TCT/BTC,1583265871990,2020-03-03T20:04:31.990Z,sell,9.5e-07,396.0,0.0003762
TCT/BTC,1583266544567,2020-03-03T20:15:44.567Z,buy,9.6e-07,1040.0,0.0009984
TCT/BTC,1583266544567,2020-03-03T20:15:44.567Z,buy,9.6e-07,1040.0,0.0009984
TCT/BTC,1583268800903,2020-03-03T20:53:20.903Z,sell,9.5e-07,4914.0,0.0046683
TCT/BTC,1583269352763,2020-03-03T21:02:32.763Z,sell,9.5e-07,52791.0,0.05015145
TCT/BTC,1583269352763,2020-03-03T21:02:32.763Z,sell,9.4e-07,97209.0,0.09137646
TCT/BTC,1583269352791,2020-03-03T21:02:32.791Z,sell,9.4e-07,1767.0,0.00166098
TCT/BTC,1583269362900,2020-03-03T21:02:42.900Z,sell,9.4e-07,1901.0,0.00178694
TCT/BTC,1583269362904,2020-03-03T21:02:42.904Z,sell,9.4e-07,441.0,0.00041454
TCT/BTC,1583269825039,2020-03-03T21:10:25.039Z,sell,9.4e-07,441.0,0.00041454
TCT/BTC,1583269825039,2020-03-03T21:10:25.039Z,sell,9.4e-07,441.0,0.00041454
TCT/BTC,1583272771183,2020-03-03T21:59:31.183Z,sell,9.4e-07,1730.0,0.0016262
TCT/BTC,1583272771183,2020-03-03T21:59:31.183Z,sell,9.4e-07,1730.0,0.0016262
TCT/BTC,1583276022240,2020-03-03T22:53:42.240Z,sell,9.4e-07,39419.0,0.03705386
TCT/BTC,1583276370064,2020-03-03T22:59:30.064Z,buy,9.4e-07,11979.0,0.01126026
TCT/BTC,1583276370064,2020-03-03T22:59:30.064Z,buy,9.4e-07,11979.0,0.01126026
TCT/BTC,1583278339370,2020-03-03T23:32:19.370Z,buy,9.4e-07,40.0,3.76e-05
TCT/BTC,1583278339370,2020-03-03T23:32:19.370Z,buy,9.5e-07,75.0,7.125e-05
TCT/BTC,1583279389466,2020-03-03T23:49:49.466Z,sell,9.4e-07,115.0,0.0001081
TCT/BTC,1583279389466,2020-03-03T23:49:49.466Z,sell,9.4e-07,115.0,0.0001081
TCT/BTC,1583281147793,2020-03-04T00:19:07.793Z,sell,9.4e-07,374.0,0.00035156
TCT/BTC,1583282296691,2020-03-04T00:38:16.691Z,buy,9.4e-07,38.0,3.572e-05
TCT/BTC,1583282296691,2020-03-04T00:38:16.691Z,buy,9.4e-07,38.0,3.572e-05
TCT/BTC,1583283540265,2020-03-04T00:59:00.265Z,sell,9.4e-07,45631.0,0.04289314
TCT/BTC,1583283728391,2020-03-04T01:02:08.391Z,sell,9.4e-07,374.0,0.00035156
TCT/BTC,1583283730490,2020-03-04T01:02:10.490Z,sell,9.4e-07,1144.0,0.00107536
TCT/BTC,1583283747415,2020-03-04T01:02:27.415Z,buy,9.5e-07,308.0,0.0002926
TCT/BTC,1583283747922,2020-03-04T01:02:27.922Z,sell,9.4e-07,7373.0,0.00693062
TCT/BTC,1583284112559,2020-03-04T01:08:32.559Z,sell,9.4e-07,3159.0,0.00296946
TCT/BTC,1583284112589,2020-03-04T01:08:32.589Z,sell,9.4e-07,3159.0,0.00296946
TCT/BTC,1583284112609,2020-03-04T01:08:32.609Z,sell,9.4e-07,3159.0,0.00296946
TCT/BTC,1583284112640,2020-03-04T01:08:32.640Z,sell,9.4e-07,3159.0,0.00296946
TCT/BTC,1583284112671,2020-03-04T01:08:32.671Z,sell,9.4e-07,3159.0,0.00296946
TCT/BTC,1583284112699,2020-03-04T01:08:32.699Z,sell,9.4e-07,3159.0,0.00296946
TCT/BTC,1583284112952,2020-03-04T01:08:32.952Z,sell,9.4e-07,3159.0,0.00296946
TCT/BTC,1583284113008,2020-03-04T01:08:33.008Z,sell,9.4e-07,3159.0,0.00296946
TCT/BTC,1583284113048,2020-03-04T01:08:33.048Z,sell,9.4e-07,3159.0,0.00296946
TCT/BTC,1583284113388,2020-03-04T01:08:33.388Z,sell,9.4e-07,3159.0,0.00296946
TCT/BTC,1583284113485,2020-03-04T01:08:33.485Z,sell,9.4e-07,2794.0,0.00262636
TCT/BTC,1583284261228,2020-03-04T01:11:01.228Z,sell,9.4e-07,1053.0,0.00098982
TCT/BTC,1583284261474,2020-03-04T01:11:01.474Z,sell,9.4e-07,1053.0,0.00098982
TCT/BTC,1583284264075,2020-03-04T01:11:04.075Z,sell,9.4e-07,1053.0,0.00098982
TCT/BTC,1583284264139,2020-03-04T01:11:04.139Z,sell,9.4e-07,1053.0,0.00098982
TCT/BTC,1583284264334,2020-03-04T01:11:04.334Z,sell,9.4e-07,1053.0,0.00098982
TCT/BTC,1583284268027,2020-03-04T01:11:08.027Z,sell,9.4e-07,1053.0,0.00098982
TCT/BTC,1583284268464,2020-03-04T01:11:08.464Z,sell,9.4e-07,1053.0,0.00098982
TCT/BTC,1583284273663,2020-03-04T01:11:13.663Z,sell,9.4e-07,1053.0,0.00098982
TCT/BTC,1583284690012,2020-03-04T01:18:10.012Z,sell,9.4e-07,1293.0,0.00121542
TCT/BTC,1583284785518,2020-03-04T01:19:45.518Z,sell,9.4e-07,1053.0,0.00098982
TCT/BTC,1583284786236,2020-03-04T01:19:46.236Z,sell,9.4e-07,1053.0,0.00098982
TCT/BTC,1583284786401,2020-03-04T01:19:46.401Z,sell,9.4e-07,1053.0,0.00098982
TCT/BTC,1583284786439,2020-03-04T01:19:46.439Z,sell,9.4e-07,1053.0,0.00098982
TCT/BTC,1583284786472,2020-03-04T01:19:46.472Z,sell,9.4e-07,1053.0,0.00098982
TCT/BTC,1583284786505,2020-03-04T01:19:46.505Z,sell,9.4e-07,1053.0,0.00098982
TCT/BTC,1583284786554,2020-03-04T01:19:46.554Z,sell,9.4e-07,1053.0,0.00098982
TCT/BTC,1583284792497,2020-03-04T01:19:52.497Z,sell,9.4e-07,1053.0,0.00098982
TCT/BTC,1583284792880,2020-03-04T01:19:52.880Z,sell,9.4e-07,1053.0,0.00098982
TCT/BTC,1583285498409,2020-03-04T01:31:38.409Z,sell,9.4e-07,336.0,0.00031584
TCT/BTC,1583285498409,2020-03-04T01:31:38.409Z,sell,9.4e-07,336.0,0.00031584
TCT/BTC,1583286011617,2020-03-04T01:40:11.617Z,sell,9.4e-07,1564.0,0.00147016
TCT/BTC,1583286011617,2020-03-04T01:40:11.617Z,sell,9.4e-07,1564.0,0.00147016
TCT/BTC,1583291723606,2020-03-04T03:15:23.606Z,buy,9.5e-07,1150.0,0.0010925
TCT/BTC,1583291723606,2020-03-04T03:15:23.606Z,buy,9.5e-07,1150.0,0.0010925
TCT/BTC,1583298183227,2020-03-04T05:03:03.227Z,buy,9.5e-07,44404.0,0.0421838
TCT/BTC,1583298183312,2020-03-04T05:03:03.312Z,sell,9.5e-07,3677.0,0.00349315
TCT/BTC,1583298183312,2020-03-04T05:03:03.312Z,sell,9.5e-07,3677.0,0.00349315
TCT/BTC,1583301009887,2020-03-04T05:50:09.887Z,sell,9.4e-07,1000.0,0.00094
TCT/BTC,1583301011386,2020-03-04T05:50:11.386Z,buy,9.5e-07,20950.0,0.0199025
TCT/BTC,1583301011446,2020-03-04T05:50:11.446Z,sell,9.5e-07,26935.0,0.02558825
TCT/BTC,1583301080437,2020-03-04T05:51:20.437Z,buy,9.6e-07,3708.0,0.0035596799999999
TCT/BTC,1583301781001,2020-03-04T06:03:01.001Z,buy,9.5e-07,3656.0,0.0034732
TCT/BTC,1583301781001,2020-03-04T06:03:01.001Z,buy,9.6e-07,558534.0,0.53619264
TCT/BTC,1583301781014,2020-03-04T06:03:01.014Z,sell,9.6e-07,7174.0,0.00688704
TCT/BTC,1583301781018,2020-03-04T06:03:01.018Z,sell,9.6e-07,82288.0,0.07899648
TCT/BTC,1583301781018,2020-03-04T06:03:01.018Z,sell,9.6e-07,82288.0,0.07899648
TCT/BTC,1583301783692,2020-03-04T06:03:03.692Z,sell,9.6e-07,16317.0,0.01566432
TCT/BTC,1583301784124,2020-03-04T06:03:04.124Z,sell,9.6e-07,28414.0,0.0272774399999999
TCT/BTC,1583301784394,2020-03-04T06:03:04.394Z,sell,9.6e-07,7424.0,0.0071270399999999
TCT/BTC,1583301784396,2020-03-04T06:03:04.396Z,sell,9.6e-07,26124.0,0.0250790399999999
TCT/BTC,1583301784870,2020-03-04T06:03:04.870Z,buy,9.6e-07,520.0,0.0004992
TCT/BTC,1583301788420,2020-03-04T06:03:08.420Z,sell,9.6e-07,6904.0,0.0066278399999999
TCT/BTC,1583301788494,2020-03-04T06:03:08.494Z,sell,9.6e-07,21052.0,0.02020992
TCT/BTC,1583301790616,2020-03-04T06:03:10.616Z,sell,9.6e-07,7241.0,0.0069513599999999
TCT/BTC,1583302469688,2020-03-04T06:14:29.688Z,sell,9.5e-07,38634.0,0.0367023
TCT/BTC,1583302509095,2020-03-04T06:15:09.095Z,buy,9.5e-07,106.0,0.0001007
TCT/BTC,1583302520823,2020-03-04T06:15:20.823Z,buy,9.5e-07,210.0,0.0001995
TCT/BTC,1583302565574,2020-03-04T06:16:05.574Z,sell,9.4e-07,52949.0,0.04977206
TCT/BTC,1583302565760,2020-03-04T06:16:05.760Z,sell,9.4e-07,436.0,0.00040984
TCT/BTC,1583303001843,2020-03-04T06:23:21.843Z,buy,9.5e-07,30914.0,0.0293683
TCT/BTC,1583303002999,2020-03-04T06:23:22.999Z,buy,9.5e-07,57971.0,0.05507245
TCT/BTC,1583303003000,2020-03-04T06:23:23.000Z,buy,9.5e-07,38704.0,0.0367688
TCT/BTC,1583303987931,2020-03-04T06:39:47.931Z,sell,9.4e-07,750.0,0.000705
TCT/BTC,1583304374412,2020-03-04T06:46:14.412Z,buy,9.5e-07,393.0,0.00037335
TCT/BTC,1583304374586,2020-03-04T06:46:14.586Z,sell,9.5e-07,350.0,0.0003325
TCT/BTC,1583304467561,2020-03-04T06:47:47.561Z,buy,9.6e-07,106.0,0.0001017599999999
TCT/BTC,1583305064388,2020-03-04T06:57:44.388Z,sell,9.5e-07,9679.0,0.00919505
TCT/BTC,1583305064388,2020-03-04T06:57:44.388Z,sell,9.5e-07,9679.0,0.00919505
TCT/BTC,1583305802382,2020-03-04T07:10:02.382Z,sell,9.5e-07,16232.0,0.0154204
TCT/BTC,1583305925272,2020-03-04T07:12:05.272Z,sell,9.5e-07,121023.0,0.11497185
TCT/BTC,1583307891080,2020-03-04T07:44:51.080Z,sell,9.4e-07,43753.0,0.04112782
TCT/BTC,1583307891080,2020-03-04T07:44:51.080Z,sell,9.4e-07,1110.0,0.0010434
TCT/BTC,1583307891197,2020-03-04T07:44:51.197Z,sell,9.4e-07,51196.0,0.04812424
TCT/BTC,1583307891301,2020-03-04T07:44:51.301Z,sell,9.4e-07,48157.0,0.04526758
TCT/BTC,1583307891408,2020-03-04T07:44:51.408Z,sell,9.4e-07,53324.0,0.05012456
TCT/BTC,1583307891518,2020-03-04T07:44:51.518Z,sell,9.4e-07,55258.0,0.05194252
TCT/BTC,1583307891612,2020-03-04T07:44:51.612Z,sell,9.4e-07,37685.0,0.0354239
TCT/BTC,1583307920554,2020-03-04T07:45:20.554Z,sell,9.4e-07,119.0,0.00011186
TCT/BTC,1583307969086,2020-03-04T07:46:09.086Z,buy,9.4e-07,107.0,0.00010058
TCT/BTC,1583307969345,2020-03-04T07:46:09.345Z,buy,9.4e-07,1000.0,0.00094
TCT/BTC,1583308162615,2020-03-04T07:49:22.615Z,buy,9.4e-07,6300.0,0.005922
TCT/BTC,1583308162615,2020-03-04T07:49:22.615Z,buy,9.4e-07,6300.0,0.005922
TCT/BTC,1583310650902,2020-03-04T08:30:50.902Z,buy,9.5e-07,34128.0,0.0324216
TCT/BTC,1583310650910,2020-03-04T08:30:50.910Z,sell,9.5e-07,18200.0,0.01729
TCT/BTC,1583310655738,2020-03-04T08:30:55.738Z,buy,9.5e-07,6428.0,0.0061066
TCT/BTC,1583310655751,2020-03-04T08:30:55.751Z,sell,9.5e-07,22858.0,0.0217151
TCT/BTC,1583310655755,2020-03-04T08:30:55.755Z,sell,9.5e-07,5874.0,0.0055803
TCT/BTC,1583310669091,2020-03-04T08:31:09.091Z,sell,9.5e-07,107.0,0.00010165
TCT/BTC,1583311074290,2020-03-04T08:37:54.290Z,sell,9.5e-07,315.0,0.00029925
TCT/BTC,1583311287185,2020-03-04T08:41:27.185Z,sell,9.5e-07,1976.0,0.0018772
TCT/BTC,1583311350518,2020-03-04T08:42:30.518Z,sell,9.5e-07,1974.0,0.0018753
TCT/BTC,1583311614655,2020-03-04T08:46:54.655Z,sell,9.5e-07,1972.0,0.0018734
TCT/BTC,1583311614655,2020-03-04T08:46:54.655Z,sell,9.5e-07,1972.0,0.0018734
TCT/BTC,1583311906007,2020-03-04T08:51:46.007Z,sell,9.5e-07,123414.0,0.1172433
TCT/BTC,1583311906007,2020-03-04T08:51:46.007Z,sell,9.5e-07,123414.0,0.1172433
TCT/BTC,1583321421349,2020-03-04T11:30:21.349Z,buy,9.5e-07,119.0,0.00011305
TCT/BTC,1583321432984,2020-03-04T11:30:32.984Z,buy,9.5e-07,8391.0,0.00797145
TCT/BTC,1583321432984,2020-03-04T11:30:32.984Z,buy,9.5e-07,8391.0,0.00797145
TCT/BTC,1583321688603,2020-03-04T11:34:48.603Z,buy,9.6e-07,106.0,0.0001017599999999
TCT/BTC,1583322624399,2020-03-04T11:50:24.399Z,sell,9.5e-07,51541.0,0.04896395
TCT/BTC,1583322927108,2020-03-04T11:55:27.108Z,sell,9.5e-07,9667.0,0.00918365
TCT/BTC,1583323084889,2020-03-04T11:58:04.889Z,sell,9.5e-07,212.0,0.0002014
TCT/BTC,1583323368645,2020-03-04T12:02:48.645Z,buy,9.6e-07,789419.0,0.7578422399999999
TCT/BTC,1583323376525,2020-03-04T12:02:56.525Z,sell,9.6e-07,3000.0,0.0028799999999999
TCT/BTC,1583323412726,2020-03-04T12:03:32.726Z,buy,9.7e-07,294539.0,0.28570283
TCT/BTC,1583323412736,2020-03-04T12:03:32.736Z,sell,9.7e-07,1473.0,0.00142881
TCT/BTC,1583323412741,2020-03-04T12:03:32.741Z,sell,9.7e-07,1473.0,0.00142881
TCT/BTC,1583323412886,2020-03-04T12:03:32.886Z,sell,9.7e-07,51973.0,0.05041381
TCT/BTC,1583323413016,2020-03-04T12:03:33.016Z,sell,9.7e-07,48742.0,0.04727974
TCT/BTC,1583323413095,2020-03-04T12:03:33.095Z,sell,9.7e-07,23077.0,0.02238469
TCT/BTC,1583323413195,2020-03-04T12:03:33.195Z,sell,9.7e-07,53335.0,0.05173495
TCT/BTC,1583323413292,2020-03-04T12:03:33.292Z,sell,9.7e-07,32340.0,0.0313698
TCT/BTC,1583323413518,2020-03-04T12:03:33.518Z,sell,9.7e-07,48331.0,0.04688107
TCT/BTC,1583323413631,2020-03-04T12:03:33.631Z,sell,9.7e-07,24281.0,0.02355257
TCT/BTC,1583323413943,2020-03-04T12:03:33.943Z,sell,9.7e-07,52302.0,0.05073294
TCT/BTC,1583323414068,2020-03-04T12:03:34.068Z,sell,9.7e-07,7707.0,0.00747579
TCT/BTC,1583323417520,2020-03-04T12:03:37.520Z,buy,9.8e-07,205.0,0.0002008999999999
TCT/BTC,1583323454746,2020-03-04T12:04:14.746Z,sell,9.7e-07,2604.0,0.00252588
TCT/BTC,1583323470303,2020-03-04T12:04:30.303Z,sell,9.7e-07,125.0,0.00012125
TCT/BTC,1583323471596,2020-03-04T12:04:31.596Z,sell,9.7e-07,123.0,0.00011931
TCT/BTC,1583323473499,2020-03-04T12:04:33.499Z,sell,9.7e-07,520.0,0.0005044
TCT/BTC,1583323558671,2020-03-04T12:05:58.671Z,sell,9.7e-07,4015.0,0.00389455
TCT/BTC,1583323583807,2020-03-04T12:06:23.807Z,buy,9.8e-07,138177.0,0.1354134599999999
TCT/BTC,1583323583816,2020-03-04T12:06:23.816Z,sell,9.8e-07,100202.0,0.0981979599999999
TCT/BTC,1583323586239,2020-03-04T12:06:26.239Z,buy,9.8e-07,205.0,0.0002008999999999
TCT/BTC,1583323591123,2020-03-04T12:06:31.123Z,buy,9.8e-07,17611.0,0.0172587799999999
TCT/BTC,1583323591147,2020-03-04T12:06:31.147Z,sell,9.8e-07,32545.0,0.0318940999999999
TCT/BTC,1583323591150,2020-03-04T12:06:31.150Z,sell,9.8e-07,16834.0,0.01649732
TCT/BTC,1583323600083,2020-03-04T12:06:40.083Z,sell,9.8e-07,3912.0,0.00383376
TCT/BTC,1583323610561,2020-03-04T12:06:50.561Z,sell,9.8e-07,6000.0,0.00588
TCT/BTC,1583323611570,2020-03-04T12:06:51.570Z,sell,9.8e-07,3437.0,0.0033682599999999
TCT/BTC,1583323637911,2020-03-04T12:07:17.911Z,sell,9.8e-07,1975.0,0.0019355
TCT/BTC,1583323637914,2020-03-04T12:07:17.914Z,sell,9.8e-07,1975.0,0.0019355
TCT/BTC,1583323640566,2020-03-04T12:07:20.566Z,sell,9.8e-07,5954.0,0.0058349199999999
TCT/BTC,1583323642710,2020-03-04T12:07:22.710Z,sell,9.8e-07,13009.0,0.01274882
TCT/BTC,1583323644299,2020-03-04T12:07:24.299Z,sell,9.8e-07,926.0,0.0009074799999999
TCT/BTC,1583323721955,2020-03-04T12:08:41.955Z,sell,9.8e-07,16662.0,0.0163287599999999
TCT/BTC,1583323723024,2020-03-04T12:08:43.024Z,sell,9.7e-07,14292.0,0.01386324
TCT/BTC,1583323731540,2020-03-04T12:08:51.540Z,buy,9.8e-07,50505.0,0.0494948999999999
TCT/BTC,1583323740641,2020-03-04T12:09:00.641Z,buy,9.8e-07,11224.0,0.0109995199999999
TCT/BTC,1583323812301,2020-03-04T12:10:12.301Z,buy,9.8e-07,73713.0,0.07223874
TCT/BTC,1583324058810,2020-03-04T12:14:18.810Z,buy,9.8e-07,104.0,0.00010192
TCT/BTC,1583324263967,2020-03-04T12:17:43.967Z,buy,9.9e-07,59877.0,0.05927823
TCT/BTC,1583324662950,2020-03-04T12:24:22.950Z,buy,9.9e-07,222638.0,0.22041162
TCT/BTC,1583324662962,2020-03-04T12:24:22.962Z,sell,9.9e-07,16834.0,0.01666566
TCT/BTC,1583324662967,2020-03-04T12:24:22.967Z,sell,9.9e-07,3609.0,0.00357291
TCT/BTC,1583324683577,2020-03-04T12:24:43.577Z,sell,9.9e-07,466.0,0.00046134
TCT/BTC,1583324700501,2020-03-04T12:25:00.501Z,sell,9.9e-07,391.0,0.00038709
TCT/BTC,1583324753629,2020-03-04T12:25:53.629Z,sell,9.9e-07,5800.0,0.005742
TCT/BTC,1583324753629,2020-03-04T12:25:53.629Z,sell,9.9e-07,5800.0,0.005742
TCT/BTC,1583325064824,2020-03-04T12:31:04.824Z,sell,9.9e-07,11721.0,0.01160379
TCT/BTC,1583325070095,2020-03-04T12:31:10.095Z,sell,9.9e-07,3871.0,0.00383229
TCT/BTC,1583325070099,2020-03-04T12:31:10.099Z,sell,9.9e-07,1377.0,0.00136323
TCT/BTC,1583325281330,2020-03-04T12:34:41.330Z,sell,9.9e-07,6092.0,0.00603108
TCT/BTC,1583325327698,2020-03-04T12:35:27.698Z,sell,9.9e-07,104.0,0.00010296
TCT/BTC,1583325332168,2020-03-04T12:35:32.168Z,sell,9.9e-07,5760.0,0.0057024
TCT/BTC,1583325445453,2020-03-04T12:37:25.453Z,buy,1e-06,2788.0,0.0027879999999999
TCT/BTC,1583325612827,2020-03-04T12:40:12.827Z,buy,1e-06,6109.0,0.006109
TCT/BTC,1583325730467,2020-03-04T12:42:10.467Z,sell,9.9e-07,5535.0,0.00547965
TCT/BTC,1583325730467,2020-03-04T12:42:10.467Z,sell,9.9e-07,3180.0,0.0031482
TCT/BTC,1583325730467,2020-03-04T12:42:10.467Z,sell,9.9e-07,1038.0,0.00102762
TCT/BTC,1583325735883,2020-03-04T12:42:15.883Z,sell,9.9e-07,11231.0,0.01111869
TCT/BTC,1583325741217,2020-03-04T12:42:21.217Z,sell,9.9e-07,5870.0,0.0058113
TCT/BTC,1583325757797,2020-03-04T12:42:37.797Z,sell,9.9e-07,9690.0,0.0095931
TCT/BTC,1583325947508,2020-03-04T12:45:47.508Z,buy,1e-06,138844.0,0.138844
TCT/BTC,1583325947518,2020-03-04T12:45:47.518Z,sell,1e-06,17332.0,0.017332
TCT/BTC,1583325952593,2020-03-04T12:45:52.593Z,buy,1e-06,200.0,0.0001999999999999
TCT/BTC,1583325959194,2020-03-04T12:45:59.194Z,buy,1e-06,1964.0,0.001964
TCT/BTC,1583325984602,2020-03-04T12:46:24.602Z,sell,1e-06,2525.0,0.002525
TCT/BTC,1583325986350,2020-03-04T12:46:26.350Z,buy,1.01e-06,562.0,0.00056762
TCT/BTC,1583326001617,2020-03-04T12:46:41.617Z,sell,1e-06,2517.0,0.0025169999999999
TCT/BTC,1583326001617,2020-03-04T12:46:41.617Z,sell,1e-06,6609.0,0.0066089999999999
TCT/BTC,1583326036729,2020-03-04T12:47:16.729Z,sell,1e-06,49499.0,0.0494989999999999
TCT/BTC,1583326049390,2020-03-04T12:47:29.390Z,sell,9.9e-07,10638.0,0.01053162
TCT/BTC,1583326148170,2020-03-04T12:49:08.170Z,buy,1e-06,66724.0,0.0667239999999999
TCT/BTC,1583326233126,2020-03-04T12:50:33.126Z,sell,1e-06,6750.0,0.00675
TCT/BTC,1583326411791,2020-03-04T12:53:31.791Z,sell,1e-06,1132.0,0.001132
TCT/BTC,1583326421021,2020-03-04T12:53:41.021Z,sell,1e-06,1062.0,0.001062
TCT/BTC,1583326642548,2020-03-04T12:57:22.548Z,buy,1.01e-06,32986.0,0.03331586
TCT/BTC,1583326680544,2020-03-04T12:58:00.544Z,buy,1.01e-06,116934.0,0.11810334
TCT/BTC,1583326767201,2020-03-04T12:59:27.201Z,sell,1e-06,41191.0,0.041191
TCT/BTC,1583326767407,2020-03-04T12:59:27.407Z,sell,1e-06,338.0,0.000338
TCT/BTC,1583326767413,2020-03-04T12:59:27.413Z,sell,1e-06,402.0,0.0004019999999999
TCT/BTC,1583326773438,2020-03-04T12:59:33.438Z,sell,1e-06,10505.0,0.0105049999999999
TCT/BTC,1583326801373,2020-03-04T13:00:01.373Z,sell,1e-06,60000.0,0.06
TCT/BTC,1583326801379,2020-03-04T13:00:01.379Z,sell,1e-06,16834.0,0.016834
TCT/BTC,1583326875222,2020-03-04T13:01:15.222Z,buy,1.01e-06,6603.0,0.00666903
TCT/BTC,1583326972561,2020-03-04T13:02:52.561Z,sell,1e-06,10251.0,0.010251
TCT/BTC,1583327202415,2020-03-04T13:06:42.415Z,sell,9.9e-07,10416.0,0.01031184
TCT/BTC,1583327202963,2020-03-04T13:06:42.963Z,sell,9.9e-07,10638.0,0.01053162
TCT/BTC,1583327327419,2020-03-04T13:08:47.419Z,sell,9.9e-07,3515.0,0.00347985
TCT/BTC,1583327811299,2020-03-04T13:16:51.299Z,buy,1e-06,15426.0,0.0154259999999999
TCT/BTC,1583327816918,2020-03-04T13:16:56.918Z,buy,1.01e-06,1587.0,0.00160287
TCT/BTC,1583327818095,2020-03-04T13:16:58.095Z,buy,1e-06,4135.0,0.004135
TCT/BTC,1583327820349,2020-03-04T13:17:00.349Z,sell,1e-06,1773.0,0.0017729999999999
TCT/BTC,1583327825554,2020-03-04T13:17:05.554Z,buy,1.01e-06,158.0,0.00015958
TCT/BTC,1583327825554,2020-03-04T13:17:05.554Z,buy,1.01e-06,158.0,0.00015958
TCT/BTC,1583328359944,2020-03-04T13:25:59.944Z,sell,1e-06,1250.0,0.00125
TCT/BTC,1583328598971,2020-03-04T13:29:58.971Z,sell,1e-06,24752.0,0.024752
TCT/BTC,1583328855590,2020-03-04T13:34:15.590Z,buy,1.01e-06,6308.0,0.00637108
TCT/BTC,1583328855592,2020-03-04T13:34:15.592Z,buy,1.01e-06,18352.0,0.01853552
TCT/BTC,1583328864926,2020-03-04T13:34:24.926Z,sell,1e-06,13097.0,0.013097
TCT/BTC,1583328875117,2020-03-04T13:34:35.117Z,sell,1e-06,313.0,0.0003129999999999
TCT/BTC,1583328875998,2020-03-04T13:34:35.998Z,sell,1e-06,423.0,0.000423
TCT/BTC,1583329065649,2020-03-04T13:37:45.649Z,buy,1.01e-06,166977.0,0.16864677
TCT/BTC,1583329298417,2020-03-04T13:41:38.417Z,buy,1.01e-06,19292.0,0.01948492
TCT/BTC,1583329301035,2020-03-04T13:41:41.035Z,buy,1.01e-06,7684.0,0.00776084
TCT/BTC,1583329303521,2020-03-04T13:41:43.521Z,buy,1.01e-06,20000.0,0.0202
TCT/BTC,1583329341102,2020-03-04T13:42:21.102Z,buy,1.01e-06,36617.0,0.03698317
TCT/BTC,1583329341649,2020-03-04T13:42:21.649Z,sell,1.01e-06,6198.0,0.00625998
TCT/BTC,1583329342776,2020-03-04T13:42:22.776Z,sell,1.01e-06,2000.0,0.00202
TCT/BTC,1583329345437,2020-03-04T13:42:25.437Z,sell,1.01e-06,2049.0,0.00206949
TCT/BTC,1583329360455,2020-03-04T13:42:40.455Z,buy,1.02e-06,202310.0,0.2063562
TCT/BTC,1583329362607,2020-03-04T13:42:42.607Z,buy,1.02e-06,197.0,0.0002009399999999
TCT/BTC,1583329385057,2020-03-04T13:43:05.057Z,buy,1.02e-06,362.0,0.00036924
TCT/BTC,1583329441766,2020-03-04T13:44:01.766Z,buy,1.02e-06,5930.0,0.0060485999999999
TCT/BTC,1583329445800,2020-03-04T13:44:05.800Z,buy,1.02e-06,8238.0,0.00840276
TCT/BTC,1583329445819,2020-03-04T13:44:05.819Z,sell,1.02e-06,27103.0,0.02764506
TCT/BTC,1583329479170,2020-03-04T13:44:39.170Z,sell,1.02e-06,6223.0,0.00634746
TCT/BTC,1583329512134,2020-03-04T13:45:12.134Z,sell,1.02e-06,35736.0,0.03645072
TCT/BTC,1583329537490,2020-03-04T13:45:37.490Z,sell,1.02e-06,60538.0,0.06174876
TCT/BTC,1583329537491,2020-03-04T13:45:37.491Z,sell,1.02e-06,16223.0,0.01654746
TCT/BTC,1583329537495,2020-03-04T13:45:37.495Z,sell,1.02e-06,10118.0,0.0103203599999999
TCT/BTC,1583329537500,2020-03-04T13:45:37.500Z,sell,1.02e-06,13280.0,0.0135456
TCT/BTC,1583329537538,2020-03-04T13:45:37.538Z,buy,1.02e-06,9584.0,0.00977568
TCT/BTC,1583329539124,2020-03-04T13:45:39.124Z,sell,1.01e-06,3976.0,0.00401576
TCT/BTC,1583329539670,2020-03-04T13:45:39.670Z,sell,1.01e-06,2639.0,0.00266539
TCT/BTC,1583329553237,2020-03-04T13:45:53.237Z,buy,1.02e-06,2533.0,0.0025836599999999
TCT/BTC,1583329555625,2020-03-04T13:45:55.625Z,sell,1.01e-06,3299.0,0.00333199
TCT/BTC,1583329555662,2020-03-04T13:45:55.662Z,sell,1.01e-06,4743.0,0.00479043
TCT/BTC,1583329589550,2020-03-04T13:46:29.550Z,buy,1.02e-06,54549.0,0.05563998
TCT/BTC,1583329589561,2020-03-04T13:46:29.561Z,sell,1.02e-06,27828.0,0.02838456
TCT/BTC,1583329589563,2020-03-04T13:46:29.563Z,sell,1.02e-06,60000.0,0.0612
TCT/BTC,1583329589563,2020-03-04T13:46:29.563Z,sell,1.02e-06,1012.0,0.00103224
TCT/BTC,1583329590164,2020-03-04T13:46:30.164Z,sell,1.02e-06,51612.0,0.05264424
TCT/BTC,1583329602599,2020-03-04T13:46:42.599Z,sell,1.02e-06,8073.0,0.0082344599999999
TCT/BTC,1583329609772,2020-03-04T13:46:49.772Z,sell,1.02e-06,7251.0,0.00739602
TCT/BTC,1583329627875,2020-03-04T13:47:07.875Z,sell,1.02e-06,6850.0,0.006987
TCT/BTC,1583329707111,2020-03-04T13:48:27.111Z,buy,1.03e-06,35618.0,0.03668654
TCT/BTC,1583329760432,2020-03-04T13:49:20.432Z,buy,1.03e-06,22037.0,0.02269811
TCT/BTC,1583329820169,2020-03-04T13:50:20.169Z,buy,1.03e-06,195.0,0.00020085
TCT/BTC,1583329886690,2020-03-04T13:51:26.690Z,sell,1.02e-06,1163.0,0.00118626
TCT/BTC,1583329959130,2020-03-04T13:52:39.130Z,sell,1.02e-06,426723.0,0.43525746
TCT/BTC,1583329959130,2020-03-04T13:52:39.130Z,sell,1.01e-06,406883.0,0.41095183
TCT/BTC,1583329959130,2020-03-04T13:52:39.130Z,sell,1e-06,359748.0,0.3597479999999999
TCT/BTC,1583329959142,2020-03-04T13:52:39.142Z,buy,1e-06,714645.0,0.714645
TCT/BTC,1583329959142,2020-03-04T13:52:39.142Z,buy,1e-06,1272.0,0.001272
TCT/BTC,1583329959204,2020-03-04T13:52:39.204Z,sell,1e-06,563.0,0.000563
TCT/BTC,1583329959209,2020-03-04T13:52:39.209Z,sell,1e-06,56188.0,0.0561879999999999
TCT/BTC,1583329959213,2020-03-04T13:52:39.213Z,sell,1e-06,4259.0,0.004259
TCT/BTC,1583329959214,2020-03-04T13:52:39.214Z,sell,1e-06,4697.0,0.004697
TCT/BTC,1583329959219,2020-03-04T13:52:39.219Z,sell,1e-06,3632.0,0.003632
TCT/BTC,1583329959219,2020-03-04T13:52:39.219Z,sell,9.9e-07,16895.0,0.01672605
TCT/BTC,1583329959219,2020-03-04T13:52:39.219Z,sell,9.9e-07,6688.0,0.00662112
TCT/BTC,1583329959219,2020-03-04T13:52:39.219Z,sell,9.9e-07,5373.0,0.00531927
TCT/BTC,1583329960770,2020-03-04T13:52:40.770Z,buy,1.01e-06,1500.0,0.001515
TCT/BTC,1583329971892,2020-03-04T13:52:51.892Z,sell,1e-06,9383.0,0.0093829999999999
TCT/BTC,1583329973997,2020-03-04T13:52:53.997Z,sell,1e-06,50505.0,0.0505049999999999
TCT/BTC,1583329999869,2020-03-04T13:53:19.869Z,sell,1e-06,21113.0,0.021113
TCT/BTC,1583330014939,2020-03-04T13:53:34.939Z,sell,1e-06,47468.0,0.0474679999999999
TCT/BTC,1583330026769,2020-03-04T13:53:46.769Z,sell,1e-06,3700.0,0.0036999999999999
TCT/BTC,1583330026769,2020-03-04T13:53:46.769Z,sell,9.9e-07,872.0,0.00086328
TCT/BTC,1583330026769,2020-03-04T13:53:46.769Z,sell,9.9e-07,931.0,0.00092169
TCT/BTC,1583330026769,2020-03-04T13:53:46.769Z,sell,9.9e-07,13376.0,0.01324224
TCT/BTC,1583330026769,2020-03-04T13:53:46.769Z,sell,9.9e-07,10741.0,0.01063359
TCT/BTC,1583330120632,2020-03-04T13:55:20.632Z,sell,9.9e-07,389.0,0.00038511
TCT/BTC,1583330120637,2020-03-04T13:55:20.637Z,sell,9.9e-07,346.0,0.00034254
TCT/BTC,1583330127857,2020-03-04T13:55:27.857Z,buy,1e-06,13339.0,0.013339
TCT/BTC,1583330272761,2020-03-04T13:57:52.761Z,sell,9.9e-07,100000.0,0.099
TCT/BTC,1583330272794,2020-03-04T13:57:52.794Z,buy,1e-06,38.0,3.8e-05
TCT/BTC,1583330302968,2020-03-04T13:58:22.968Z,sell,9.9e-07,153433.0,0.15189867
TCT/BTC,1583330306347,2020-03-04T13:58:26.347Z,buy,1e-06,442.0,0.0004419999999999
TCT/BTC,1583330353055,2020-03-04T13:59:13.055Z,sell,1e-06,2047.0,0.0020469999999999
TCT/BTC,1583330357131,2020-03-04T13:59:17.131Z,sell,1e-06,111.0,0.000111
TCT/BTC,1583330357131,2020-03-04T13:59:17.131Z,sell,1e-06,1133.0,0.001133
TCT/BTC,1583330365299,2020-03-04T13:59:25.299Z,sell,9.9e-07,1221.0,0.00120879
TCT/BTC,1583330365315,2020-03-04T13:59:25.315Z,sell,9.9e-07,1219.0,0.00120681
TCT/BTC,1583330398025,2020-03-04T13:59:58.025Z,sell,9.9e-07,414.0,0.00040986
TCT/BTC,1583330400940,2020-03-04T14:00:00.940Z,sell,9.9e-07,4101.0,0.00405999
TCT/BTC,1583330409412,2020-03-04T14:00:09.412Z,buy,1e-06,321.0,0.000321
TCT/BTC,1583330473691,2020-03-04T14:01:13.691Z,buy,1.01e-06,30.0,3.03e-05
TCT/BTC,1583330536099,2020-03-04T14:02:16.099Z,sell,1e-06,2957.0,0.002957
TCT/BTC,1583330537846,2020-03-04T14:02:17.846Z,buy,1.01e-06,100.0,0.000101
TCT/BTC,1583330622533,2020-03-04T14:03:42.533Z,buy,1.01e-06,58887.0,0.05947587
TCT/BTC,1583330893243,2020-03-04T14:08:13.243Z,buy,1.01e-06,20294.0,0.02049694
TCT/BTC,1583331141503,2020-03-04T14:12:21.503Z,sell,1e-06,31638.0,0.031638
TCT/BTC,1583331153798,2020-03-04T14:12:33.798Z,sell,1e-06,41817.0,0.041817
TCT/BTC,1583331153804,2020-03-04T14:12:33.804Z,buy,1.01e-06,28.0,2.828e-05
TCT/BTC,1583331155025,2020-03-04T14:12:35.025Z,buy,1.01e-06,98765.0,0.09975265
TCT/BTC,1583331155035,2020-03-04T14:12:35.035Z,sell,1.01e-06,258.0,0.00026058
TCT/BTC,1583331155039,2020-03-04T14:12:35.039Z,sell,1.01e-06,76001.0,0.07676101
TCT/BTC,1583331155044,2020-03-04T14:12:35.044Z,sell,1.01e-06,4854.0,0.00490254
TCT/BTC,1583331155138,2020-03-04T14:12:35.138Z,sell,1.01e-06,6654.0,0.00672054
TCT/BTC,1583331155185,2020-03-04T14:12:35.185Z,sell,1.01e-06,2049.0,0.00206949
TCT/BTC,1583331157054,2020-03-04T14:12:37.054Z,sell,1.01e-06,200.0,0.000202
TCT/BTC,1583331194785,2020-03-04T14:13:14.785Z,buy,1.02e-06,92150.0,0.093993
TCT/BTC,1583331194785,2020-03-04T14:13:14.785Z,buy,1.03e-06,121442.0,0.12508526
TCT/BTC,1583331218630,2020-03-04T14:13:38.630Z,sell,1.01e-06,1271.0,0.00128371
TCT/BTC,1583331254164,2020-03-04T14:14:14.164Z,buy,1.03e-06,37.0,3.8110000000000006e-05
TCT/BTC,1583331339315,2020-03-04T14:15:39.315Z,sell,1.02e-06,300.0,0.000306
TCT/BTC,1583331405086,2020-03-04T14:16:45.086Z,sell,1.02e-06,5205.0,0.0053091
TCT/BTC,1583331405086,2020-03-04T14:16:45.086Z,sell,1.01e-06,6019.0,0.00607919
TCT/BTC,1583331418670,2020-03-04T14:16:58.670Z,buy,1.02e-06,10679.0,0.0108925799999999
TCT/BTC,1583331418670,2020-03-04T14:16:58.670Z,buy,1.02e-06,10679.0,0.0108925799999999
TCT/BTC,1583331494079,2020-03-04T14:18:14.079Z,buy,1.02e-06,38407.0,0.03917514
TCT/BTC,1583331500770,2020-03-04T14:18:20.770Z,sell,1.02e-06,1222.0,0.00124644
TCT/BTC,1583331521659,2020-03-04T14:18:41.659Z,sell,1.02e-06,4750.0,0.0048449999999999
TCT/BTC,1583331565484,2020-03-04T14:19:25.484Z,sell,1.02e-06,6500.0,0.00663
TCT/BTC,1583332091620,2020-03-04T14:28:11.620Z,sell,1.02e-06,195881.0,0.1997986199999999
TCT/BTC,1583332095666,2020-03-04T14:28:15.666Z,sell,1.02e-06,954.0,0.00097308
TCT/BTC,1583332095684,2020-03-04T14:28:15.684Z,sell,1.01e-06,4784.0,0.00483184
TCT/BTC,1583332105837,2020-03-04T14:28:25.837Z,sell,1.01e-06,387.0,0.00039087
TCT/BTC,1583332105840,2020-03-04T14:28:25.840Z,sell,1.01e-06,431.0,0.00043531
TCT/BTC,1583332116981,2020-03-04T14:28:36.981Z,sell,1.01e-06,336.0,0.00033936
TCT/BTC,1583332118892,2020-03-04T14:28:38.892Z,buy,1.02e-06,33.0,3.366e-05
TCT/BTC,1583332147081,2020-03-04T14:29:07.081Z,buy,1.02e-06,36.0,3.672e-05
TCT/BTC,1583332182363,2020-03-04T14:29:42.363Z,buy,1.02e-06,33.0,3.366e-05
TCT/BTC,1583332205739,2020-03-04T14:30:05.739Z,buy,1.02e-06,34.0,3.468e-05
TCT/BTC,1583332236002,2020-03-04T14:30:36.002Z,buy,1.02e-06,29925.0,0.0305235
TCT/BTC,1583332238321,2020-03-04T14:30:38.321Z,buy,1.03e-06,30.0,3.0900000000000006e-05
TCT/BTC,1583332244079,2020-03-04T14:30:44.079Z,buy,1.03e-06,187.0,0.00019261
TCT/BTC,1583332252011,2020-03-04T14:30:52.011Z,buy,1.03e-06,29.0,2.9870000000000004e-05
TCT/BTC,1583332252894,2020-03-04T14:30:52.894Z,buy,1.03e-06,99.0,0.00010197
TCT/BTC,1583332256745,2020-03-04T14:30:56.745Z,sell,1.01e-06,134291.0,0.13563391
TCT/BTC,1583332257071,2020-03-04T14:30:57.071Z,sell,1.02e-06,197.0,0.0002009399999999
TCT/BTC,1583332257293,2020-03-04T14:30:57.293Z,sell,1.01e-06,396.0,0.00039996
TCT/BTC,1583332257547,2020-03-04T14:30:57.547Z,buy,1.02e-06,7110.0,0.0072521999999999
TCT/BTC,1583332258786,2020-03-04T14:30:58.786Z,buy,1.02e-06,2512.0,0.00256224
TCT/BTC,1583332259719,2020-03-04T14:30:59.719Z,buy,1.02e-06,5134.0,0.00523668
TCT/BTC,1583332262176,2020-03-04T14:31:02.176Z,buy,1.02e-06,2000.0,0.00204
TCT/BTC,1583332263572,2020-03-04T14:31:03.572Z,buy,1.02e-06,64314.0,0.06560028
TCT/BTC,1583332263645,2020-03-04T14:31:03.645Z,buy,1.02e-06,62548.0,0.06379896
TCT/BTC,1583332283240,2020-03-04T14:31:23.240Z,buy,1.02e-06,9333.0,0.00951966
TCT/BTC,1583332283571,2020-03-04T14:31:23.571Z,buy,1.02e-06,26111.0,0.02663322
TCT/BTC,1583332288301,2020-03-04T14:31:28.301Z,buy,1.02e-06,9810.0,0.0100062
TCT/BTC,1583332288689,2020-03-04T14:31:28.689Z,buy,1.02e-06,7864.0,0.00802128
TCT/BTC,1583332476156,2020-03-04T14:34:36.156Z,buy,1.02e-06,97148.0,0.0990909599999999
TCT/BTC,1583332487905,2020-03-04T14:34:47.905Z,sell,1.01e-06,17126.0,0.01729726
TCT/BTC,1583332528429,2020-03-04T14:35:28.429Z,buy,1.02e-06,978.0,0.00099756
TCT/BTC,1583332662491,2020-03-04T14:37:42.491Z,sell,1.01e-06,112725.0,0.11385225
TCT/BTC,1583332718054,2020-03-04T14:38:38.054Z,sell,1.01e-06,2719.0,0.00274619
TCT/BTC,1583332833718,2020-03-04T14:40:33.718Z,buy,1.02e-06,978.0,0.00099756
TCT/BTC,1583332842951,2020-03-04T14:40:42.951Z,buy,1.02e-06,149527.0,0.15251754
TCT/BTC,1583332849837,2020-03-04T14:40:49.837Z,buy,1.03e-06,1589.0,0.00163667
TCT/BTC,1583333442900,2020-03-04T14:50:42.900Z,sell,1.01e-06,22251.0,0.02247351
TCT/BTC,1583333444084,2020-03-04T14:50:44.084Z,buy,1.01e-06,2359.0,0.00238259
TCT/BTC,1583333444312,2020-03-04T14:50:44.312Z,buy,1.01e-06,3641.0,0.00367741
TCT/BTC,1583333446414,2020-03-04T14:50:46.414Z,buy,1.01e-06,28738.0,0.02902538
TCT/BTC,1583333446533,2020-03-04T14:50:46.533Z,buy,1.01e-06,53472.0,0.05400672
TCT/BTC,1583333446633,2020-03-04T14:50:46.633Z,buy,1.01e-06,2658.0,0.00268458
TCT/BTC,1583333446836,2020-03-04T14:50:46.836Z,buy,1.01e-06,47375.0,0.04784875
TCT/BTC,1583333446948,2020-03-04T14:50:46.948Z,buy,1.01e-06,8225.0,0.00830725
TCT/BTC,1583333447044,2020-03-04T14:50:47.044Z,buy,1.01e-06,4881.0,0.00492981
TCT/BTC,1583333447097,2020-03-04T14:50:47.097Z,buy,1.01e-06,33386.0,0.03371986
TCT/BTC,1583333691303,2020-03-04T14:54:51.303Z,buy,1.02e-06,32.0,3.264e-05
TCT/BTC,1583333724637,2020-03-04T14:55:24.637Z,buy,1.02e-06,36.0,3.672e-05
TCT/BTC,1583333724708,2020-03-04T14:55:24.708Z,sell,1.01e-06,134.0,0.00013534
TCT/BTC,1583333761000,2020-03-04T14:56:01.000Z,sell,1.01e-06,164.0,0.00016564
TCT/BTC,1583333761000,2020-03-04T14:56:01.000Z,sell,1e-06,156012.0,0.1560119999999999
TCT/BTC,1583333761815,2020-03-04T14:56:01.815Z,buy,1.01e-06,499.0,0.00050399
TCT/BTC,1583333761891,2020-03-04T14:56:01.891Z,buy,1.01e-06,1676.0,0.00169276
TCT/BTC,1583333947070,2020-03-04T14:59:07.070Z,buy,1.01e-06,26625.0,0.02689125
TCT/BTC,1583334062519,2020-03-04T15:01:02.519Z,buy,1.01e-06,2196.0,0.00221796
TCT/BTC,1583334070770,2020-03-04T15:01:10.770Z,buy,1.02e-06,700.0,0.000714
TCT/BTC,1583334096514,2020-03-04T15:01:36.514Z,buy,1.02e-06,29.0,2.958e-05
TCT/BTC,1583334097110,2020-03-04T15:01:37.110Z,buy,1.02e-06,36.0,3.672e-05
TCT/BTC,1583334159162,2020-03-04T15:02:39.162Z,sell,1.01e-06,512.0,0.00051712
TCT/BTC,1583334165616,2020-03-04T15:02:45.616Z,sell,1.01e-06,289345.0,0.29223845
TCT/BTC,1583334165677,2020-03-04T15:02:45.677Z,buy,1.01e-06,16847.0,0.01701547
TCT/BTC,1583334178240,2020-03-04T15:02:58.240Z,sell,1e-06,38785.0,0.038785
TCT/BTC,1583334252602,2020-03-04T15:04:12.602Z,buy,1.01e-06,2000.0,0.00202
TCT/BTC,1583334263640,2020-03-04T15:04:23.640Z,sell,1e-06,11615.0,0.011615
TCT/BTC,1583334268557,2020-03-04T15:04:28.557Z,buy,1.01e-06,35.0,3.5350000000000005e-05
TCT/BTC,1583334332608,2020-03-04T15:05:32.608Z,sell,1e-06,239351.0,0.2393509999999999
TCT/BTC,1583334332618,2020-03-04T15:05:32.618Z,buy,1e-06,4359.0,0.004359
TCT/BTC,1583334334091,2020-03-04T15:05:34.091Z,buy,1e-06,80654.0,0.0806539999999999
TCT/BTC,1583334374020,2020-03-04T15:06:14.020Z,sell,9.9e-07,411767.0,0.40764933
TCT/BTC,1583334374032,2020-03-04T15:06:14.032Z,buy,9.9e-07,74780.0,0.0740322
TCT/BTC,1583334374219,2020-03-04T15:06:14.219Z,sell,9.9e-07,414.0,0.00040986
TCT/BTC,1583334374816,2020-03-04T15:06:14.816Z,buy,1e-06,2181.0,0.0021809999999999
TCT/BTC,1583334378037,2020-03-04T15:06:18.037Z,buy,1e-06,13409.0,0.0134089999999999
TCT/BTC,1583334378341,2020-03-04T15:06:18.341Z,buy,1e-06,6210.0,0.0062099999999999
TCT/BTC,1583334379299,2020-03-04T15:06:19.299Z,buy,1e-06,7206.0,0.007206
TCT/BTC,1583334380409,2020-03-04T15:06:20.409Z,buy,1e-06,9744.0,0.009744
TCT/BTC,1583334392060,2020-03-04T15:06:32.060Z,buy,1e-06,4000.0,0.004
TCT/BTC,1583334394299,2020-03-04T15:06:34.299Z,buy,1e-06,5448.0,0.005448
TCT/BTC,1583334394300,2020-03-04T15:06:34.300Z,buy,1e-06,22636.0,0.022636
TCT/BTC,1583334410730,2020-03-04T15:06:50.730Z,sell,1e-06,10000.0,0.01
TCT/BTC,1583334414315,2020-03-04T15:06:54.315Z,sell,1e-06,6179.0,0.006179
TCT/BTC,1583334417397,2020-03-04T15:06:57.397Z,sell,1e-06,6179.0,0.006179
TCT/BTC,1583334421035,2020-03-04T15:07:01.035Z,sell,1e-06,10000.0,0.01
TCT/BTC,1583334442098,2020-03-04T15:07:22.098Z,sell,1e-06,16179.0,0.016179
TCT/BTC,1583334697562,2020-03-04T15:11:37.562Z,buy,1e-06,2139.0,0.002139
TCT/BTC,1583334697562,2020-03-04T15:11:37.562Z,buy,1.01e-06,578.0,0.00058378
TCT/BTC,1583334975558,2020-03-04T15:16:15.558Z,sell,1e-06,6053.0,0.0060529999999999
TCT/BTC,1583334975558,2020-03-04T15:16:15.558Z,sell,1e-06,6053.0,0.0060529999999999
TCT/BTC,1583335096910,2020-03-04T15:18:16.910Z,sell,1e-06,788.0,0.000788
TCT/BTC,1583335106858,2020-03-04T15:18:26.858Z,sell,1e-06,19812.0,0.019812
TCT/BTC,1583335115055,2020-03-04T15:18:35.055Z,sell,1e-06,15295.0,0.015295
TCT/BTC,1583335131991,2020-03-04T15:18:51.991Z,sell,1e-06,2863.0,0.0028629999999999
TCT/BTC,1583335197064,2020-03-04T15:19:57.064Z,sell,1e-06,3115.0,0.0031149999999999
TCT/BTC,1583335198632,2020-03-04T15:19:58.632Z,sell,1e-06,2000.0,0.002
TCT/BTC,1583335278412,2020-03-04T15:21:18.412Z,sell,1e-06,35856.0,0.035856
TCT/BTC,1583335285573,2020-03-04T15:21:25.573Z,sell,1e-06,19278.0,0.019278
TCT/BTC,1583335306670,2020-03-04T15:21:46.670Z,sell,1e-06,13756.0,0.0137559999999999
TCT/BTC,1583335396346,2020-03-04T15:23:16.346Z,sell,1e-06,370.0,0.00037
TCT/BTC,1583335544594,2020-03-04T15:25:44.594Z,sell,1e-06,40413.0,0.040413
TCT/BTC,1583336205405,2020-03-04T15:36:45.405Z,sell,1e-06,315.0,0.0003149999999999
TCT/BTC,1583336582251,2020-03-04T15:43:02.251Z,sell,1e-06,8951.0,0.0089509999999999
TCT/BTC,1583336604643,2020-03-04T15:43:24.643Z,buy,1e-06,4500000.0,4.5
TCT/BTC,1583336642514,2020-03-04T15:44:02.514Z,buy,1e-06,38.0,3.8e-05
TCT/BTC,1583336659111,2020-03-04T15:44:19.111Z,buy,1e-06,35.0,3.5e-05
TCT/BTC,1583336663027,2020-03-04T15:44:23.027Z,buy,1e-06,1350.0,0.0013499999999999
TCT/BTC,1583336682496,2020-03-04T15:44:42.496Z,sell,9.9e-07,50023.0,0.04952277
TCT/BTC,1583336682697,2020-03-04T15:44:42.697Z,sell,9.9e-07,404.0,0.00039996
TCT/BTC,1583336682698,2020-03-04T15:44:42.698Z,sell,9.9e-07,371.0,0.00036729
TCT/BTC,1583336864559,2020-03-04T15:47:44.559Z,sell,9.9e-07,431.0,0.00042669
TCT/BTC,1583337002042,2020-03-04T15:50:02.042Z,sell,9.9e-07,361.0,0.00035739
TCT/BTC,1583337060989,2020-03-04T15:51:00.989Z,sell,9.9e-07,386.0,0.00038214
TCT/BTC,1583337165473,2020-03-04T15:52:45.473Z,buy,1e-06,29.0,2.9e-05
TCT/BTC,1583337964118,2020-03-04T16:06:04.118Z,sell,9.9e-07,28192.0,0.02791008
TCT/BTC,1583337969032,2020-03-04T16:06:09.032Z,sell,9.9e-07,382.0,0.00037818
TCT/BTC,1583338037669,2020-03-04T16:07:17.669Z,sell,9.9e-07,71354.0,0.07064046
TCT/BTC,1583338247043,2020-03-04T16:10:47.043Z,buy,1e-06,688.0,0.0006879999999999
TCT/BTC,1583338250638,2020-03-04T16:10:50.638Z,buy,1e-06,6127.0,0.006127
TCT/BTC,1583338508778,2020-03-04T16:15:08.778Z,sell,9.9e-07,128384.0,0.12710016
TCT/BTC,1583338508778,2020-03-04T16:15:08.778Z,sell,9.9e-07,128384.0,0.12710016
TCT/BTC,1583338748808,2020-03-04T16:19:08.808Z,sell,9.8e-07,125489.0,0.1229792199999999
TCT/BTC,1583339288205,2020-03-04T16:28:08.205Z,sell,9.8e-07,364.0,0.00035672
TCT/BTC,1583339683249,2020-03-04T16:34:43.249Z,sell,9.8e-07,117479.0,0.11512942
TCT/BTC,1583339765648,2020-03-04T16:36:05.648Z,buy,9.8e-07,5860.0,0.0057427999999999
TCT/BTC,1583339838163,2020-03-04T16:37:18.163Z,buy,9.8e-07,5102.0,0.0049999599999999
TCT/BTC,1583340516601,2020-03-04T16:48:36.601Z,buy,9.8e-07,29.0,2.842e-05
TCT/BTC,1583340550384,2020-03-04T16:49:10.384Z,buy,9.8e-07,1356.0,0.00132888
TCT/BTC,1583340552302,2020-03-04T16:49:12.302Z,buy,9.8e-07,1224.0,0.00119952
TCT/BTC,1583340555550,2020-03-04T16:49:15.550Z,buy,9.8e-07,70258.0,0.06885284
TCT/BTC,1583341347916,2020-03-04T17:02:27.916Z,buy,9.9e-07,123.0,0.00012177
TCT/BTC,1583341369953,2020-03-04T17:02:49.953Z,sell,9.7e-07,137.0,0.00013289
TCT/BTC,1583341369953,2020-03-04T17:02:49.953Z,sell,9.7e-07,67313.0,0.06529361
TCT/BTC,1583341373920,2020-03-04T17:02:53.920Z,sell,9.7e-07,70258.0,0.06815026
TCT/BTC,1583341506366,2020-03-04T17:05:06.366Z,buy,9.8e-07,29.0,2.842e-05
TCT/BTC,1583341525803,2020-03-04T17:05:25.803Z,buy,9.8e-07,60006.0,0.05880588
TCT/BTC,1583341540616,2020-03-04T17:05:40.616Z,buy,9.9e-07,38728.0,0.03834072
TCT/BTC,1583341590915,2020-03-04T17:06:30.915Z,buy,1e-06,101008.0,0.101008
TCT/BTC,1583341590922,2020-03-04T17:06:30.922Z,sell,1e-06,202022.0,0.2020219999999999
TCT/BTC,1583341595601,2020-03-04T17:06:35.601Z,sell,9.9e-07,1224.0,0.00121176
TCT/BTC,1583341779598,2020-03-04T17:09:39.598Z,sell,9.9e-07,198.0,0.00019602
TCT/BTC,1583341913339,2020-03-04T17:11:53.339Z,buy,1e-06,221.0,0.0002209999999999
TCT/BTC,1583341935598,2020-03-04T17:12:15.598Z,sell,1e-06,5833.0,0.005833
TCT/BTC,1583341935598,2020-03-04T17:12:15.598Z,sell,1e-06,5833.0,0.005833
TCT/BTC,1583342186555,2020-03-04T17:16:26.555Z,sell,1e-06,369.0,0.0003689999999999
TCT/BTC,1583342368481,2020-03-04T17:19:28.481Z,sell,1e-06,13325.0,0.013325
TCT/BTC,1583342395498,2020-03-04T17:19:55.498Z,sell,1e-06,386.0,0.000386
TCT/BTC,1583342591695,2020-03-04T17:23:11.695Z,sell,1e-06,21531.0,0.0215309999999999
TCT/BTC,1583342602270,2020-03-04T17:23:22.270Z,sell,9.9e-07,21298.0,0.02108502
TCT/BTC,1583342602277,2020-03-04T17:23:22.277Z,buy,9.9e-07,3718.0,0.00368082
TCT/BTC,1583342602291,2020-03-04T17:23:22.291Z,buy,9.9e-07,2626.0,0.00259974
TCT/BTC,1583343256755,2020-03-04T17:34:16.755Z,buy,9.9e-07,2719.0,0.00269181
TCT/BTC,1583344342801,2020-03-04T17:52:22.801Z,buy,9.9e-07,4280.0,0.0042372
TCT/BTC,1583344342801,2020-03-04T17:52:22.801Z,buy,1e-06,49465.0,0.0494649999999999
TCT/BTC,1583344489977,2020-03-04T17:54:49.977Z,sell,9.9e-07,1720.0,0.0017028
TCT/BTC,1583345022167,2020-03-04T18:03:42.167Z,sell,9.9e-07,3074.0,0.00304326
TCT/BTC,1583345022167,2020-03-04T18:03:42.167Z,sell,9.9e-07,3074.0,0.00304326
TCT/BTC,1583346112399,2020-03-04T18:21:52.399Z,sell,9.9e-07,2044.0,0.00202356
TCT/BTC,1583346441912,2020-03-04T18:27:21.912Z,sell,9.9e-07,20000.0,0.0198
TCT/BTC,1583346442121,2020-03-04T18:27:22.121Z,sell,9.9e-07,380.0,0.0003762
TCT/BTC,1583346442131,2020-03-04T18:27:22.131Z,sell,9.9e-07,431.0,0.00042669
TCT/BTC,1583347612077,2020-03-04T18:46:52.077Z,buy,1e-06,34.0,3.4e-05
TCT/BTC,1583347933197,2020-03-04T18:52:13.197Z,sell,9.9e-07,23232.0,0.02299968
TCT/BTC,1583348074656,2020-03-04T18:54:34.656Z,sell,9.9e-07,803.0,0.00079497
TCT/BTC,1583348105342,2020-03-04T18:55:05.342Z,sell,9.9e-07,5942.0,0.00588258
TCT/BTC,1583348113343,2020-03-04T18:55:13.343Z,sell,9.9e-07,5990.0,0.0059301
TCT/BTC,1583348113343,2020-03-04T18:55:13.343Z,sell,9.8e-07,58534.0,0.0573633199999999
TCT/BTC,1583348113343,2020-03-04T18:55:13.343Z,sell,9.9e-07,5990.0,0.0059301
TCT/BTC,1583348113343,2020-03-04T18:55:13.343Z,sell,9.8e-07,58534.0,0.0573633199999999
TCT/BTC,1583348751375,2020-03-04T19:05:51.375Z,sell,9.8e-07,117950.0,0.1155909999999999
TCT/BTC,1583348751386,2020-03-04T19:05:51.386Z,buy,9.8e-07,16308.0,0.01598184
TCT/BTC,1583348778923,2020-03-04T19:06:18.923Z,sell,9.7e-07,178661.0,0.17330117
TCT/BTC,1583348778933,2020-03-04T19:06:18.933Z,buy,9.7e-07,105404.0,0.10224188
TCT/BTC,1583348778937,2020-03-04T19:06:18.937Z,buy,9.7e-07,103672.0,0.10056184
TCT/BTC,1583348778945,2020-03-04T19:06:18.945Z,buy,9.7e-07,19038.0,0.01846686
TCT/BTC,1583348778952,2020-03-04T19:06:18.952Z,buy,9.7e-07,17367.0,0.01684599
TCT/BTC,1583348778953,2020-03-04T19:06:18.953Z,sell,9.6e-07,41893.0,0.0402172799999999
TCT/BTC,1583348778953,2020-03-04T19:06:18.953Z,sell,9.6e-07,11787.0,0.0113155199999999
TCT/BTC,1583348778957,2020-03-04T19:06:18.957Z,buy,9.7e-07,9735.0,0.00944295
TCT/BTC,1583348779017,2020-03-04T19:06:19.017Z,buy,9.7e-07,279.0,0.00027063
TCT/BTC,1583348779162,2020-03-04T19:06:19.162Z,buy,9.7e-07,149.0,0.00014453
TCT/BTC,1583348779298,2020-03-04T19:06:19.298Z,buy,9.7e-07,151.0,0.00014647
TCT/BTC,1583348779435,2020-03-04T19:06:19.435Z,buy,9.7e-07,149.0,0.00014453
TCT/BTC,1583348779568,2020-03-04T19:06:19.568Z,buy,9.7e-07,148.0,0.00014356
TCT/BTC,1583348779581,2020-03-04T19:06:19.581Z,sell,9.6e-07,1500.0,0.0014399999999999
TCT/BTC,1583348779711,2020-03-04T19:06:19.711Z,buy,9.7e-07,146.0,0.00014162
TCT/BTC,1583348779844,2020-03-04T19:06:19.844Z,buy,9.7e-07,145.0,0.00014065
TCT/BTC,1583348779973,2020-03-04T19:06:19.973Z,buy,9.7e-07,143.0,0.00013871
TCT/BTC,1583348780700,2020-03-04T19:06:20.700Z,buy,9.7e-07,76097.0,0.07381409
TCT/BTC,1583348780777,2020-03-04T19:06:20.777Z,buy,9.7e-07,413.0,0.00040061
TCT/BTC,1583348790903,2020-03-04T19:06:30.903Z,buy,9.7e-07,24060.0,0.0233382
TCT/BTC,1583348796144,2020-03-04T19:06:36.144Z,buy,9.7e-07,7607.0,0.00737879
TCT/BTC,1583348801908,2020-03-04T19:06:41.908Z,buy,9.7e-07,2405.0,0.00233285
TCT/BTC,1583348811783,2020-03-04T19:06:51.783Z,buy,9.7e-07,6776.0,0.00657272
TCT/BTC,1583348818290,2020-03-04T19:06:58.290Z,sell,9.6e-07,502481.0,0.4823817599999999
TCT/BTC,1583348818526,2020-03-04T19:06:58.526Z,sell,9.6e-07,379.0,0.00036384
TCT/BTC,1583348818528,2020-03-04T19:06:58.528Z,sell,9.6e-07,354.0,0.0003398399999999
TCT/BTC,1583348818529,2020-03-04T19:06:58.529Z,sell,9.6e-07,103556.0,0.0994137599999999
TCT/BTC,1583348819524,2020-03-04T19:06:59.524Z,sell,9.6e-07,181.0,0.00017376
TCT/BTC,1583348836914,2020-03-04T19:07:16.914Z,sell,9.6e-07,16613.0,0.0159484799999999
TCT/BTC,1583349273495,2020-03-04T19:14:33.495Z,buy,9.7e-07,6250.0,0.0060625
TCT/BTC,1583350067373,2020-03-04T19:27:47.373Z,buy,9.7e-07,12908.0,0.01252076
TCT/BTC,1583350067506,2020-03-04T19:27:47.506Z,sell,9.7e-07,198.0,0.00019206
TCT/BTC,1583350069967,2020-03-04T19:27:49.967Z,buy,9.8e-07,2641.0,0.00258818
TCT/BTC,1583350627152,2020-03-04T19:37:07.152Z,sell,9.7e-07,7079.0,0.00686663
TCT/BTC,1583350844822,2020-03-04T19:40:44.822Z,sell,9.7e-07,4833.0,0.00468801
TCT/BTC,1583351062958,2020-03-04T19:44:22.958Z,sell,9.7e-07,35341.0,0.03428077
TCT/BTC,1583351223800,2020-03-04T19:47:03.800Z,sell,9.7e-07,25851.0,0.02507547
TCT/BTC,1583351223800,2020-03-04T19:47:03.800Z,sell,9.7e-07,25851.0,0.02507547
TCT/BTC,1583352539448,2020-03-04T20:08:59.448Z,buy,9.8e-07,112.0,0.0001097599999999
TCT/BTC,1583353000123,2020-03-04T20:16:40.123Z,sell,9.7e-07,1547.0,0.00150059
TCT/BTC,1583354085972,2020-03-04T20:34:45.972Z,sell,9.7e-07,692.0,0.00067124
TCT/BTC,1583354086088,2020-03-04T20:34:46.088Z,sell,9.7e-07,692.0,0.00067124
TCT/BTC,1583354086191,2020-03-04T20:34:46.191Z,sell,9.7e-07,692.0,0.00067124
TCT/BTC,1583354086294,2020-03-04T20:34:46.294Z,sell,9.7e-07,692.0,0.00067124
TCT/BTC,1583354086387,2020-03-04T20:34:46.387Z,sell,9.7e-07,692.0,0.00067124
TCT/BTC,1583354086487,2020-03-04T20:34:46.487Z,sell,9.7e-07,692.0,0.00067124
TCT/BTC,1583354086587,2020-03-04T20:34:46.587Z,sell,9.7e-07,692.0,0.00067124
TCT/BTC,1583354086690,2020-03-04T20:34:46.690Z,sell,9.7e-07,692.0,0.00067124
TCT/BTC,1583354086792,2020-03-04T20:34:46.792Z,sell,9.7e-07,688.0,0.00066736
TCT/BTC,1583354086792,2020-03-04T20:34:46.792Z,sell,9.7e-07,688.0,0.00066736
TCT/BTC,1583354874237,2020-03-04T20:47:54.237Z,sell,9.7e-07,1179.0,0.00114363
TCT/BTC,1583354882230,2020-03-04T20:48:02.230Z,sell,9.7e-07,51314.0,0.04977458
TCT/BTC,1583354929036,2020-03-04T20:48:49.036Z,sell,9.7e-07,133.0,0.00012901
TCT/BTC,1583354946319,2020-03-04T20:49:06.319Z,sell,9.6e-07,150660.0,0.1446335999999999
TCT/BTC,1583354946851,2020-03-04T20:49:06.851Z,sell,9.6e-07,348.0,0.0003340799999999
TCT/BTC,1583354946859,2020-03-04T20:49:06.859Z,sell,9.6e-07,384.0,0.0003686399999999
TCT/BTC,1583355124113,2020-03-04T20:52:04.113Z,buy,9.7e-07,10309.0,0.00999973
TCT/BTC,1583355206673,2020-03-04T20:53:26.673Z,buy,9.7e-07,1005.0,0.00097485
TCT/BTC,1583355435845,2020-03-04T20:57:15.845Z,sell,9.7e-07,111138.0,0.10780386
TCT/BTC,1583355519272,2020-03-04T20:58:39.272Z,buy,9.7e-07,1191.0,0.00115527
TCT/BTC,1583355519272,2020-03-04T20:58:39.272Z,buy,9.7e-07,1191.0,0.00115527
TCT/BTC,1583358143841,2020-03-04T21:42:23.841Z,sell,9.7e-07,460.0,0.0004462
TCT/BTC,1583358477650,2020-03-04T21:47:57.650Z,buy,9.8e-07,56796.0,0.0556600799999999
TCT/BTC,1583358477650,2020-03-04T21:47:57.650Z,buy,9.8e-07,56796.0,0.0556600799999999
TCT/BTC,1583359163291,2020-03-04T21:59:23.291Z,buy,9.8e-07,17005.0,0.0166649
TCT/BTC,1583360712563,2020-03-04T22:25:12.563Z,sell,9.7e-07,95136.0,0.09228192
TCT/BTC,1583360712781,2020-03-04T22:25:12.781Z,sell,9.7e-07,403.0,0.00039091
TCT/BTC,1583360712783,2020-03-04T22:25:12.783Z,sell,9.7e-07,436.0,0.00042292
TCT/BTC,1583360715651,2020-03-04T22:25:15.651Z,sell,9.7e-07,9515.0,0.00922955
TCT/BTC,1583360715651,2020-03-04T22:25:15.651Z,sell,9.7e-07,9515.0,0.00922955
TCT/BTC,1583363623920,2020-03-04T23:13:43.920Z,sell,9.7e-07,118622.0,0.11506334
TCT/BTC,1583363718075,2020-03-04T23:15:18.075Z,sell,9.7e-07,3733.0,0.00362101
TCT/BTC,1583363973537,2020-03-04T23:19:33.537Z,sell,9.7e-07,2250.0,0.0021825
TCT/BTC,1583364253415,2020-03-04T23:24:13.415Z,sell,9.7e-07,40539.0,0.03932283
TCT/BTC,1583364253415,2020-03-04T23:24:13.415Z,sell,9.7e-07,40539.0,0.03932283
TCT/BTC,1583364677001,2020-03-04T23:31:17.001Z,sell,9.7e-07,488.0,0.00047336
TCT/BTC,1583364702757,2020-03-04T23:31:42.757Z,sell,9.7e-07,21018.0,0.02038746
TCT/BTC,1583364702758,2020-03-04T23:31:42.758Z,sell,9.7e-07,270.0,0.0002619
TCT/BTC,1583364702805,2020-03-04T23:31:42.805Z,sell,9.6e-07,5105.0,0.0049007999999999
TCT/BTC,1583364702820,2020-03-04T23:31:42.820Z,sell,9.6e-07,1291.0,0.00123936
TCT/BTC,1583364800235,2020-03-04T23:33:20.235Z,sell,9.7e-07,5552.0,0.00538544
TCT/BTC,1583365198225,2020-03-04T23:39:58.225Z,sell,9.7e-07,21287.0,0.02064839
TCT/BTC,1583365289160,2020-03-04T23:41:29.160Z,sell,9.7e-07,1180.0,0.0011446
TCT/BTC,1583365336924,2020-03-04T23:42:16.924Z,buy,9.7e-07,1044.0,0.00101268
TCT/BTC,1583365874850,2020-03-04T23:51:14.850Z,buy,9.8e-07,51061.0,0.05003978
TCT/BTC,1583365874870,2020-03-04T23:51:14.870Z,sell,9.8e-07,2295.0,0.0022491
TCT/BTC,1583365874872,2020-03-04T23:51:14.872Z,sell,9.8e-07,16834.0,0.01649732
TCT/BTC,1583365874883,2020-03-04T23:51:14.883Z,sell,9.8e-07,2890.0,0.0028322
TCT/BTC,1583365874884,2020-03-04T23:51:14.884Z,sell,9.8e-07,406.0,0.00039788
TCT/BTC,1583365874893,2020-03-04T23:51:14.893Z,sell,9.8e-07,2295.0,0.0022491
TCT/BTC,1583365874907,2020-03-04T23:51:14.907Z,sell,9.8e-07,2295.0,0.0022491
TCT/BTC,1583365874922,2020-03-04T23:51:14.922Z,sell,9.8e-07,2295.0,0.0022491
TCT/BTC,1583365874926,2020-03-04T23:51:14.926Z,sell,9.8e-07,960.0,0.0009407999999999
TCT/BTC,1583365874931,2020-03-04T23:51:14.931Z,sell,9.8e-07,2295.0,0.0022491
TCT/BTC,1583365874947,2020-03-04T23:51:14.947Z,sell,9.8e-07,2295.0,0.0022491
TCT/BTC,1583365874964,2020-03-04T23:51:14.964Z,sell,9.8e-07,2295.0,0.0022491
TCT/BTC,1583365874979,2020-03-04T23:51:14.979Z,sell,9.8e-07,765.0,0.0007497
TCT/BTC,1583365874981,2020-03-04T23:51:14.981Z,sell,9.8e-07,2295.0,0.0022491
TCT/BTC,1583365874997,2020-03-04T23:51:14.997Z,sell,9.8e-07,2295.0,0.0022491
TCT/BTC,1583365875008,2020-03-04T23:51:15.008Z,sell,9.8e-07,2295.0,0.0022491
TCT/BTC,1583365875016,2020-03-04T23:51:15.016Z,sell,9.8e-07,765.0,0.0007497
TCT/BTC,1583365875019,2020-03-04T23:51:15.019Z,sell,9.8e-07,2295.0,0.0022491
TCT/BTC,1583365875053,2020-03-04T23:51:15.053Z,sell,9.8e-07,257.0,0.0002518599999999
TCT/BTC,1583365875077,2020-03-04T23:51:15.077Z,sell,9.8e-07,765.0,0.0007497
TCT/BTC,1583365875242,2020-03-04T23:51:15.242Z,sell,9.8e-07,765.0,0.0007497
TCT/BTC,1583365875301,2020-03-04T23:51:15.301Z,sell,9.8e-07,765.0,0.0007497
TCT/BTC,1583365875607,2020-03-04T23:51:15.607Z,sell,9.8e-07,765.0,0.0007497
TCT/BTC,1583365875667,2020-03-04T23:51:15.667Z,sell,9.8e-07,765.0,0.0007497
TCT/BTC,1583365876023,2020-03-04T23:51:16.023Z,sell,9.8e-07,2295.0,0.0022491
TCT/BTC,1583365876040,2020-03-04T23:51:16.040Z,sell,9.8e-07,765.0,0.0007497
TCT/BTC,1583365876073,2020-03-04T23:51:16.073Z,sell,9.8e-07,2295.0,0.0022491
TCT/BTC,1583365876081,2020-03-04T23:51:16.081Z,sell,9.8e-07,765.0,0.0007497
TCT/BTC,1583365876083,2020-03-04T23:51:16.083Z,sell,9.8e-07,2295.0,0.0022491
TCT/BTC,1583365876093,2020-03-04T23:51:16.093Z,sell,9.8e-07,2295.0,0.0022491
TCT/BTC,1583365876137,2020-03-04T23:51:16.137Z,sell,9.8e-07,765.0,0.0007497
TCT/BTC,1583365876558,2020-03-04T23:51:16.558Z,sell,9.8e-07,765.0,0.0007497
TCT/BTC,1583365877901,2020-03-04T23:51:17.901Z,sell,9.8e-07,765.0,0.0007497
TCT/BTC,1583365877959,2020-03-04T23:51:17.959Z,sell,9.8e-07,765.0,0.0007497
TCT/BTC,1583365877984,2020-03-04T23:51:17.984Z,sell,9.8e-07,765.0,0.0007497
TCT/BTC,1583365878364,2020-03-04T23:51:18.364Z,sell,9.8e-07,765.0,0.0007497
TCT/BTC,1583365878801,2020-03-04T23:51:18.801Z,sell,9.8e-07,765.0,0.0007497
TCT/BTC,1583365879429,2020-03-04T23:51:19.429Z,sell,9.8e-07,765.0,0.0007497
TCT/BTC,1583365879710,2020-03-04T23:51:19.710Z,sell,9.8e-07,765.0,0.0007497
TCT/BTC,1583365879905,2020-03-04T23:51:19.905Z,sell,9.8e-07,765.0,0.0007497
TCT/BTC,1583365880182,2020-03-04T23:51:20.182Z,sell,9.8e-07,765.0,0.0007497
TCT/BTC,1583365880632,2020-03-04T23:51:20.632Z,sell,9.8e-07,765.0,0.0007497
TCT/BTC,1583365886464,2020-03-04T23:51:26.464Z,sell,9.8e-07,1947.0,0.0019080599999999
TCT/BTC,1583365889811,2020-03-04T23:51:29.811Z,sell,9.8e-07,384.0,0.00037632
TCT/BTC,1583365889856,2020-03-04T23:51:29.856Z,sell,9.8e-07,382.0,0.0003743599999999
TCT/BTC,1583365892370,2020-03-04T23:51:32.370Z,sell,9.8e-07,383.0,0.00037534
