symbol,timestamp,datetime,side,price,amount,btc_volume
TCT/BTC,1583944633512,2020-03-11T16:37:13.512Z,sell,9.6e-07,15000.0,0.0143999999999999
TCT/BTC,1583944752143,2020-03-11T16:39:12.143Z,sell,9.6e-07,1861.0,0.0017865599999999
TCT/BTC,1583944879988,2020-03-11T16:41:19.988Z,sell,9.6e-07,420.0,0.0004032
TCT/BTC,1583944879994,2020-03-11T16:41:19.994Z,sell,9.6e-07,470.0,0.0004511999999999
TCT/BTC,1583944880750,2020-03-11T16:41:20.750Z,sell,9.6e-07,422.0,0.0004051199999999
TCT/BTC,1583945775328,2020-03-11T16:56:15.328Z,buy,9.7e-07,8194.0,0.00794818
TCT/BTC,1583945990600,2020-03-11T16:59:50.600Z,sell,9.6e-07,58508.0,0.05616768
TCT/BTC,1583945990600,2020-03-11T16:59:50.600Z,sell,9.6e-07,58508.0,0.05616768
TCT/BTC,1583946190772,2020-03-11T17:03:10.772Z,sell,9.6e-07,301515.0,0.2894544
TCT/BTC,1583946223543,2020-03-11T17:03:43.543Z,buy,9.6e-07,52087.0,0.0500035199999999
TCT/BTC,1583946223657,2020-03-11T17:03:43.657Z,buy,9.6e-07,7913.0,0.0075964799999999
TCT/BTC,1583946224188,2020-03-11T17:03:44.188Z,buy,9.6e-07,2945.0,0.0028271999999999
TCT/BTC,1583946243399,2020-03-11T17:04:03.399Z,buy,9.6e-07,2945.0,0.0028271999999999
TCT/BTC,1583946247918,2020-03-11T17:04:07.918Z,buy,9.6e-07,15163.0,0.0145564799999999
TCT/BTC,1583946249969,2020-03-11T17:04:09.969Z,buy,9.6e-07,2000.0,0.0019199999999999
TCT/BTC,1583946274154,2020-03-11T17:04:34.154Z,buy,9.6e-07,24445.0,0.0234671999999999
TCT/BTC,1583946277381,2020-03-11T17:04:37.381Z,buy,9.7e-07,13104.0,0.01271088
TCT/BTC,1583946292470,2020-03-11T17:04:52.470Z,buy,9.7e-07,12039.0,0.01167783
TCT/BTC,1583946292470,2020-03-11T17:04:52.470Z,buy,9.8e-07,1038.0,0.00101724
TCT/BTC,1583946422545,2020-03-11T17:07:02.545Z,sell,9.6e-07,3660.0,0.0035135999999999
TCT/BTC,1583946422552,2020-03-11T17:07:02.552Z,buy,9.6e-07,2117.0,0.00203232
TCT/BTC,1583946422562,2020-03-11T17:07:02.562Z,buy,9.6e-07,1661.0,0.0015945599999999
TCT/BTC,1583946423532,2020-03-11T17:07:03.532Z,buy,9.6e-07,255.0,0.0002448
TCT/BTC,1583946430652,2020-03-11T17:07:10.652Z,sell,9.5e-07,196.0,0.0001862
TCT/BTC,1583946434707,2020-03-11T17:07:14.707Z,buy,9.6e-07,38268.0,0.03673728
TCT/BTC,1583946439909,2020-03-11T17:07:19.909Z,buy,9.6e-07,27108.0,0.0260236799999999
TCT/BTC,1583946445854,2020-03-11T17:07:25.854Z,buy,9.6e-07,6874.0,0.00659904
TCT/BTC,1583946451368,2020-03-11T17:07:31.368Z,buy,9.6e-07,10116.0,0.0097113599999999
TCT/BTC,1583946458459,2020-03-11T17:07:38.459Z,buy,9.6e-07,9076.0,0.0087129599999999
TCT/BTC,1583946540608,2020-03-11T17:09:00.608Z,buy,9.6e-07,532.0,0.00051072
TCT/BTC,1583946576652,2020-03-11T17:09:36.652Z,buy,9.6e-07,488.0,0.0004684799999999
TCT/BTC,1583946634229,2020-03-11T17:10:34.229Z,buy,9.6e-07,306.0,0.0002937599999999
TCT/BTC,1583946639895,2020-03-11T17:10:39.895Z,buy,9.6e-07,49468.0,0.0474892799999999
TCT/BTC,1583946650028,2020-03-11T17:10:50.028Z,sell,9.6e-07,453.0,0.0004348799999999
TCT/BTC,1583946723822,2020-03-11T17:12:03.822Z,sell,9.6e-07,453.0,0.0004348799999999
TCT/BTC,1583946741874,2020-03-11T17:12:21.874Z,buy,9.6e-07,2529.0,0.0024278399999999
TCT/BTC,1583946754390,2020-03-11T17:12:34.390Z,buy,9.6e-07,17963.0,0.01724448
TCT/BTC,1583946760226,2020-03-11T17:12:40.226Z,buy,9.6e-07,3547.0,0.0034051199999999
TCT/BTC,1583946766500,2020-03-11T17:12:46.500Z,buy,9.6e-07,15042.0,0.01444032
TCT/BTC,1583946772585,2020-03-11T17:12:52.585Z,buy,9.6e-07,13645.0,0.0130991999999999
TCT/BTC,1583947201775,2020-03-11T17:20:01.775Z,buy,9.6e-07,5180.0,0.0049727999999999
TCT/BTC,1583947434544,2020-03-11T17:23:54.544Z,sell,9.5e-07,154.0,0.0001463
TCT/BTC,1583947533071,2020-03-11T17:25:33.071Z,buy,9.6e-07,6080.0,0.0058368
TCT/BTC,1583947552267,2020-03-11T17:25:52.267Z,buy,9.6e-07,54619.0,0.0524342399999999
TCT/BTC,1583947559052,2020-03-11T17:25:59.052Z,sell,9.6e-07,45626.0,0.0438009599999999
TCT/BTC,1583947600961,2020-03-11T17:26:40.961Z,sell,9.6e-07,33384.0,0.0320486399999999
TCT/BTC,1583948328928,2020-03-11T17:38:48.928Z,buy,9.6e-07,1649.0,0.0015830399999999
TCT/BTC,1583948753184,2020-03-11T17:45:53.184Z,buy,9.6e-07,14977.0,0.0143779199999999
TCT/BTC,1583948759996,2020-03-11T17:45:59.996Z,buy,9.6e-07,13479.0,0.01293984
TCT/BTC,1583949169205,2020-03-11T17:52:49.205Z,buy,9.6e-07,39.0,3.744e-05
TCT/BTC,1583949219240,2020-03-11T17:53:39.240Z,buy,9.6e-07,16325.0,0.015672
TCT/BTC,1583949273031,2020-03-11T17:54:33.031Z,buy,9.6e-07,8231.0,0.0079017599999999
TCT/BTC,1583949398925,2020-03-11T17:56:38.925Z,buy,9.6e-07,8235.0,0.0079055999999999
TCT/BTC,1583949398925,2020-03-11T17:56:38.925Z,buy,9.7e-07,9332.0,0.00905204
TCT/BTC,1583949517371,2020-03-11T17:58:37.371Z,sell,9.6e-07,1740.0,0.0016703999999999
TCT/BTC,1583949517371,2020-03-11T17:58:37.371Z,sell,9.6e-07,1740.0,0.0016703999999999
TCT/BTC,1583949851165,2020-03-11T18:04:11.165Z,buy,9.6e-07,13503.0,0.01296288
TCT/BTC,1583949858272,2020-03-11T18:04:18.272Z,buy,9.6e-07,8141.0,0.0078153599999999
TCT/BTC,1583950042384,2020-03-11T18:07:22.384Z,sell,9.5e-07,10355.0,0.00983725
TCT/BTC,1583950042385,2020-03-11T18:07:22.385Z,sell,9.5e-07,2010.0,0.0019095
TCT/BTC,1583950042386,2020-03-11T18:07:22.386Z,sell,9.5e-07,10355.0,0.00983725
TCT/BTC,1583950042387,2020-03-11T18:07:22.387Z,sell,9.5e-07,14736.0,0.0139992
TCT/BTC,1583950190858,2020-03-11T18:09:50.858Z,sell,9.5e-07,412.0,0.0003914
TCT/BTC,1583950211709,2020-03-11T18:10:11.709Z,sell,9.5e-07,12120.0,0.011514
TCT/BTC,1583950432888,2020-03-11T18:13:52.888Z,buy,9.6e-07,31.0,2.976e-05
TCT/BTC,1583950710944,2020-03-11T18:18:30.944Z,buy,9.6e-07,54242.0,0.05207232
TCT/BTC,1583950712704,2020-03-11T18:18:32.704Z,buy,9.6e-07,14068.0,0.0135052799999999
TCT/BTC,1583950840590,2020-03-11T18:20:40.590Z,sell,9.5e-07,25000.0,0.02375
TCT/BTC,1583951338659,2020-03-11T18:28:58.659Z,buy,9.7e-07,1030.0,0.0009991
TCT/BTC,1583951528345,2020-03-11T18:32:08.345Z,sell,9.6e-07,130.0,0.0001248
TCT/BTC,1583951528571,2020-03-11T18:32:08.571Z,sell,9.5e-07,531.0,0.00050445
TCT/BTC,1583951530209,2020-03-11T18:32:10.209Z,sell,9.5e-07,390.0,0.0003705
TCT/BTC,1583952079300,2020-03-11T18:41:19.300Z,sell,9.5e-07,4000.0,0.0038
TCT/BTC,1583952125880,2020-03-11T18:42:05.880Z,sell,9.5e-07,3132.0,0.0029754
TCT/BTC,1583952149691,2020-03-11T18:42:29.691Z,sell,9.5e-07,4000.0,0.0038
TCT/BTC,1583952197847,2020-03-11T18:43:17.847Z,sell,9.5e-07,2000.0,0.0019
TCT/BTC,1583952515718,2020-03-11T18:48:35.718Z,sell,9.5e-07,121627.0,0.11554565
TCT/BTC,1583952745156,2020-03-11T18:52:25.156Z,sell,9.5e-07,14204.0,0.0134938
TCT/BTC,1583952747125,2020-03-11T18:52:27.125Z,buy,9.5e-07,13937.0,0.01324015
TCT/BTC,1583952747144,2020-03-11T18:52:27.144Z,buy,9.5e-07,9747.0,0.00925965
TCT/BTC,1583952817585,2020-03-11T18:53:37.585Z,sell,9.4e-07,56158.0,0.05278852
TCT/BTC,1583952821612,2020-03-11T18:53:41.612Z,sell,9.4e-07,281.0,0.00026414
TCT/BTC,1583952847370,2020-03-11T18:54:07.370Z,sell,9.4e-07,5575.0,0.0052405
TCT/BTC,1583953021129,2020-03-11T18:57:01.129Z,buy,9.5e-07,26831.0,0.02548945
TCT/BTC,1583953045697,2020-03-11T18:57:25.697Z,buy,9.6e-07,10416.0,0.0099993599999999
TCT/BTC,1583953045697,2020-03-11T18:57:25.697Z,buy,9.6e-07,10416.0,0.0099993599999999
TCT/BTC,1583953156059,2020-03-11T18:59:16.059Z,sell,9.5e-07,2547.0,0.00241965
TCT/BTC,1583953156059,2020-03-11T18:59:16.059Z,sell,9.4e-07,17634.0,0.01657596
TCT/BTC,1583954250992,2020-03-11T19:17:30.992Z,sell,9.4e-07,5763.0,0.00541722
TCT/BTC,1583955469024,2020-03-11T19:37:49.024Z,sell,9.4e-07,497.0,0.00046718
TCT/BTC,1583955469027,2020-03-11T19:37:49.027Z,sell,9.4e-07,431.0,0.00040514
TCT/BTC,1583955751853,2020-03-11T19:42:31.853Z,sell,9.4e-07,417.0,0.00039198
TCT/BTC,1583955771007,2020-03-11T19:42:51.007Z,buy,9.5e-07,927.0,0.00088065
TCT/BTC,1583955771007,2020-03-11T19:42:51.007Z,buy,9.5e-07,927.0,0.00088065
TCT/BTC,1583956867859,2020-03-11T20:01:07.859Z,buy,9.5e-07,4187.0,0.00397765
TCT/BTC,1583957044421,2020-03-11T20:04:04.421Z,sell,9.4e-07,29098.0,0.02735212
TCT/BTC,1583958991519,2020-03-11T20:36:31.519Z,sell,9.4e-07,458.0,0.00043052
TCT/BTC,1583958991519,2020-03-11T20:36:31.519Z,sell,9.4e-07,458.0,0.00043052
TCT/BTC,1583959654729,2020-03-11T20:47:34.729Z,sell,9.4e-07,133725.0,0.1257015
TCT/BTC,1583959848797,2020-03-11T20:50:48.797Z,buy,9.5e-07,5465.0,0.00519175
TCT/BTC,1583960767374,2020-03-11T21:06:07.374Z,buy,9.5e-07,109.0,0.00010355
TCT/BTC,1583960767374,2020-03-11T21:06:07.374Z,buy,9.5e-07,109.0,0.00010355
TCT/BTC,1583964073305,2020-03-11T22:01:13.305Z,buy,9.5e-07,4186.0,0.0039767
TCT/BTC,1583964073305,2020-03-11T22:01:13.305Z,buy,9.5e-07,4186.0,0.0039767
TCT/BTC,1583964401225,2020-03-11T22:06:41.225Z,buy,9.6e-07,31285.0,0.0300335999999999
TCT/BTC,1583964401239,2020-03-11T22:06:41.239Z,sell,9.6e-07,83490.0,0.0801504
TCT/BTC,1583964401240,2020-03-11T22:06:41.240Z,sell,9.6e-07,19381.0,0.01860576
TCT/BTC,1583964401244,2020-03-11T22:06:41.244Z,sell,9.6e-07,4382.0,0.00420672
TCT/BTC,1583964401266,2020-03-11T22:06:41.266Z,sell,9.6e-07,2023.0,0.0019420799999999
TCT/BTC,1583964401279,2020-03-11T22:06:41.279Z,sell,9.6e-07,11228.0,0.01077888
TCT/BTC,1583964401382,2020-03-11T22:06:41.382Z,sell,9.6e-07,52208.0,0.0501196799999999
TCT/BTC,1583964401586,2020-03-11T22:06:41.586Z,sell,9.6e-07,7792.0,0.0074803199999999
TCT/BTC,1583964488505,2020-03-11T22:08:08.505Z,sell,9.6e-07,106.0,0.0001017599999999
TCT/BTC,1583965848407,2020-03-11T22:30:48.407Z,sell,9.6e-07,47362.0,0.04546752
TCT/BTC,1583965848515,2020-03-11T22:30:48.515Z,sell,9.6e-07,3253.0,0.0031228799999999
TCT/BTC,1583965964174,2020-03-11T22:32:44.174Z,buy,9.6e-07,430.0,0.0004127999999999
TCT/BTC,1583966088097,2020-03-11T22:34:48.097Z,buy,9.6e-07,4545.0,0.0043631999999999
TCT/BTC,1583966088168,2020-03-11T22:34:48.168Z,sell,9.6e-07,5871.0,0.0056361599999999
TCT/BTC,1583966440981,2020-03-11T22:40:40.981Z,sell,9.5e-07,16449.0,0.01562655
TCT/BTC,1583967404464,2020-03-11T22:56:44.464Z,sell,9.5e-07,6518.0,0.0061921
TCT/BTC,1583967404464,2020-03-11T22:56:44.464Z,sell,9.5e-07,6518.0,0.0061921
TCT/BTC,1583968121661,2020-03-11T23:08:41.661Z,buy,9.6e-07,421.0,0.00040416
TCT/BTC,1583969542208,2020-03-11T23:32:22.208Z,sell,9.5e-07,61369.0,0.05830055
TCT/BTC,1583969542208,2020-03-11T23:32:22.208Z,sell,9.5e-07,61369.0,0.05830055
TCT/BTC,1583972501698,2020-03-12T00:21:41.698Z,buy,9.6e-07,150.0,0.0001439999999999
TCT/BTC,1583972501698,2020-03-12T00:21:41.698Z,buy,9.6e-07,150.0,0.0001439999999999
TCT/BTC,1583975122520,2020-03-12T01:05:22.520Z,buy,9.6e-07,14810.0,0.0142175999999999
TCT/BTC,1583975132807,2020-03-12T01:05:32.807Z,sell,9.6e-07,53404.0,0.0512678399999999
TCT/BTC,1583975132807,2020-03-12T01:05:32.807Z,sell,9.6e-07,53404.0,0.0512678399999999
TCT/BTC,1583976582781,2020-03-12T01:29:42.781Z,sell,9.5e-07,2952.0,0.0028044
TCT/BTC,1583976886449,2020-03-12T01:34:46.449Z,sell,9.5e-07,439.0,0.00041705
TCT/BTC,1583976886452,2020-03-12T01:34:46.452Z,sell,9.5e-07,6716.0,0.0063802
TCT/BTC,1583976887556,2020-03-12T01:34:47.556Z,sell,9.5e-07,363.0,0.00034485
TCT/BTC,1583977101159,2020-03-12T01:38:21.159Z,sell,9.5e-07,4709.0,0.00447355
TCT/BTC,1583977101159,2020-03-12T01:38:21.159Z,sell,9.4e-07,36016.0,0.03385504
TCT/BTC,1583978171394,2020-03-12T01:56:11.394Z,sell,9.4e-07,269.0,0.00025286
TCT/BTC,1583978171394,2020-03-12T01:56:11.394Z,sell,9.4e-07,269.0,0.00025286
TCT/BTC,1583979359756,2020-03-12T02:15:59.756Z,buy,9.6e-07,19610.0,0.0188255999999999
TCT/BTC,1583979359938,2020-03-12T02:15:59.938Z,buy,9.6e-07,3496.0,0.0033561599999999
TCT/BTC,1583979362009,2020-03-12T02:16:02.009Z,buy,9.6e-07,19611.0,0.01882656
TCT/BTC,1583979362483,2020-03-12T02:16:02.483Z,buy,9.6e-07,26280.0,0.0252288
TCT/BTC,1583979362543,2020-03-12T02:16:02.543Z,buy,9.6e-07,11947.0,0.01146912
TCT/BTC,1583979909557,2020-03-12T02:25:09.557Z,sell,9.5e-07,666.0,0.0006327
TCT/BTC,1583980381312,2020-03-12T02:33:01.312Z,buy,9.6e-07,106.0,0.0001017599999999
TCT/BTC,1583980381312,2020-03-12T02:33:01.312Z,buy,9.7e-07,17.0,1.649e-05
TCT/BTC,1583980415355,2020-03-12T02:33:35.355Z,buy,9.7e-07,207.0,0.00020079
TCT/BTC,1583980484320,2020-03-12T02:34:44.320Z,sell,9.6e-07,10288.0,0.00987648
TCT/BTC,1583980484327,2020-03-12T02:34:44.327Z,sell,9.6e-07,12286.0,0.0117945599999999
TCT/BTC,1583980488096,2020-03-12T02:34:48.096Z,sell,9.6e-07,1586.0,0.0015225599999999
TCT/BTC,1583980595684,2020-03-12T02:36:35.684Z,sell,9.6e-07,2458.0,0.00235968
TCT/BTC,1583980598386,2020-03-12T02:36:38.386Z,sell,9.6e-07,9685.0,0.0092976
TCT/BTC,1583980877156,2020-03-12T02:41:17.156Z,buy,9.6e-07,209.0,0.0002006399999999
TCT/BTC,1583981119428,2020-03-12T02:45:19.428Z,sell,9.5e-07,10106.0,0.0096007
TCT/BTC,1583981119428,2020-03-12T02:45:19.428Z,sell,9.5e-07,10106.0,0.0096007
TCT/BTC,1583983333414,2020-03-12T03:22:13.414Z,sell,9.5e-07,40821.0,0.03877995
TCT/BTC,1583983637509,2020-03-12T03:27:17.509Z,buy,9.5e-07,1510.0,0.0014345
TCT/BTC,1583983637509,2020-03-12T03:27:17.509Z,buy,9.5e-07,1510.0,0.0014345
TCT/BTC,1583984830147,2020-03-12T03:47:10.147Z,sell,9.4e-07,50072.0,0.04706768
TCT/BTC,1583984831274,2020-03-12T03:47:11.274Z,sell,9.4e-07,498.0,0.00046812
TCT/BTC,1583984831491,2020-03-12T03:47:11.491Z,sell,9.4e-07,492.0,0.00046248
TCT/BTC,1583984953821,2020-03-12T03:49:13.821Z,sell,9.4e-07,7741.0,0.00727654
TCT/BTC,1583985036863,2020-03-12T03:50:36.863Z,buy,9.5e-07,6622.0,0.0062909
TCT/BTC,1583985056803,2020-03-12T03:50:56.803Z,buy,9.5e-07,11700.0,0.011115
TCT/BTC,1583985079574,2020-03-12T03:51:19.574Z,buy,9.5e-07,10520.0,0.009994
TCT/BTC,1583986465707,2020-03-12T04:14:25.707Z,buy,9.5e-07,138.0,0.0001311
TCT/BTC,1583986661395,2020-03-12T04:17:41.395Z,buy,9.5e-07,10626.0,0.0100947
TCT/BTC,1583986667016,2020-03-12T04:17:47.016Z,buy,9.5e-07,9554.0,0.0090763
TCT/BTC,1583986753131,2020-03-12T04:19:13.131Z,sell,9.4e-07,25000.0,0.0235
TCT/BTC,1583986756283,2020-03-12T04:19:16.283Z,buy,9.5e-07,9959.0,0.00946105
TCT/BTC,1583986888107,2020-03-12T04:21:28.107Z,buy,9.5e-07,1096.0,0.0010412
TCT/BTC,1583986888107,2020-03-12T04:21:28.107Z,buy,9.6e-07,8478.0,0.00813888
TCT/BTC,1583986893405,2020-03-12T04:21:33.405Z,buy,9.6e-07,8608.0,0.0082636799999999
TCT/BTC,1583987007688,2020-03-12T04:23:27.688Z,sell,9.5e-07,408.0,0.0003876
TCT/BTC,1583987008380,2020-03-12T04:23:28.380Z,sell,9.5e-07,408.0,0.0003876
TCT/BTC,1583987011709,2020-03-12T04:23:31.709Z,sell,9.5e-07,410.0,0.0003895
TCT/BTC,1583987012415,2020-03-12T04:23:32.415Z,sell,9.5e-07,274.0,0.0002603
TCT/BTC,1583987012415,2020-03-12T04:23:32.415Z,sell,9.4e-07,136.0,0.00012784
TCT/BTC,1583987015745,2020-03-12T04:23:35.745Z,sell,9.4e-07,410.0,0.0003854
TCT/BTC,1583987016437,2020-03-12T04:23:36.437Z,sell,9.4e-07,410.0,0.0003854
TCT/BTC,1583987017575,2020-03-12T04:23:37.575Z,sell,9.4e-07,410.0,0.0003854
TCT/BTC,1583987021106,2020-03-12T04:23:41.106Z,sell,9.4e-07,410.0,0.0003854
TCT/BTC,1583987021605,2020-03-12T04:23:41.605Z,sell,9.4e-07,410.0,0.0003854
TCT/BTC,1583987025174,2020-03-12T04:23:45.174Z,sell,9.4e-07,410.0,0.0003854
TCT/BTC,1583987025478,2020-03-12T04:23:45.478Z,sell,9.4e-07,410.0,0.0003854
TCT/BTC,1583987029177,2020-03-12T04:23:49.177Z,sell,9.4e-07,407.0,0.00038258
TCT/BTC,1583987029515,2020-03-12T04:23:49.515Z,sell,9.4e-07,408.0,0.00038352
TCT/BTC,1583987029647,2020-03-12T04:23:49.647Z,sell,9.4e-07,408.0,0.00038352
TCT/BTC,1583987029647,2020-03-12T04:23:49.647Z,sell,9.4e-07,408.0,0.00038352
TCT/BTC,1583987291867,2020-03-12T04:28:11.867Z,buy,9.6e-07,10867.0,0.0104323199999999
TCT/BTC,1583987525739,2020-03-12T04:32:05.739Z,sell,9.4e-07,50000.0,0.047
TCT/BTC,1583987588504,2020-03-12T04:33:08.504Z,buy,9.5e-07,9899.0,0.00940405
TCT/BTC,1583987722559,2020-03-12T04:35:22.559Z,buy,9.5e-07,373.0,0.00035435
TCT/BTC,1583988478531,2020-03-12T04:47:58.531Z,buy,9.5e-07,114.0,0.0001083
TCT/BTC,1583988514364,2020-03-12T04:48:34.364Z,buy,9.5e-07,106.0,0.0001007
TCT/BTC,1583988523808,2020-03-12T04:48:43.808Z,buy,9.5e-07,106.0,0.0001007
TCT/BTC,1583988751245,2020-03-12T04:52:31.245Z,buy,9.5e-07,5529.0,0.00525255
TCT/BTC,1583988751824,2020-03-12T04:52:31.824Z,buy,9.5e-07,5279.0,0.00501505
TCT/BTC,1583988875317,2020-03-12T04:54:35.317Z,buy,9.5e-07,283.0,0.00026885
TCT/BTC,1583988875967,2020-03-12T04:54:35.967Z,buy,9.5e-07,221.0,0.00020995
TCT/BTC,1583990150764,2020-03-12T05:15:50.764Z,buy,9.5e-07,5125.0,0.00486875
TCT/BTC,1583990150764,2020-03-12T05:15:50.764Z,buy,9.6e-07,407.0,0.0003907199999999
TCT/BTC,1583990150764,2020-03-12T05:15:50.764Z,buy,9.5e-07,5125.0,0.00486875
TCT/BTC,1583990150764,2020-03-12T05:15:50.764Z,buy,9.6e-07,407.0,0.0003907199999999
TCT/BTC,1583993272960,2020-03-12T06:07:52.960Z,sell,9.4e-07,40935.0,0.0384789
TCT/BTC,1583993272960,2020-03-12T06:07:52.960Z,sell,9.3e-07,43283.0,0.04025319
TCT/BTC,1583993320151,2020-03-12T06:08:40.151Z,buy,9.5e-07,7372.0,0.0070034
TCT/BTC,1583993344873,2020-03-12T06:09:04.873Z,buy,9.4e-07,1051.0,0.00098794
TCT/BTC,1583993344873,2020-03-12T06:09:04.873Z,buy,9.5e-07,6741.0,0.00640395
TCT/BTC,1583993344873,2020-03-12T06:09:04.873Z,buy,9.4e-07,1051.0,0.00098794
TCT/BTC,1583993344873,2020-03-12T06:09:04.873Z,buy,9.5e-07,6741.0,0.00640395
TCT/BTC,1583994438778,2020-03-12T06:27:18.778Z,buy,9.5e-07,794.0,0.0007543
TCT/BTC,1583994488217,2020-03-12T06:28:08.217Z,buy,9.5e-07,4227.0,0.00401565
TCT/BTC,1583994488517,2020-03-12T06:28:08.517Z,buy,9.5e-07,4397.0,0.00417715
TCT/BTC,1583994780976,2020-03-12T06:33:00.976Z,buy,9.5e-07,174.0,0.0001653
TCT/BTC,1583995142823,2020-03-12T06:39:02.823Z,buy,9.5e-07,9465.0,0.00899175
TCT/BTC,1583995245252,2020-03-12T06:40:45.252Z,buy,9.5e-07,22203.0,0.02109285
TCT/BTC,1583995291434,2020-03-12T06:41:31.434Z,buy,9.5e-07,10492.0,0.0099674
TCT/BTC,1583995297682,2020-03-12T06:41:37.682Z,buy,9.5e-07,8233.0,0.00782135
TCT/BTC,1583995488731,2020-03-12T06:44:48.731Z,sell,9.4e-07,14539.0,0.01366666
TCT/BTC,1583995488731,2020-03-12T06:44:48.731Z,sell,9.3e-07,294249.0,0.27365157
TCT/BTC,1583995488731,2020-03-12T06:44:48.731Z,sell,9.2e-07,583211.0,0.53655412
TCT/BTC,1583995488731,2020-03-12T06:44:48.731Z,sell,9.2e-07,12003.0,0.01104276
TCT/BTC,1583995488731,2020-03-12T06:44:48.731Z,sell,9.2e-07,36020.0,0.0331384
TCT/BTC,1583995492945,2020-03-12T06:44:52.945Z,sell,9.2e-07,10416.0,0.00958272
TCT/BTC,1583995511810,2020-03-12T06:45:11.810Z,sell,9.2e-07,10395.0,0.0095634
TCT/BTC,1583995539942,2020-03-12T06:45:39.942Z,sell,9.2e-07,141945.0,0.1305894
TCT/BTC,1583995550757,2020-03-12T06:45:50.757Z,buy,9.3e-07,69635.0,0.06476055
TCT/BTC,1583995550791,2020-03-12T06:45:50.791Z,sell,9.2e-07,5662.0,0.00520904
TCT/BTC,1583995552753,2020-03-12T06:45:52.753Z,buy,9.3e-07,31172.0,0.02898996
TCT/BTC,1583995555999,2020-03-12T06:45:55.999Z,sell,9.2e-07,5661.0,0.00520812
TCT/BTC,1583995558092,2020-03-12T06:45:58.092Z,sell,9.2e-07,2015.0,0.0018538
TCT/BTC,1583995558092,2020-03-12T06:45:58.092Z,sell,9.1e-07,3567.0,0.00324597
TCT/BTC,1583995558092,2020-03-12T06:45:58.092Z,sell,9.1e-07,1000.0,0.00091
TCT/BTC,1583995570211,2020-03-12T06:46:10.211Z,buy,9.4e-07,5315.0,0.0049961
TCT/BTC,1583995574995,2020-03-12T06:46:14.995Z,sell,9.3e-07,784.0,0.00072912
TCT/BTC,1583995577927,2020-03-12T06:46:17.927Z,sell,9.3e-07,636.0,0.00059148
TCT/BTC,1583995635335,2020-03-12T06:47:15.335Z,sell,9.3e-07,29323.0,0.02727039
TCT/BTC,1583995649471,2020-03-12T06:47:29.471Z,sell,9.2e-07,6328.0,0.00582176
TCT/BTC,1583995669952,2020-03-12T06:47:49.952Z,sell,9.1e-07,206.0,0.00018746
TCT/BTC,1583995675871,2020-03-12T06:47:55.871Z,buy,9.3e-07,2836.0,0.0026374799999999
TCT/BTC,1583995687673,2020-03-12T06:48:07.673Z,buy,9.3e-07,3520.0,0.0032735999999999
TCT/BTC,1583995688361,2020-03-12T06:48:08.361Z,buy,9.3e-07,600.0,0.000558
TCT/BTC,1583995690613,2020-03-12T06:48:10.613Z,buy,9.3e-07,1403.0,0.00130479
TCT/BTC,1583995712145,2020-03-12T06:48:32.145Z,buy,9.3e-07,15593.0,0.01450149
TCT/BTC,1583995712993,2020-03-12T06:48:32.993Z,buy,9.3e-07,167.0,0.00015531
TCT/BTC,1583995713133,2020-03-12T06:48:33.133Z,buy,9.4e-07,14880.0,0.0139872
TCT/BTC,1583995715326,2020-03-12T06:48:35.326Z,buy,9.4e-07,15264.0,0.01434816
TCT/BTC,1583995715402,2020-03-12T06:48:35.402Z,buy,9.4e-07,14949.0,0.01405206
TCT/BTC,1583995715677,2020-03-12T06:48:35.677Z,buy,9.4e-07,14949.0,0.01405206
TCT/BTC,1583995715804,2020-03-12T06:48:35.804Z,buy,9.4e-07,14949.0,0.01405206
TCT/BTC,1583995717589,2020-03-12T06:48:37.589Z,buy,9.3e-07,5725.0,0.00532425
TCT/BTC,1583995719697,2020-03-12T06:48:39.697Z,buy,9.4e-07,4870.0,0.0045778
TCT/BTC,1583995719825,2020-03-12T06:48:39.825Z,buy,9.4e-07,5983.0,0.00562402
TCT/BTC,1583995720374,2020-03-12T06:48:40.374Z,buy,9.4e-07,15098.0,0.01419212
TCT/BTC,1583995723722,2020-03-12T06:48:43.722Z,buy,9.4e-07,5983.0,0.00562402
TCT/BTC,1583995723847,2020-03-12T06:48:43.847Z,buy,9.4e-07,5983.0,0.00562402
TCT/BTC,1583995727401,2020-03-12T06:48:47.401Z,buy,9.4e-07,322.0,0.00030268
TCT/BTC,1583995727479,2020-03-12T06:48:47.479Z,buy,9.4e-07,322.0,0.00030268
TCT/BTC,1583995727757,2020-03-12T06:48:47.757Z,buy,9.4e-07,6306.0,0.00592764
TCT/BTC,1583995731422,2020-03-12T06:48:51.422Z,buy,9.4e-07,322.0,0.00030268
TCT/BTC,1583995737069,2020-03-12T06:48:57.069Z,buy,9.4e-07,444.0,0.00041736
TCT/BTC,1583995757149,2020-03-12T06:49:17.149Z,buy,9.4e-07,212.0,0.00019928
TCT/BTC,1583995757695,2020-03-12T06:49:17.695Z,buy,9.4e-07,215.0,0.0002021
TCT/BTC,1583995760967,2020-03-12T06:49:20.967Z,buy,9.4e-07,5141.0,0.00483254
TCT/BTC,1583995761623,2020-03-12T06:49:21.623Z,buy,9.4e-07,5141.0,0.00483254
TCT/BTC,1583995762379,2020-03-12T06:49:22.379Z,buy,9.4e-07,1038.0,0.00097572
TCT/BTC,1583995763725,2020-03-12T06:49:23.725Z,buy,9.4e-07,1388.0,0.00130472
TCT/BTC,1583995764127,2020-03-12T06:49:24.127Z,buy,9.4e-07,1388.0,0.00130472
TCT/BTC,1583995764670,2020-03-12T06:49:24.670Z,buy,9.4e-07,1388.0,0.00130472
TCT/BTC,1583995781832,2020-03-12T06:49:41.832Z,buy,9.4e-07,25172.0,0.02366168
TCT/BTC,1583995787674,2020-03-12T06:49:47.674Z,buy,9.4e-07,4317.0,0.00405798
TCT/BTC,1583995787887,2020-03-12T06:49:47.887Z,buy,9.4e-07,165.0,0.0001551
TCT/BTC,1583995803701,2020-03-12T06:50:03.701Z,sell,9.3e-07,784.0,0.00072912
TCT/BTC,1583995816677,2020-03-12T06:50:16.677Z,sell,9.3e-07,6743.0,0.00627099
TCT/BTC,1583995946824,2020-03-12T06:52:26.824Z,sell,9.3e-07,4686.0,0.00435798
TCT/BTC,1583995960030,2020-03-12T06:52:40.030Z,sell,9.3e-07,322.0,0.00029946
TCT/BTC,1583996056476,2020-03-12T06:54:16.476Z,sell,9.3e-07,265.0,0.00024645
TCT/BTC,1583996057745,2020-03-12T06:54:17.745Z,buy,9.3e-07,116.0,0.00010788
TCT/BTC,1583996058872,2020-03-12T06:54:18.872Z,buy,9.3e-07,288.0,0.00026784
TCT/BTC,1583996060500,2020-03-12T06:54:20.500Z,sell,9.3e-07,202.0,0.00018786
TCT/BTC,1583996060902,2020-03-12T06:54:20.902Z,buy,9.3e-07,163.0,0.00015159
TCT/BTC,1583996061750,2020-03-12T06:54:21.750Z,buy,9.3e-07,233.0,0.00021669
TCT/BTC,1583996062515,2020-03-12T06:54:22.515Z,buy,9.3e-07,803.0,0.00074679
TCT/BTC,1583996072306,2020-03-12T06:54:32.306Z,buy,9.4e-07,175.0,0.0001645
TCT/BTC,1583996405563,2020-03-12T07:00:05.563Z,sell,9.3e-07,207.0,0.0001925099999999
TCT/BTC,1583996407497,2020-03-12T07:00:07.497Z,sell,9.3e-07,220.0,0.0002045999999999
TCT/BTC,1583996408284,2020-03-12T07:00:08.284Z,buy,9.4e-07,253.0,0.00023782
TCT/BTC,1583996510556,2020-03-12T07:01:50.556Z,buy,9.4e-07,2103.0,0.00197682
TCT/BTC,1583996662173,2020-03-12T07:04:22.173Z,buy,9.4e-07,500.0,0.00047
TCT/BTC,1583996696884,2020-03-12T07:04:56.884Z,sell,9.3e-07,784.0,0.00072912
TCT/BTC,1583996701870,2020-03-12T07:05:01.870Z,sell,9.3e-07,636.0,0.00059148
TCT/BTC,1583996704894,2020-03-12T07:05:04.894Z,sell,9.3e-07,322.0,0.00029946
TCT/BTC,1583996708805,2020-03-12T07:05:08.805Z,sell,9.3e-07,1388.0,0.00129084
TCT/BTC,1583996866843,2020-03-12T07:07:46.843Z,buy,9.4e-07,2344.0,0.00220336
TCT/BTC,1583996869841,2020-03-12T07:07:49.841Z,buy,9.4e-07,1099.0,0.00103306
TCT/BTC,1583996935310,2020-03-12T07:08:55.310Z,buy,9.5e-07,1245.0,0.00118275
TCT/BTC,1583996936357,2020-03-12T07:08:56.357Z,buy,9.5e-07,2000.0,0.0019
TCT/BTC,1583996936357,2020-03-12T07:08:56.357Z,buy,9.5e-07,2000.0,0.0019
TCT/BTC,1583997273434,2020-03-12T07:14:33.434Z,sell,9.4e-07,427.0,0.00040138
TCT/BTC,1583997344855,2020-03-12T07:15:44.855Z,sell,9.4e-07,427.0,0.00040138
TCT/BTC,1583997908124,2020-03-12T07:25:08.124Z,sell,9.3e-07,265.0,0.00024645
TCT/BTC,1583997913307,2020-03-12T07:25:13.307Z,sell,9.3e-07,340.0,0.0003162
TCT/BTC,1583997942213,2020-03-12T07:25:42.213Z,sell,9.3e-07,173.0,0.0001608899999999
TCT/BTC,1583998039018,2020-03-12T07:27:19.018Z,sell,9.3e-07,6101.0,0.00567393
TCT/BTC,1583998039018,2020-03-12T07:27:19.018Z,sell,9.2e-07,6916.0,0.00636272
TCT/BTC,1583998191067,2020-03-12T07:29:51.067Z,buy,9.3e-07,30.0,2.79e-05
TCT/BTC,1583998242260,2020-03-12T07:30:42.260Z,buy,9.3e-07,763.0,0.00070959
TCT/BTC,1583998429894,2020-03-12T07:33:49.894Z,buy,9.4e-07,3515.0,0.0033041
TCT/BTC,1583998627912,2020-03-12T07:37:07.912Z,buy,9.4e-07,38.0,3.572e-05
TCT/BTC,1583998873818,2020-03-12T07:41:13.818Z,buy,9.4e-07,31.0,2.914e-05
TCT/BTC,1583998935663,2020-03-12T07:42:15.663Z,buy,9.4e-07,36.0,3.384e-05
TCT/BTC,1583999193706,2020-03-12T07:46:33.706Z,buy,9.4e-07,3517.0,0.00330598
TCT/BTC,1583999453296,2020-03-12T07:50:53.296Z,buy,9.4e-07,40.0,3.76e-05
TCT/BTC,1583999489072,2020-03-12T07:51:29.072Z,buy,9.4e-07,33.0,3.102e-05
TCT/BTC,1583999509444,2020-03-12T07:51:49.444Z,sell,9.3e-07,10515.0,0.00977895
TCT/BTC,1583999756376,2020-03-12T07:55:56.376Z,sell,9.3e-07,6804.0,0.00632772
TCT/BTC,1584000296427,2020-03-12T08:04:56.427Z,buy,9.4e-07,50356.0,0.04733464
TCT/BTC,1584000296427,2020-03-12T08:04:56.427Z,buy,9.5e-07,40874.0,0.0388303
TCT/BTC,1584000296427,2020-03-12T08:04:56.427Z,buy,9.6e-07,8770.0,0.0084192
TCT/BTC,1584000333569,2020-03-12T08:05:33.569Z,buy,9.5e-07,1500.0,0.001425
TCT/BTC,1584000524422,2020-03-12T08:08:44.422Z,sell,9.4e-07,7279.0,0.00684226
TCT/BTC,1584000524422,2020-03-12T08:08:44.422Z,sell,9.4e-07,7279.0,0.00684226
TCT/BTC,1584000660818,2020-03-12T08:11:00.818Z,sell,9.4e-07,4086.0,0.00384084
TCT/BTC,1584000825161,2020-03-12T08:13:45.161Z,sell,9.4e-07,2984.0,0.00280496
TCT/BTC,1584001100708,2020-03-12T08:18:20.708Z,sell,9.4e-07,3339.0,0.00313866
TCT/BTC,1584001103410,2020-03-12T08:18:23.410Z,sell,9.4e-07,7507.0,0.00705658
TCT/BTC,1584001594507,2020-03-12T08:26:34.507Z,sell,9.4e-07,6663.0,0.00626322
TCT/BTC,1584001779176,2020-03-12T08:29:39.176Z,sell,9.4e-07,1277.0,0.00120038
TCT/BTC,1584002398050,2020-03-12T08:39:58.050Z,sell,9.4e-07,6123.0,0.00575562
TCT/BTC,1584002585443,2020-03-12T08:43:05.443Z,sell,9.4e-07,20081.0,0.01887614
TCT/BTC,1584002585446,2020-03-12T08:43:05.446Z,sell,9.4e-07,7323.0,0.00688362
TCT/BTC,1584002586764,2020-03-12T08:43:06.764Z,sell,9.4e-07,1716.0,0.00161304
TCT/BTC,1584002586765,2020-03-12T08:43:06.765Z,sell,9.4e-07,1716.0,0.00161304
TCT/BTC,1584002586765,2020-03-12T08:43:06.765Z,sell,9.4e-07,1716.0,0.00161304
TCT/BTC,1584002586766,2020-03-12T08:43:06.766Z,sell,9.4e-07,626.0,0.00058844
TCT/BTC,1584003348201,2020-03-12T08:55:48.201Z,buy,9.5e-07,169384.0,0.1609148
TCT/BTC,1584003389920,2020-03-12T08:56:29.920Z,sell,9.4e-07,250.0,0.000235
TCT/BTC,1584003390024,2020-03-12T08:56:30.024Z,sell,9.4e-07,250.0,0.000235
TCT/BTC,1584003390228,2020-03-12T08:56:30.228Z,sell,9.4e-07,275.0,0.0002585
TCT/BTC,1584003390443,2020-03-12T08:56:30.443Z,sell,9.4e-07,284.0,0.00026696
TCT/BTC,1584003390650,2020-03-12T08:56:30.650Z,sell,9.4e-07,291.0,0.00027354
TCT/BTC,1584003390867,2020-03-12T08:56:30.867Z,sell,9.4e-07,297.0,0.00027918
TCT/BTC,1584003391077,2020-03-12T08:56:31.077Z,sell,9.4e-07,301.0,0.00028294
TCT/BTC,1584003391275,2020-03-12T08:56:31.275Z,sell,9.4e-07,306.0,0.00028764
TCT/BTC,1584003391489,2020-03-12T08:56:31.489Z,sell,9.4e-07,309.0,0.00029046
TCT/BTC,1584003391703,2020-03-12T08:56:31.703Z,sell,9.4e-07,313.0,0.00029422
TCT/BTC,1584003391902,2020-03-12T08:56:31.902Z,sell,9.4e-07,316.0,0.00029704
TCT/BTC,1584003392011,2020-03-12T08:56:32.011Z,sell,9.4e-07,319.0,0.00029986
TCT/BTC,1584003392106,2020-03-12T08:56:32.106Z,sell,9.4e-07,321.0,0.00030174
TCT/BTC,1584003392204,2020-03-12T08:56:32.204Z,sell,9.4e-07,324.0,0.00030456
TCT/BTC,1584003392327,2020-03-12T08:56:32.327Z,sell,9.4e-07,326.0,0.00030644
TCT/BTC,1584003392541,2020-03-12T08:56:32.541Z,sell,9.4e-07,328.0,0.00030832
TCT/BTC,1584003885678,2020-03-12T09:04:45.678Z,sell,9.4e-07,1500.0,0.00141
TCT/BTC,1584004099134,2020-03-12T09:08:19.134Z,sell,9.3e-07,41747.0,0.03882471
TCT/BTC,1584004099134,2020-03-12T09:08:19.134Z,sell,9.3e-07,41747.0,0.03882471
TCT/BTC,1584004332587,2020-03-12T09:12:12.587Z,buy,9.3e-07,1610.0,0.0014973
TCT/BTC,1584004368377,2020-03-12T09:12:48.377Z,sell,9.2e-07,5548.0,0.00510416
TCT/BTC,1584004368377,2020-03-12T09:12:48.377Z,sell,9.2e-07,154367.0,0.14201764
TCT/BTC,1584004368448,2020-03-12T09:12:48.448Z,buy,9.2e-07,5548.0,0.00510416
TCT/BTC,1584004402491,2020-03-12T09:13:22.491Z,sell,9.1e-07,19047.0,0.01733277
TCT/BTC,1584004402497,2020-03-12T09:13:22.497Z,sell,9.1e-07,10177.0,0.00926107
TCT/BTC,1584004402549,2020-03-12T09:13:22.549Z,sell,9.1e-07,24192.0,0.0220147199999999
TCT/BTC,1584004405199,2020-03-12T09:13:25.199Z,buy,9.2e-07,208.0,0.0001913599999999
TCT/BTC,1584004405199,2020-03-12T09:13:25.199Z,buy,9.3e-07,3.0,2.79e-06
TCT/BTC,1584004412582,2020-03-12T09:13:32.582Z,sell,9.1e-07,7187.0,0.00654017
TCT/BTC,1584004412589,2020-03-12T09:13:32.589Z,sell,9.1e-07,1018.0,0.00092638
TCT/BTC,1584004434488,2020-03-12T09:13:54.488Z,sell,9.1e-07,262.0,0.0002384199999999
TCT/BTC,1584004441967,2020-03-12T09:14:01.967Z,buy,9.1e-07,11729.0,0.01067339
TCT/BTC,1584004442255,2020-03-12T09:14:02.255Z,buy,9.1e-07,109.0,9.919e-05
TCT/BTC,1584004445989,2020-03-12T09:14:05.989Z,buy,9.1e-07,1327.0,0.00120757
TCT/BTC,1584004445989,2020-03-12T09:14:05.989Z,buy,9.2e-07,2372.0,0.00218224
TCT/BTC,1584004447188,2020-03-12T09:14:07.188Z,sell,9e-07,22576.0,0.0203184
TCT/BTC,1584004447188,2020-03-12T09:14:07.188Z,sell,9e-07,48543.0,0.0436887
TCT/BTC,1584004447188,2020-03-12T09:14:07.188Z,sell,9e-07,48544.0,0.0436895999999999
TCT/BTC,1584004447188,2020-03-12T09:14:07.188Z,sell,9e-07,13233.0,0.0119096999999999
TCT/BTC,1584004447188,2020-03-12T09:14:07.188Z,sell,9e-07,100000.0,0.09
TCT/BTC,1584004447188,2020-03-12T09:14:07.188Z,sell,9e-07,4470.0,0.004023
TCT/BTC,1584004447199,2020-03-12T09:14:07.199Z,buy,9e-07,62226.0,0.0560033999999999
TCT/BTC,1584004447199,2020-03-12T09:14:07.199Z,buy,9e-07,1068.0,0.0009611999999999
TCT/BTC,1584004447597,2020-03-12T09:14:07.597Z,sell,9.1e-07,210.0,0.0001910999999999
TCT/BTC,1584004470921,2020-03-12T09:14:30.921Z,buy,9.1e-07,208.0,0.00018928
TCT/BTC,1584004476752,2020-03-12T09:14:36.752Z,sell,9.1e-07,11.0,1.001e-05
TCT/BTC,1584004788188,2020-03-12T09:19:48.188Z,buy,9.1e-07,8883.0,0.00808353
TCT/BTC,1584004793992,2020-03-12T09:19:53.992Z,buy,9.2e-07,12948.0,0.01191216
TCT/BTC,1584004797556,2020-03-12T09:19:57.556Z,sell,9.1e-07,219.0,0.00019929
TCT/BTC,1584004841987,2020-03-12T09:20:41.987Z,sell,9.1e-07,219.0,0.00019929
TCT/BTC,1584004847146,2020-03-12T09:20:47.146Z,sell,9.1e-07,240.0,0.0002184
TCT/BTC,1584004851867,2020-03-12T09:20:51.867Z,sell,9e-07,1709.0,0.0015381
TCT/BTC,1584004851956,2020-03-12T09:20:51.956Z,buy,9e-07,37.0,3.33e-05
TCT/BTC,1584004856355,2020-03-12T09:20:56.355Z,buy,9e-07,2000.0,0.0018
TCT/BTC,1584004868285,2020-03-12T09:21:08.285Z,buy,9e-07,112.0,0.0001008
TCT/BTC,1584004881673,2020-03-12T09:21:21.673Z,buy,9e-07,3263.0,0.0029367
TCT/BTC,1584004915978,2020-03-12T09:21:55.978Z,sell,9e-07,1071.0,0.0009639
TCT/BTC,1584004928052,2020-03-12T09:22:08.052Z,sell,9e-07,68715.0,0.0618434999999999
TCT/BTC,1584004932069,2020-03-12T09:22:12.069Z,buy,9.1e-07,3055.0,0.00278005
TCT/BTC,1584004933318,2020-03-12T09:22:13.318Z,sell,9e-07,1133.0,0.0010197
TCT/BTC,1584004979007,2020-03-12T09:22:59.007Z,sell,9e-07,580.0,0.000522
TCT/BTC,1584004979028,2020-03-12T09:22:59.028Z,buy,9.1e-07,580.0,0.0005278
TCT/BTC,1584005013557,2020-03-12T09:23:33.557Z,sell,9e-07,581.0,0.0005229
TCT/BTC,1584005055862,2020-03-12T09:24:15.862Z,sell,8.9e-07,415.0,0.0003693499999999
TCT/BTC,1584005055862,2020-03-12T09:24:15.862Z,sell,8.9e-07,1467.0,0.00130563
TCT/BTC,1584005064483,2020-03-12T09:24:24.483Z,sell,8.9e-07,3342.0,0.00297438
TCT/BTC,1584005067437,2020-03-12T09:24:27.437Z,sell,8.9e-07,122627.0,0.10913803
TCT/BTC,1584005067437,2020-03-12T09:24:27.437Z,sell,8.8e-07,282299.0,0.24842312
TCT/BTC,1584005067462,2020-03-12T09:24:27.462Z,buy,8.8e-07,27085.0,0.0238348
TCT/BTC,1584005123671,2020-03-12T09:25:23.671Z,buy,9e-07,37.0,3.33e-05
TCT/BTC,1584005139597,2020-03-12T09:25:39.597Z,buy,9e-07,33.0,2.97e-05
TCT/BTC,1584005275532,2020-03-12T09:27:55.532Z,sell,8.8e-07,639.0,0.00056232
TCT/BTC,1584005418648,2020-03-12T09:30:18.648Z,sell,8.8e-07,3679.0,0.00323752
TCT/BTC,1584005500729,2020-03-12T09:31:40.729Z,buy,8.9e-07,777.0,0.00069153
TCT/BTC,1584005555683,2020-03-12T09:32:35.683Z,buy,9e-07,8970.0,0.008073
TCT/BTC,1584005561141,2020-03-12T09:32:41.141Z,buy,9.1e-07,2198.0,0.00200018
TCT/BTC,1584005561881,2020-03-12T09:32:41.881Z,buy,9.1e-07,2198.0,0.00200018
TCT/BTC,1584005562111,2020-03-12T09:32:42.111Z,buy,9.1e-07,2198.0,0.00200018
TCT/BTC,1584005562404,2020-03-12T09:32:42.404Z,buy,9.1e-07,21979.0,0.02000089
TCT/BTC,1584005563131,2020-03-12T09:32:43.131Z,buy,9.1e-07,10990.0,0.0100009
TCT/BTC,1584005563349,2020-03-12T09:32:43.349Z,buy,9.1e-07,1099.0,0.00100009
TCT/BTC,1584005596253,2020-03-12T09:33:16.253Z,buy,9.1e-07,55882.0,0.05085262
TCT/BTC,1584005598554,2020-03-12T09:33:18.554Z,sell,9e-07,2434.0,0.0021906
TCT/BTC,1584005598648,2020-03-12T09:33:18.648Z,sell,9e-07,2434.0,0.0021906
TCT/BTC,1584005598861,2020-03-12T09:33:18.861Z,sell,9e-07,2677.0,0.0024093
TCT/BTC,1584005599178,2020-03-12T09:33:19.178Z,sell,9e-07,2766.0,0.0024893999999999
TCT/BTC,1584005599701,2020-03-12T09:33:19.701Z,sell,9e-07,2835.0,0.0025515
TCT/BTC,1584005599910,2020-03-12T09:33:19.910Z,sell,9e-07,2892.0,0.0026027999999999
TCT/BTC,1584005600233,2020-03-12T09:33:20.233Z,sell,9e-07,2940.0,0.002646
TCT/BTC,1584005600420,2020-03-12T09:33:20.420Z,sell,9e-07,2982.0,0.0026838
TCT/BTC,1584005600645,2020-03-12T09:33:20.645Z,sell,9e-07,3019.0,0.0027171
TCT/BTC,1584005600844,2020-03-12T09:33:20.844Z,sell,9e-07,3052.0,0.0027467999999999
TCT/BTC,1584005601091,2020-03-12T09:33:21.091Z,sell,9e-07,3083.0,0.0027746999999999
TCT/BTC,1584005601264,2020-03-12T09:33:21.264Z,sell,9e-07,3111.0,0.0027998999999999
TCT/BTC,1584005601469,2020-03-12T09:33:21.469Z,sell,9e-07,3137.0,0.0028233
TCT/BTC,1584005601696,2020-03-12T09:33:21.696Z,sell,9e-07,3161.0,0.0028449
TCT/BTC,1584005601908,2020-03-12T09:33:21.908Z,sell,9e-07,3183.0,0.0028647
TCT/BTC,1584005602103,2020-03-12T09:33:22.103Z,sell,9e-07,3205.0,0.0028845
TCT/BTC,1584005602321,2020-03-12T09:33:22.321Z,sell,9e-07,3225.0,0.0029024999999999
TCT/BTC,1584005602422,2020-03-12T09:33:22.422Z,sell,9e-07,3244.0,0.0029196
TCT/BTC,1584005602517,2020-03-12T09:33:22.517Z,sell,9e-07,3262.0,0.0029357999999999
TCT/BTC,1584005602616,2020-03-12T09:33:22.616Z,sell,9e-07,2437.0,0.0021933
TCT/BTC,1584005688095,2020-03-12T09:34:48.095Z,sell,9e-07,1500.0,0.0013499999999999
TCT/BTC,1584005708586,2020-03-12T09:35:08.586Z,sell,8.9e-07,147.0,0.00013083
TCT/BTC,1584006067974,2020-03-12T09:41:07.974Z,sell,8.9e-07,17384.0,0.01547176
TCT/BTC,1584006170186,2020-03-12T09:42:50.186Z,buy,8.9e-07,21240.0,0.0189036
TCT/BTC,1584006591443,2020-03-12T09:49:51.443Z,sell,8.9e-07,65068.0,0.05791052
TCT/BTC,1584006591461,2020-03-12T09:49:51.461Z,buy,8.9e-07,15151.0,0.0134843899999999
TCT/BTC,1584006591461,2020-03-12T09:49:51.461Z,buy,8.9e-07,21785.0,0.01938865
TCT/BTC,1584006591464,2020-03-12T09:49:51.464Z,buy,8.9e-07,15151.0,0.0134843899999999
TCT/BTC,1584006591481,2020-03-12T09:49:51.481Z,buy,8.9e-07,5924.0,0.0052723599999999
TCT/BTC,1584006591623,2020-03-12T09:49:51.623Z,buy,8.9e-07,3431.0,0.0030535899999999
TCT/BTC,1584006591988,2020-03-12T09:49:51.988Z,buy,8.9e-07,1745.0,0.0015530499999999
TCT/BTC,1584006595513,2020-03-12T09:49:55.513Z,sell,8.8e-07,2100.0,0.001848
TCT/BTC,1584006608037,2020-03-12T09:50:08.037Z,buy,8.9e-07,465.0,0.00041385
TCT/BTC,1584006631161,2020-03-12T09:50:31.161Z,buy,8.9e-07,56180.0,0.0500001999999999
TCT/BTC,1584006748163,2020-03-12T09:52:28.163Z,sell,8.9e-07,142466.0,0.12679474
TCT/BTC,1584006812882,2020-03-12T09:53:32.882Z,sell,8.9e-07,1397.0,0.00124333
TCT/BTC,1584006905252,2020-03-12T09:55:05.252Z,sell,8.9e-07,23076.0,0.02053764
TCT/BTC,1584007456288,2020-03-12T10:04:16.288Z,sell,8.9e-07,1123595.0,0.99999955
TCT/BTC,1584007462010,2020-03-12T10:04:22.010Z,sell,8.9e-07,898876.0,0.7999996399999999
TCT/BTC,1584007463152,2020-03-12T10:04:23.152Z,sell,8.9e-07,502.0,0.00044678
TCT/BTC,1584007563380,2020-03-12T10:06:03.380Z,sell,8.9e-07,10621.0,0.00945269
TCT/BTC,1584007598051,2020-03-12T10:06:38.051Z,sell,8.9e-07,685.0,0.00060965
TCT/BTC,1584007598051,2020-03-12T10:06:38.051Z,sell,8.9e-07,685.0,0.00060965
TCT/BTC,1584008119611,2020-03-12T10:15:19.611Z,buy,8.9e-07,4892.0,0.00435388
TCT/BTC,1584008122859,2020-03-12T10:15:22.859Z,buy,8.9e-07,2952.0,0.00262728
TCT/BTC,1584008126040,2020-03-12T10:15:26.040Z,sell,8.8e-07,21219.0,0.01867272
TCT/BTC,1584008144978,2020-03-12T10:15:44.978Z,buy,8.9e-07,1035.0,0.0009211499999999
TCT/BTC,1584008149001,2020-03-12T10:15:49.001Z,buy,8.9e-07,82.0,7.298e-05
TCT/BTC,1584008149001,2020-03-12T10:15:49.001Z,buy,9e-07,953.0,0.0008577
TCT/BTC,1584008352999,2020-03-12T10:19:12.999Z,buy,8.9e-07,1387.0,0.00123443
TCT/BTC,1584008660172,2020-03-12T10:24:20.172Z,sell,8.9e-07,18731.0,0.01667059
TCT/BTC,1584008660418,2020-03-12T10:24:20.418Z,sell,8.9e-07,23319.0,0.02075391
TCT/BTC,1584008754497,2020-03-12T10:25:54.497Z,buy,9e-07,12910.0,0.0116189999999999
TCT/BTC,1584008808240,2020-03-12T10:26:48.240Z,sell,8.9e-07,9365.0,0.00833485
TCT/BTC,1584008871630,2020-03-12T10:27:51.630Z,sell,8.8e-07,1573.0,0.00138424
TCT/BTC,1584008915684,2020-03-12T10:28:35.684Z,buy,8.9e-07,3296.0,0.00293344
TCT/BTC,1584008921229,2020-03-12T10:28:41.229Z,buy,8.9e-07,2173.0,0.00193397
TCT/BTC,1584009029764,2020-03-12T10:30:29.764Z,buy,8.9e-07,572.0,0.00050908
TCT/BTC,1584009029764,2020-03-12T10:30:29.764Z,buy,9e-07,3360.0,0.0030239999999999
TCT/BTC,1584009117634,2020-03-12T10:31:57.634Z,sell,8.8e-07,1030.0,0.0009064
TCT/BTC,1584009144184,2020-03-12T10:32:24.184Z,buy,9e-07,223.0,0.0002007
TCT/BTC,1584009194566,2020-03-12T10:33:14.566Z,buy,9e-07,3997.0,0.0035973
TCT/BTC,1584009284320,2020-03-12T10:34:44.320Z,sell,8.9e-07,6292.0,0.00559988
TCT/BTC,1584009339372,2020-03-12T10:35:39.372Z,sell,8.8e-07,25185.0,0.0221628
TCT/BTC,1584009339372,2020-03-12T10:35:39.372Z,sell,8.7e-07,629.0,0.00054723
TCT/BTC,1584009339372,2020-03-12T10:35:39.372Z,sell,8.7e-07,2941.0,0.00255867
TCT/BTC,1584009358934,2020-03-12T10:35:58.934Z,buy,8.8e-07,638.0,0.00056144
TCT/BTC,1584009385705,2020-03-12T10:36:25.705Z,buy,8.9e-07,603.0,0.0005366699999999
TCT/BTC,1584009385938,2020-03-12T10:36:25.938Z,buy,8.9e-07,597.0,0.00053133
TCT/BTC,1584009388384,2020-03-12T10:36:28.384Z,buy,8.9e-07,300.0,0.000267
TCT/BTC,1584009388477,2020-03-12T10:36:28.477Z,buy,9e-07,623.0,0.0005607
TCT/BTC,1584009388496,2020-03-12T10:36:28.496Z,buy,9e-07,616.0,0.0005543999999999
TCT/BTC,1584009388536,2020-03-12T10:36:28.536Z,buy,9e-07,616.0,0.0005543999999999
TCT/BTC,1584009389733,2020-03-12T10:36:29.733Z,buy,9e-07,610.0,0.000549
TCT/BTC,1584009398170,2020-03-12T10:36:38.170Z,sell,8.9e-07,330.0,0.0002937
TCT/BTC,1584009442430,2020-03-12T10:37:22.430Z,buy,8.8e-07,5467.0,0.00481096
TCT/BTC,1584009442558,2020-03-12T10:37:22.558Z,buy,8.8e-07,563.0,0.00049544
TCT/BTC,1584009569032,2020-03-12T10:39:29.032Z,buy,9e-07,25483.0,0.0229347
TCT/BTC,1584009700400,2020-03-12T10:41:40.400Z,sell,8.9e-07,225.0,0.00020025
TCT/BTC,1584009736220,2020-03-12T10:42:16.220Z,sell,8.9e-07,2768.0,0.00246352
TCT/BTC,1584009736220,2020-03-12T10:42:16.220Z,sell,8.8e-07,1500.0,0.00132
TCT/BTC,1584009736220,2020-03-12T10:42:16.220Z,sell,8.7e-07,13078.0,0.01137786
TCT/BTC,1584009736220,2020-03-12T10:42:16.220Z,sell,8.6e-07,145299.0,0.12495714
TCT/BTC,1584009736220,2020-03-12T10:42:16.220Z,sell,8.5e-07,27899.0,0.02371415
TCT/BTC,1584009736220,2020-03-12T10:42:16.220Z,sell,8.5e-07,2903.0,0.00246755
TCT/BTC,1584009736220,2020-03-12T10:42:16.220Z,sell,8.5e-07,10597.0,0.00900745
TCT/BTC,1584009736220,2020-03-12T10:42:16.220Z,sell,8.5e-07,3000.0,0.00255
TCT/BTC,1584009761078,2020-03-12T10:42:41.078Z,sell,8.8e-07,1068.0,0.00093984
TCT/BTC,1584009763499,2020-03-12T10:42:43.499Z,sell,8.8e-07,695.0,0.0006116
TCT/BTC,1584009765227,2020-03-12T10:42:45.227Z,sell,8.8e-07,607.0,0.00053416
TCT/BTC,1584009791322,2020-03-12T10:43:11.322Z,sell,8.8e-07,495.0,0.0004356
TCT/BTC,1584009816415,2020-03-12T10:43:36.415Z,sell,8.8e-07,11746.0,0.01033648
TCT/BTC,1584009818750,2020-03-12T10:43:38.750Z,sell,8.7e-07,458.0,0.00039846
TCT/BTC,1584009818850,2020-03-12T10:43:38.850Z,buy,8.8e-07,2312.0,0.00203456
TCT/BTC,1584009845915,2020-03-12T10:44:05.915Z,sell,8.8e-07,3573.0,0.00314424
TCT/BTC,1584009851343,2020-03-12T10:44:11.343Z,buy,8.9e-07,3906.0,0.0034763399999999
TCT/BTC,1584009871845,2020-03-12T10:44:31.845Z,sell,8.9e-07,198.0,0.00017622
TCT/BTC,1584009892543,2020-03-12T10:44:52.543Z,sell,8.9e-07,122.0,0.00010858
TCT/BTC,1584009913846,2020-03-12T10:45:13.846Z,sell,8.9e-07,1680.0,0.0014952
TCT/BTC,1584009925257,2020-03-12T10:45:25.257Z,buy,8.9e-07,3906.0,0.0034763399999999
TCT/BTC,1584009926033,2020-03-12T10:45:26.033Z,buy,8.9e-07,7482.0,0.0066589799999999
TCT/BTC,1584009944029,2020-03-12T10:45:44.029Z,buy,8.9e-07,7514.0,0.0066874599999999
TCT/BTC,1584009951839,2020-03-12T10:45:51.839Z,buy,8.9e-07,11058.0,0.0098416199999999
TCT/BTC,1584009953273,2020-03-12T10:45:53.273Z,buy,8.9e-07,19680.0,0.0175151999999999
TCT/BTC,1584009954487,2020-03-12T10:45:54.487Z,buy,8.9e-07,5645.0,0.0050240499999999
TCT/BTC,1584009954583,2020-03-12T10:45:54.583Z,buy,8.9e-07,5685.0,0.00505965
TCT/BTC,1584009954631,2020-03-12T10:45:54.631Z,buy,8.9e-07,5703.0,0.00507567
TCT/BTC,1584009954683,2020-03-12T10:45:54.683Z,buy,8.9e-07,5681.0,0.00505609
TCT/BTC,1584009954918,2020-03-12T10:45:54.918Z,buy,8.9e-07,15987.0,0.0142284299999999
TCT/BTC,1584009956862,2020-03-12T10:45:56.862Z,buy,8.9e-07,17442.0,0.01552338
TCT/BTC,1584009957453,2020-03-12T10:45:57.453Z,buy,8.9e-07,3840.0,0.0034176
TCT/BTC,1584009978320,2020-03-12T10:46:18.320Z,buy,9e-07,207.0,0.0001863
TCT/BTC,1584010018127,2020-03-12T10:46:58.127Z,buy,9e-07,24345.0,0.0219105
TCT/BTC,1584010018131,2020-03-12T10:46:58.131Z,buy,9e-07,24345.0,0.0219105
TCT/BTC,1584010018131,2020-03-12T10:46:58.131Z,buy,9e-07,24345.0,0.0219105
TCT/BTC,1584010020625,2020-03-12T10:47:00.625Z,buy,9e-07,32838.0,0.0295542
TCT/BTC,1584010046139,2020-03-12T10:47:26.139Z,sell,8.9e-07,11352.0,0.01010328
TCT/BTC,1584010069062,2020-03-12T10:47:49.062Z,buy,9e-07,7491.0,0.0067418999999999
TCT/BTC,1584010070136,2020-03-12T10:47:50.136Z,buy,9e-07,5818.0,0.0052362
TCT/BTC,1584010070136,2020-03-12T10:47:50.136Z,buy,9.1e-07,17972.0,0.01635452
TCT/BTC,1584010070136,2020-03-12T10:47:50.136Z,buy,9.2e-07,37733.0,0.03471436
TCT/BTC,1584010070192,2020-03-12T10:47:50.192Z,buy,9.2e-07,18420.0,0.0169464
TCT/BTC,1584010070192,2020-03-12T10:47:50.192Z,buy,9.3e-07,14812.0,0.01377516
TCT/BTC,1584010070192,2020-03-12T10:47:50.192Z,buy,9.4e-07,37214.0,0.03498116
TCT/BTC,1584010070192,2020-03-12T10:47:50.192Z,buy,9.5e-07,44068.0,0.0418646
TCT/BTC,1584010070192,2020-03-12T10:47:50.192Z,buy,9.6e-07,35282.0,0.03387072
TCT/BTC,1584010072171,2020-03-12T10:47:52.171Z,buy,9.1e-07,10005.0,0.00910455
TCT/BTC,1584010072600,2020-03-12T10:47:52.600Z,buy,9.1e-07,3315.0,0.00301665
TCT/BTC,1584010073803,2020-03-12T10:47:53.803Z,sell,9.2e-07,10005.0,0.0092046
TCT/BTC,1584010074153,2020-03-12T10:47:54.153Z,sell,9.3e-07,237.0,0.0002204099999999
TCT/BTC,1584010074593,2020-03-12T10:47:54.593Z,buy,9.3e-07,251.0,0.00023343
TCT/BTC,1584010075517,2020-03-12T10:47:55.517Z,buy,9.3e-07,254.0,0.0002362199999999
TCT/BTC,1584010088280,2020-03-12T10:48:08.280Z,sell,9.2e-07,6906.0,0.00635352
TCT/BTC,1584010088280,2020-03-12T10:48:08.280Z,sell,9.1e-07,212.0,0.00019292
TCT/BTC,1584010094382,2020-03-12T10:48:14.382Z,sell,9e-07,3347.0,0.0030123
TCT/BTC,1584010113033,2020-03-12T10:48:33.033Z,buy,9.1e-07,212.0,0.00019292
TCT/BTC,1584010113033,2020-03-12T10:48:33.033Z,buy,9.2e-07,1084.0,0.00099728
TCT/BTC,1584010113033,2020-03-12T10:48:33.033Z,buy,9.3e-07,45.0,4.185e-05
TCT/BTC,1584010166099,2020-03-12T10:49:26.099Z,buy,9.3e-07,1500.0,0.001395
TCT/BTC,1584010168784,2020-03-12T10:49:28.784Z,buy,9.3e-07,1500.0,0.001395
TCT/BTC,1584010170482,2020-03-12T10:49:30.482Z,buy,9.3e-07,1500.0,0.001395
TCT/BTC,1584010224221,2020-03-12T10:50:24.221Z,buy,9.3e-07,224.0,0.00020832
TCT/BTC,1584010270582,2020-03-12T10:51:10.582Z,buy,9.3e-07,182.0,0.00016926
TCT/BTC,1584010287869,2020-03-12T10:51:27.869Z,sell,9.2e-07,1362.0,0.00125304
TCT/BTC,1584010287869,2020-03-12T10:51:27.869Z,sell,9.1e-07,1409.0,0.00128219
TCT/BTC,1584010287869,2020-03-12T10:51:27.869Z,sell,9e-07,167.0,0.0001503
TCT/BTC,1584010309221,2020-03-12T10:51:49.221Z,sell,9e-07,41727.0,0.0375543
TCT/BTC,1584010313343,2020-03-12T10:51:53.343Z,buy,9e-07,331.0,0.0002979
TCT/BTC,1584010321797,2020-03-12T10:52:01.797Z,sell,8.9e-07,9590.0,0.0085351
TCT/BTC,1584010336979,2020-03-12T10:52:16.979Z,buy,8.9e-07,5726.0,0.00509614
TCT/BTC,1584010344010,2020-03-12T10:52:24.010Z,buy,9e-07,5034.0,0.0045306
TCT/BTC,1584010349532,2020-03-12T10:52:29.532Z,sell,8.8e-07,130.0,0.0001144
TCT/BTC,1584010438259,2020-03-12T10:53:58.259Z,sell,8.8e-07,320.0,0.0002816
TCT/BTC,1584010438710,2020-03-12T10:53:58.710Z,sell,8.8e-07,1050.0,0.000924
TCT/BTC,1584010445149,2020-03-12T10:54:05.149Z,buy,9e-07,679.0,0.0006111
TCT/BTC,1584010447698,2020-03-12T10:54:07.698Z,sell,8.7e-07,9188.0,0.00799356
TCT/BTC,1584010463499,2020-03-12T10:54:23.499Z,sell,8.7e-07,9430.0,0.0082041
TCT/BTC,1584010463708,2020-03-12T10:54:23.708Z,sell,8.7e-07,7561.0,0.00657807
TCT/BTC,1584010465013,2020-03-12T10:54:25.013Z,sell,8.7e-07,7491.0,0.00651717
TCT/BTC,1584010467213,2020-03-12T10:54:27.213Z,sell,8.7e-07,5934.0,0.00516258
TCT/BTC,1584010492154,2020-03-12T10:54:52.154Z,sell,8.6e-07,145368.0,0.12501648
TCT/BTC,1584010561340,2020-03-12T10:56:01.340Z,sell,8.5e-07,204615.0,0.17392275
TCT/BTC,1584010570480,2020-03-12T10:56:10.480Z,buy,8.5e-07,2530.0,0.0021505
TCT/BTC,1584010623807,2020-03-12T10:57:03.807Z,buy,8.5e-07,408.0,0.0003468
TCT/BTC,1584010624098,2020-03-12T10:57:04.098Z,buy,8.5e-07,8136.0,0.0069156
TCT/BTC,1584010625564,2020-03-12T10:57:05.564Z,sell,8.5e-07,14599.0,0.01240915
TCT/BTC,1584010625664,2020-03-12T10:57:05.664Z,sell,8.5e-07,14265.0,0.01212525
TCT/BTC,1584010630642,2020-03-12T10:57:10.642Z,buy,8.5e-07,181.0,0.00015385
TCT/BTC,1584010630642,2020-03-12T10:57:10.642Z,buy,8.8e-07,1855.0,0.0016324
TCT/BTC,1584010655198,2020-03-12T10:57:35.198Z,sell,8.5e-07,1047.0,0.00088995
TCT/BTC,1584010660818,2020-03-12T10:57:40.818Z,sell,8.5e-07,181.0,0.00015385
TCT/BTC,1584010671027,2020-03-12T10:57:51.027Z,buy,8.6e-07,2093.0,0.00179998
TCT/BTC,1584010691591,2020-03-12T10:58:11.591Z,sell,8.6e-07,2788.0,0.00239768
TCT/BTC,1584010691591,2020-03-12T10:58:11.591Z,sell,8.5e-07,195831.0,0.16645635
TCT/BTC,1584010695261,2020-03-12T10:58:15.261Z,buy,8.7e-07,3918.0,0.00340866
TCT/BTC,1584010696778,2020-03-12T10:58:16.778Z,buy,8.7e-07,14.0,1.218e-05
TCT/BTC,1584010696778,2020-03-12T10:58:16.778Z,buy,8.8e-07,3553.0,0.00312664
TCT/BTC,1584010724883,2020-03-12T10:58:44.883Z,buy,8.8e-07,14677.0,0.01291576
TCT/BTC,1584010727021,2020-03-12T10:58:47.021Z,buy,8.8e-07,3599.0,0.00316712
TCT/BTC,1584010735893,2020-03-12T10:58:55.893Z,buy,8.7e-07,2874.0,0.00250038
TCT/BTC,1584010752113,2020-03-12T10:59:12.113Z,buy,8.7e-07,3253.0,0.00283011
TCT/BTC,1584010754265,2020-03-12T10:59:14.265Z,sell,8.7e-07,778.0,0.00067686
TCT/BTC,1584010798894,2020-03-12T10:59:58.894Z,sell,8.7e-07,312.0,0.00027144
TCT/BTC,1584010799645,2020-03-12T10:59:59.645Z,buy,8.7e-07,14696.0,0.01278552
TCT/BTC,1584010801489,2020-03-12T11:00:01.489Z,buy,8.7e-07,7974.0,0.00693738
TCT/BTC,1584010802977,2020-03-12T11:00:02.977Z,buy,8.7e-07,3167.0,0.00275529
TCT/BTC,1584010803016,2020-03-12T11:00:03.016Z,buy,8.7e-07,14776.0,0.01285512
TCT/BTC,1584010803056,2020-03-12T11:00:03.056Z,buy,8.7e-07,14811.0,0.01288557
TCT/BTC,1584010803457,2020-03-12T11:00:03.457Z,buy,8.7e-07,14847.0,0.01291689
TCT/BTC,1584010803924,2020-03-12T11:00:03.924Z,buy,8.7e-07,14883.0,0.01294821
TCT/BTC,1584010805523,2020-03-12T11:00:05.523Z,buy,8.7e-07,3277.0,0.00285099
TCT/BTC,1584010814820,2020-03-12T11:00:14.820Z,buy,8.7e-07,2000.0,0.00174
TCT/BTC,1584010814966,2020-03-12T11:00:14.966Z,buy,8.7e-07,26952.0,0.02344824
TCT/BTC,1584010844866,2020-03-12T11:00:44.866Z,buy,8.7e-07,124.0,0.00010788
TCT/BTC,1584010844944,2020-03-12T11:00:44.944Z,buy,8.8e-07,5706.0,0.00502128
TCT/BTC,1584010845073,2020-03-12T11:00:45.073Z,buy,8.8e-07,4975.0,0.004378
TCT/BTC,1584010845276,2020-03-12T11:00:45.276Z,buy,8.8e-07,7140.0,0.0062832
TCT/BTC,1584010850021,2020-03-12T11:00:50.021Z,buy,8.8e-07,18.0,1.584e-05
TCT/BTC,1584010850021,2020-03-12T11:00:50.021Z,buy,8.9e-07,14802.0,0.01317378
TCT/BTC,1584010860979,2020-03-12T11:01:00.979Z,buy,8.9e-07,4315.0,0.0038403499999999
TCT/BTC,1584010861442,2020-03-12T11:01:01.442Z,buy,8.9e-07,24.0,2.136e-05
TCT/BTC,1584010861442,2020-03-12T11:01:01.442Z,buy,9e-07,2774.0,0.0024966
TCT/BTC,1584010880716,2020-03-12T11:01:20.716Z,sell,8.7e-07,149.0,0.00012963
TCT/BTC,1584010885749,2020-03-12T11:01:25.749Z,sell,8.7e-07,2353.0,0.00204711
TCT/BTC,1584010977658,2020-03-12T11:02:57.658Z,sell,8.7e-07,21465.0,0.01867455
TCT/BTC,1584010979485,2020-03-12T11:02:59.485Z,sell,8.7e-07,39125.0,0.03403875
TCT/BTC,1584011041455,2020-03-12T11:04:01.455Z,sell,8.6e-07,1335.0,0.0011481
TCT/BTC,1584011043774,2020-03-12T11:04:03.774Z,buy,8.7e-07,1500.0,0.001305
TCT/BTC,1584011043950,2020-03-12T11:04:03.950Z,sell,8.6e-07,5437.0,0.00467582
TCT/BTC,1584011044062,2020-03-12T11:04:04.062Z,sell,8.6e-07,620.0,0.0005332
TCT/BTC,1584011044062,2020-03-12T11:04:04.062Z,sell,8.5e-07,116874.0,0.0993429
TCT/BTC,1584011044062,2020-03-12T11:04:04.062Z,sell,8.4e-07,296401.0,0.24897684
TCT/BTC,1584011044107,2020-03-12T11:04:04.107Z,buy,8.4e-07,70786.0,0.05946024
TCT/BTC,1584011044354,2020-03-12T11:04:04.354Z,buy,8.4e-07,81537.0,0.06849108
TCT/BTC,1584011046558,2020-03-12T11:04:06.558Z,buy,8.4e-07,1500.0,0.00126
TCT/BTC,1584011047030,2020-03-12T11:04:07.030Z,buy,8.4e-07,4635.0,0.0038934
TCT/BTC,1584011054300,2020-03-12T11:04:14.300Z,sell,8.3e-07,39902.0,0.03311866
TCT/BTC,1584011109436,2020-03-12T11:05:09.436Z,sell,8.4e-07,4027.0,0.00338268
TCT/BTC,1584011124833,2020-03-12T11:05:24.833Z,sell,8.4e-07,4306.0,0.00361704
TCT/BTC,1584011136146,2020-03-12T11:05:36.146Z,sell,8.4e-07,172.0,0.00014448
TCT/BTC,1584011151599,2020-03-12T11:05:51.599Z,sell,8.3e-07,96021.0,0.07969743
TCT/BTC,1584011153464,2020-03-12T11:05:53.464Z,sell,8.3e-07,17938.0,0.01488854
TCT/BTC,1584011153988,2020-03-12T11:05:53.988Z,sell,8.3e-07,3705.0,0.00307515
TCT/BTC,1584011154039,2020-03-12T11:05:54.039Z,sell,8.3e-07,3725.0,0.00309175
TCT/BTC,1584011154242,2020-03-12T11:05:54.242Z,sell,8.3e-07,8254.0,0.00685082
TCT/BTC,1584011165663,2020-03-12T11:06:05.663Z,sell,8.2e-07,16226.0,0.0133053199999999
TCT/BTC,1584011165720,2020-03-12T11:06:05.720Z,sell,8.2e-07,775.0,0.0006355
TCT/BTC,1584011165739,2020-03-12T11:06:05.739Z,sell,8.3e-07,792.0,0.00065736
TCT/BTC,1584011165757,2020-03-12T11:06:05.757Z,sell,8.3e-07,37208.0,0.03088264
TCT/BTC,1584011165762,2020-03-12T11:06:05.762Z,sell,8.2e-07,24207.0,0.01984974
TCT/BTC,1584011165762,2020-03-12T11:06:05.762Z,sell,8.1e-07,5750.0,0.0046575
TCT/BTC,1584011165762,2020-03-12T11:06:05.762Z,sell,8e-07,7747.0,0.0061975999999999
TCT/BTC,1584011165762,2020-03-12T11:06:05.762Z,sell,7.9e-07,14178.0,0.01120062
TCT/BTC,1584011165762,2020-03-12T11:06:05.762Z,sell,7.8e-07,64102.0,0.04999956
TCT/BTC,1584011165762,2020-03-12T11:06:05.762Z,sell,7.7e-07,119729.0,0.09219133
TCT/BTC,1584011165762,2020-03-12T11:06:05.762Z,sell,7.6e-07,12501.0,0.00950076
TCT/BTC,1584011165762,2020-03-12T11:06:05.762Z,sell,7.4e-07,400183.0,0.29613542
TCT/BTC,1584011165782,2020-03-12T11:06:05.782Z,buy,7.5e-07,4645.0,0.00348375
TCT/BTC,1584011165782,2020-03-12T11:06:05.782Z,buy,7.6e-07,3394.0,0.00257944
TCT/BTC,1584011165784,2020-03-12T11:06:05.784Z,sell,7.4e-07,501.0,0.00037074
TCT/BTC,1584011165786,2020-03-12T11:06:05.786Z,buy,7.6e-07,3599.0,0.00273524
TCT/BTC,1584011165786,2020-03-12T11:06:05.786Z,buy,7.8e-07,7936.0,0.00619008
TCT/BTC,1584011165786,2020-03-12T11:06:05.786Z,buy,8e-07,26766.0,0.0214128
TCT/BTC,1584011166042,2020-03-12T11:06:06.042Z,sell,7.5e-07,6484.0,0.004863
TCT/BTC,1584011166057,2020-03-12T11:06:06.057Z,sell,7.5e-07,1129.0,0.00084675
TCT/BTC,1584011166083,2020-03-12T11:06:06.083Z,sell,7.5e-07,16225.0,0.01216875
TCT/BTC,1584011166218,2020-03-12T11:06:06.218Z,sell,7.9e-07,6318.0,0.0049912199999999
TCT/BTC,1584011166218,2020-03-12T11:06:06.218Z,sell,7.5e-07,9893.0,0.00741975
TCT/BTC,1584011166280,2020-03-12T11:06:06.280Z,buy,8.1e-07,4228.0,0.00342468
TCT/BTC,1584011166520,2020-03-12T11:06:06.520Z,sell,7.9e-07,6265.0,0.00494935
TCT/BTC,1584011166520,2020-03-12T11:06:06.520Z,sell,7.5e-07,9963.0,0.00747225
TCT/BTC,1584011166839,2020-03-12T11:06:06.839Z,buy,8e-07,14996.0,0.0119968
TCT/BTC,1584011167178,2020-03-12T11:06:07.178Z,buy,8e-07,65836.0,0.0526687999999999
TCT/BTC,1584011167178,2020-03-12T11:06:07.178Z,buy,8e-07,705.0,0.0005639999999999
TCT/BTC,1584011167178,2020-03-12T11:06:07.178Z,buy,8.1e-07,12.0,9.72e-06
TCT/BTC,1584011167178,2020-03-12T11:06:07.178Z,buy,8.4e-07,45.0,3.78e-05
TCT/BTC,1584011183072,2020-03-12T11:06:23.072Z,sell,8.2e-07,5121.0,0.00419922
TCT/BTC,1584011183072,2020-03-12T11:06:23.072Z,sell,8.2e-07,5121.0,0.00419922
TCT/BTC,1584011204252,2020-03-12T11:06:44.252Z,sell,8.2e-07,79416.0,0.06512112
TCT/BTC,1584011204252,2020-03-12T11:06:44.252Z,sell,8.1e-07,44166.0,0.03577446
TCT/BTC,1584011204269,2020-03-12T11:06:44.269Z,buy,8.1e-07,154613.0,0.1252365299999999
TCT/BTC,1584011210838,2020-03-12T11:06:50.838Z,buy,8.2e-07,4653.0,0.00381546
TCT/BTC,1584011240132,2020-03-12T11:07:20.132Z,sell,8.2e-07,500.0,0.00041
TCT/BTC,1584011243368,2020-03-12T11:07:23.368Z,sell,8.2e-07,500.0,0.00041
TCT/BTC,1584011245970,2020-03-12T11:07:25.970Z,sell,8.2e-07,500.0,0.00041
TCT/BTC,1584011253595,2020-03-12T11:07:33.595Z,buy,8.3e-07,45623.0,0.03786709
TCT/BTC,1584011266719,2020-03-12T11:07:46.719Z,buy,8.3e-07,164.0,0.00013612
TCT/BTC,1584011270043,2020-03-12T11:07:50.043Z,buy,8.3e-07,121329.0,0.10070307
TCT/BTC,1584011349725,2020-03-12T11:09:09.725Z,sell,8.1e-07,1111.0,0.00089991
TCT/BTC,1584011430614,2020-03-12T11:10:30.614Z,buy,8.3e-07,1576.0,0.00130808
TCT/BTC,1584011430641,2020-03-12T11:10:30.641Z,sell,8.3e-07,68792.0,0.05709736
TCT/BTC,1584011430664,2020-03-12T11:10:30.664Z,sell,8.3e-07,50113.0,0.04159379
TCT/BTC,1584011430670,2020-03-12T11:10:30.670Z,sell,8.2e-07,506.0,0.00041492
TCT/BTC,1584011430670,2020-03-12T11:10:30.670Z,sell,8.1e-07,10160.0,0.0082296
TCT/BTC,1584011431244,2020-03-12T11:10:31.244Z,buy,8.4e-07,6749.0,0.00566916
TCT/BTC,1584011431244,2020-03-12T11:10:31.244Z,buy,8.5e-07,17347.0,0.01474495
TCT/BTC,1584011434439,2020-03-12T11:10:34.439Z,buy,8.5e-07,41.0,3.485e-05
TCT/BTC,1584011443044,2020-03-12T11:10:43.044Z,sell,8.2e-07,7329.0,0.00600978
TCT/BTC,1584011443822,2020-03-12T11:10:43.822Z,sell,8.2e-07,13000.0,0.01066
TCT/BTC,1584011446601,2020-03-12T11:10:46.601Z,sell,8.2e-07,6364.0,0.00521848
TCT/BTC,1584011461678,2020-03-12T11:11:01.678Z,sell,8.2e-07,7071.0,0.00579822
TCT/BTC,1584011461678,2020-03-12T11:11:01.678Z,sell,8.1e-07,22226.0,0.0180030599999999
TCT/BTC,1584011490017,2020-03-12T11:11:30.017Z,sell,8.2e-07,2341.0,0.00191962
TCT/BTC,1584011490020,2020-03-12T11:11:30.020Z,sell,8.2e-07,2341.0,0.00191962
TCT/BTC,1584011490021,2020-03-12T11:11:30.021Z,sell,8.2e-07,2302.0,0.0018876399999999
TCT/BTC,1584011507752,2020-03-12T11:11:47.752Z,sell,8.1e-07,578.0,0.00046818
TCT/BTC,1584011521236,2020-03-12T11:12:01.236Z,buy,8.3e-07,601.0,0.00049883
TCT/BTC,1584011569457,2020-03-12T11:12:49.457Z,buy,8.2e-07,207.0,0.0001697399999999
TCT/BTC,1584011569457,2020-03-12T11:12:49.457Z,buy,8.3e-07,276.0,0.00022908
TCT/BTC,1584011588250,2020-03-12T11:13:08.250Z,buy,8.3e-07,247.0,0.00020501
TCT/BTC,1584011703293,2020-03-12T11:15:03.293Z,buy,8.3e-07,2000.0,0.00166
TCT/BTC,1584011827925,2020-03-12T11:17:07.925Z,sell,8.2e-07,9228.0,0.00756696
TCT/BTC,1584011828146,2020-03-12T11:17:08.146Z,buy,8.2e-07,6154.0,0.00504628
TCT/BTC,1584011851335,2020-03-12T11:17:31.335Z,buy,8.2e-07,427.0,0.00035014
TCT/BTC,1584012095194,2020-03-12T11:21:35.194Z,buy,8.2e-07,27557.0,0.02259674
TCT/BTC,1584012095215,2020-03-12T11:21:35.215Z,buy,8.2e-07,27557.0,0.02259674
TCT/BTC,1584012095236,2020-03-12T11:21:35.236Z,buy,8.2e-07,8865.0,0.0072693
TCT/BTC,1584012171094,2020-03-12T11:22:51.094Z,buy,8.2e-07,277.0,0.00022714
TCT/BTC,1584012192217,2020-03-12T11:23:12.217Z,buy,8.2e-07,26576.0,0.02179232
TCT/BTC,1584012192228,2020-03-12T11:23:12.228Z,buy,8.2e-07,9612.0,0.00788184
TCT/BTC,1584012192229,2020-03-12T11:23:12.229Z,buy,8.2e-07,9612.0,0.00788184
TCT/BTC,1584012192229,2020-03-12T11:23:12.229Z,buy,8.2e-07,9612.0,0.00788184
TCT/BTC,1584012192229,2020-03-12T11:23:12.229Z,buy,8.2e-07,7352.0,0.00602864
TCT/BTC,1584012193017,2020-03-12T11:23:13.017Z,buy,8.2e-07,7329.0,0.00600978
TCT/BTC,1584012193020,2020-03-12T11:23:13.020Z,buy,8.2e-07,7329.0,0.00600978
TCT/BTC,1584012193021,2020-03-12T11:23:13.021Z,buy,8.2e-07,3602.0,0.00295364
TCT/BTC,1584012193860,2020-03-12T11:23:13.860Z,buy,8.2e-07,6489.0,0.00532098
TCT/BTC,1584012204289,2020-03-12T11:23:24.289Z,buy,8.3e-07,18072.0,0.01499976
TCT/BTC,1584012227261,2020-03-12T11:23:47.261Z,buy,8.3e-07,4917.0,0.00408111
TCT/BTC,1584012242558,2020-03-12T11:24:02.558Z,buy,8.3e-07,163.0,0.00013529
TCT/BTC,1584012250454,2020-03-12T11:24:10.454Z,buy,8.3e-07,3202.0,0.00265766
TCT/BTC,1584012253898,2020-03-12T11:24:13.898Z,buy,8.3e-07,2156.0,0.00178948
TCT/BTC,1584012254656,2020-03-12T11:24:14.656Z,sell,8.2e-07,1085.0,0.0008897
TCT/BTC,1584012351914,2020-03-12T11:25:51.914Z,sell,8.2e-07,637.0,0.00052234
TCT/BTC,1584012351914,2020-03-12T11:25:51.914Z,sell,8.1e-07,13105.0,0.01061505
TCT/BTC,1584012351914,2020-03-12T11:25:51.914Z,sell,8e-07,2794.0,0.0022351999999999
TCT/BTC,1584012388349,2020-03-12T11:26:28.349Z,sell,8e-07,47891.0,0.0383128
TCT/BTC,1584012428780,2020-03-12T11:27:08.780Z,buy,8.2e-07,2695.0,0.0022099
TCT/BTC,1584012458106,2020-03-12T11:27:38.106Z,sell,8.2e-07,216.0,0.0001771199999999
TCT/BTC,1584012459267,2020-03-12T11:27:39.267Z,sell,8.2e-07,553.0,0.00045346
TCT/BTC,1584012490753,2020-03-12T11:28:10.753Z,buy,8.3e-07,2091.0,0.0017355299999999
TCT/BTC,1584012490778,2020-03-12T11:28:10.778Z,buy,8.3e-07,6145.0,0.00510035
TCT/BTC,1584012498190,2020-03-12T11:28:18.190Z,buy,8.3e-07,57911.0,0.04806613
TCT/BTC,1584012498202,2020-03-12T11:28:18.202Z,buy,8.3e-07,19533.0,0.01621239
TCT/BTC,1584012863927,2020-03-12T11:34:23.927Z,buy,8.4e-07,2000.0,0.00168
TCT/BTC,1584012938378,2020-03-12T11:35:38.378Z,sell,8.2e-07,8762.0,0.00718484
TCT/BTC,1584013017976,2020-03-12T11:36:57.976Z,sell,8.3e-07,603.0,0.00050049
TCT/BTC,1584013017976,2020-03-12T11:36:57.976Z,sell,8.2e-07,2343.0,0.00192126
TCT/BTC,1584013159020,2020-03-12T11:39:19.020Z,buy,8.4e-07,183.0,0.00015372
TCT/BTC,1584013308356,2020-03-12T11:41:48.356Z,sell,8.3e-07,6330.0,0.0052539
TCT/BTC,1584013308356,2020-03-12T11:41:48.356Z,sell,8.2e-07,114151.0,0.09360382
TCT/BTC,1584013318143,2020-03-12T11:41:58.143Z,sell,8.3e-07,924.0,0.00076692
TCT/BTC,1584013332033,2020-03-12T11:42:12.033Z,buy,8.4e-07,66052.0,0.05548368
TCT/BTC,1584013332498,2020-03-12T11:42:12.498Z,buy,8.4e-07,100528.0,0.08444352
TCT/BTC,1584013333093,2020-03-12T11:42:13.093Z,buy,8.4e-07,758.0,0.00063672
TCT/BTC,1584013334939,2020-03-12T11:42:14.939Z,buy,8.4e-07,6317.0,0.00530628
TCT/BTC,1584013334955,2020-03-12T11:42:14.955Z,buy,8.4e-07,13.0,1.092e-05
TCT/BTC,1584013383132,2020-03-12T11:43:03.132Z,sell,8.4e-07,7741.0,0.00650244
TCT/BTC,1584013405728,2020-03-12T11:43:25.728Z,sell,8.3e-07,520.0,0.0004316
TCT/BTC,1584013415413,2020-03-12T11:43:35.413Z,sell,8.4e-07,6103.0,0.00512652
TCT/BTC,1584013430086,2020-03-12T11:43:50.086Z,buy,8.4e-07,2918.0,0.00245112
TCT/BTC,1584013430089,2020-03-12T11:43:50.089Z,buy,8.4e-07,3185.0,0.0026754
TCT/BTC,1584013451528,2020-03-12T11:44:11.528Z,buy,8.5e-07,28559.0,0.02427515
TCT/BTC,1584013451546,2020-03-12T11:44:11.546Z,buy,8.5e-07,28559.0,0.02427515
TCT/BTC,1584013451603,2020-03-12T11:44:11.603Z,buy,8.5e-07,28559.0,0.02427515
TCT/BTC,1584013451630,2020-03-12T11:44:11.630Z,buy,8.5e-07,28559.0,0.02427515
TCT/BTC,1584013452730,2020-03-12T11:44:12.730Z,buy,8.5e-07,10357.0,0.00880345
TCT/BTC,1584013465602,2020-03-12T11:44:25.602Z,buy,8.5e-07,24.0,2.04e-05
TCT/BTC,1584013465602,2020-03-12T11:44:25.602Z,buy,8.6e-07,307.0,0.00026402
TCT/BTC,1584013480201,2020-03-12T11:44:40.201Z,buy,8.6e-07,21002.0,0.01806172
TCT/BTC,1584013504612,2020-03-12T11:45:04.612Z,buy,8.6e-07,219.0,0.00018834
TCT/BTC,1584013504711,2020-03-12T11:45:04.711Z,buy,8.6e-07,2478.0,0.00213108
TCT/BTC,1584013504711,2020-03-12T11:45:04.711Z,buy,8.7e-07,507.0,0.00044109
TCT/BTC,1584013574148,2020-03-12T11:46:14.148Z,buy,8.7e-07,5511.0,0.00479457
TCT/BTC,1584013589642,2020-03-12T11:46:29.642Z,sell,8.5e-07,1243.0,0.00105655
TCT/BTC,1584013589642,2020-03-12T11:46:29.642Z,sell,8.4e-07,17049.0,0.01432116
TCT/BTC,1584013604461,2020-03-12T11:46:44.461Z,sell,8.4e-07,18072.0,0.01518048
TCT/BTC,1584013608701,2020-03-12T11:46:48.701Z,sell,8.5e-07,6159.0,0.00523515
TCT/BTC,1584013651910,2020-03-12T11:47:31.910Z,buy,8.5e-07,578.0,0.0004913
TCT/BTC,1584013651910,2020-03-12T11:47:31.910Z,buy,8.6e-07,761.0,0.00065446
TCT/BTC,1584013709992,2020-03-12T11:48:29.992Z,buy,8.5e-07,595.0,0.00050575
TCT/BTC,1584013746065,2020-03-12T11:49:06.065Z,buy,8.5e-07,8.0,6.8e-06
TCT/BTC,1584013816801,2020-03-12T11:50:16.801Z,buy,8.5e-07,6159.0,0.00523515
TCT/BTC,1584013951174,2020-03-12T11:52:31.174Z,sell,8.5e-07,2091.0,0.00177735
TCT/BTC,1584013951185,2020-03-12T11:52:31.185Z,sell,8.5e-07,544.0,0.0004624
TCT/BTC,1584013951454,2020-03-12T11:52:31.454Z,sell,8.5e-07,2102.0,0.0017867
TCT/BTC,1584013952032,2020-03-12T11:52:32.032Z,sell,8.5e-07,2113.0,0.00179605
TCT/BTC,1584013952042,2020-03-12T11:52:32.042Z,sell,8.5e-07,544.0,0.0004624
TCT/BTC,1584013987440,2020-03-12T11:53:07.440Z,sell,8.5e-07,841.0,0.00071485
TCT/BTC,1584013987440,2020-03-12T11:53:07.440Z,sell,8.4e-07,5041.0,0.00423444
TCT/BTC,1584014011698,2020-03-12T11:53:31.698Z,sell,8.4e-07,142.0,0.00011928
TCT/BTC,1584014225993,2020-03-12T11:57:05.993Z,sell,8.4e-07,500.0,0.00042
TCT/BTC,1584014231105,2020-03-12T11:57:11.105Z,buy,8.5e-07,2971.0,0.00252535
TCT/BTC,1584014291475,2020-03-12T11:58:11.475Z,buy,8.5e-07,1672.0,0.0014212
TCT/BTC,1584014291497,2020-03-12T11:58:11.497Z,buy,8.5e-07,1441.0,0.00122485
TCT/BTC,1584014388742,2020-03-12T11:59:48.742Z,buy,8.6e-07,406.0,0.00034916
TCT/BTC,1584014581755,2020-03-12T12:03:01.755Z,buy,8.6e-07,406.0,0.00034916
TCT/BTC,1584014590276,2020-03-12T12:03:10.276Z,sell,8.4e-07,1121.0,0.00094164
TCT/BTC,1584014605604,2020-03-12T12:03:25.604Z,sell,8.4e-07,328.0,0.00027552
TCT/BTC,1584014648100,2020-03-12T12:04:08.100Z,sell,8.5e-07,118.0,0.0001003
TCT/BTC,1584014648100,2020-03-12T12:04:08.100Z,sell,8.5e-07,118.0,0.0001003
TCT/BTC,1584014845676,2020-03-12T12:07:25.676Z,sell,8.5e-07,725.0,0.00061625
TCT/BTC,1584014854118,2020-03-12T12:07:34.118Z,buy,8.5e-07,118.0,0.0001003
TCT/BTC,1584014862630,2020-03-12T12:07:42.630Z,buy,8.5e-07,118.0,0.0001003
TCT/BTC,1584014865804,2020-03-12T12:07:45.804Z,buy,8.5e-07,39.0,3.315e-05
TCT/BTC,1584015258712,2020-03-12T12:14:18.712Z,sell,8.4e-07,1813.0,0.00152292
TCT/BTC,1584015308170,2020-03-12T12:15:08.170Z,buy,8.4e-07,120.0,0.0001008
TCT/BTC,1584015324193,2020-03-12T12:15:24.193Z,buy,8.4e-07,547.0,0.00045948
TCT/BTC,1584015324218,2020-03-12T12:15:24.218Z,sell,8.4e-07,5307.0,0.00445788
TCT/BTC,1584015341129,2020-03-12T12:15:41.129Z,sell,8.4e-07,6299.0,0.00529116
TCT/BTC,1584015427874,2020-03-12T12:17:07.874Z,sell,8.4e-07,1224.0,0.00102816
TCT/BTC,1584015431553,2020-03-12T12:17:11.553Z,sell,8.3e-07,4423.0,0.00367109
TCT/BTC,1584015434291,2020-03-12T12:17:14.291Z,sell,8.3e-07,6916.0,0.00574028
TCT/BTC,1584015461071,2020-03-12T12:17:41.071Z,sell,8.3e-07,2032.0,0.00168656
TCT/BTC,1584015546630,2020-03-12T12:19:06.630Z,sell,8.3e-07,1289.0,0.00106987
TCT/BTC,1584015546630,2020-03-12T12:19:06.630Z,sell,8.2e-07,743.0,0.00060926
TCT/BTC,1584015547668,2020-03-12T12:19:07.668Z,sell,8.3e-07,121.0,0.00010043
TCT/BTC,1584015547668,2020-03-12T12:19:07.668Z,sell,8.2e-07,87.0,7.134e-05
TCT/BTC,1584015746735,2020-03-12T12:22:26.735Z,sell,8.2e-07,139.0,0.00011398
TCT/BTC,1584015843163,2020-03-12T12:24:03.163Z,sell,8.2e-07,86972.0,0.07131704
TCT/BTC,1584015881280,2020-03-12T12:24:41.280Z,sell,8.2e-07,46404.0,0.03805128
TCT/BTC,1584016044066,2020-03-12T12:27:24.066Z,buy,8.3e-07,9072.0,0.00752976
TCT/BTC,1584016127088,2020-03-12T12:28:47.088Z,buy,8.3e-07,122.0,0.00010126
TCT/BTC,1584016127088,2020-03-12T12:28:47.088Z,buy,8.4e-07,65.0,5.46e-05
TCT/BTC,1584016348768,2020-03-12T12:32:28.768Z,buy,8.4e-07,666.0,0.00055944
TCT/BTC,1584016457170,2020-03-12T12:34:17.170Z,sell,8.4e-07,2049.0,0.00172116
TCT/BTC,1584016457196,2020-03-12T12:34:17.196Z,sell,8.4e-07,1428.0,0.00119952
TCT/BTC,1584016475355,2020-03-12T12:34:35.355Z,buy,8.4e-07,3095.0,0.0025998
TCT/BTC,1584016755423,2020-03-12T12:39:15.423Z,sell,8.4e-07,2998.0,0.00251832
TCT/BTC,1584016777417,2020-03-12T12:39:37.417Z,buy,8.4e-07,2680.0,0.0022512
TCT/BTC,1584017171772,2020-03-12T12:46:11.772Z,sell,8.4e-07,9746.0,0.00818664
TCT/BTC,1584017331359,2020-03-12T12:48:51.359Z,sell,8.3e-07,204718.0,0.16991594
TCT/BTC,1584017331370,2020-03-12T12:48:51.370Z,buy,8.3e-07,11046.0,0.00916818
TCT/BTC,1584017331371,2020-03-12T12:48:51.371Z,buy,8.3e-07,13467.0,0.01117761
TCT/BTC,1584017462314,2020-03-12T12:51:02.314Z,buy,8.4e-07,806.0,0.00067704
TCT/BTC,1584017833986,2020-03-12T12:57:13.986Z,sell,8.3e-07,121.0,0.00010043
TCT/BTC,1584017833986,2020-03-12T12:57:13.986Z,sell,8.2e-07,218.0,0.00017876
TCT/BTC,1584018241241,2020-03-12T13:04:01.241Z,sell,8.3e-07,336.0,0.00027888
TCT/BTC,1584018245686,2020-03-12T13:04:05.686Z,sell,8.3e-07,553.0,0.00045899
TCT/BTC,1584018245686,2020-03-12T13:04:05.686Z,sell,8.3e-07,553.0,0.00045899
TCT/BTC,1584018413034,2020-03-12T13:06:53.034Z,sell,8.2e-07,16304.0,0.0133692799999999
TCT/BTC,1584018413040,2020-03-12T13:06:53.040Z,sell,8.2e-07,6706.0,0.00549892
TCT/BTC,1584018638437,2020-03-12T13:10:38.437Z,sell,8.2e-07,12183.0,0.00999006
TCT/BTC,1584018638437,2020-03-12T13:10:38.437Z,sell,8.1e-07,244807.0,0.19829367
TCT/BTC,1584018638445,2020-03-12T13:10:38.445Z,buy,8.1e-07,210000.0,0.1701
TCT/BTC,1584018642476,2020-03-12T13:10:42.476Z,sell,8.1e-07,92592.0,0.07499952
TCT/BTC,1584018642476,2020-03-12T13:10:42.476Z,sell,8e-07,74939.0,0.0599511999999999
TCT/BTC,1584018653305,2020-03-12T13:10:53.305Z,buy,8.1e-07,2000.0,0.00162
TCT/BTC,1584018662260,2020-03-12T13:11:02.260Z,buy,8.1e-07,11591.0,0.00938871
TCT/BTC,1584018675539,2020-03-12T13:11:15.539Z,sell,8e-07,3318.0,0.0026544
TCT/BTC,1584018695007,2020-03-12T13:11:35.007Z,buy,8.1e-07,14936.0,0.01209816
TCT/BTC,1584018698541,2020-03-12T13:11:38.541Z,buy,8.1e-07,6630.0,0.0053703
TCT/BTC,1584018705448,2020-03-12T13:11:45.448Z,buy,8.2e-07,2000.0,0.00164
TCT/BTC,1584018727222,2020-03-12T13:12:07.222Z,buy,8.2e-07,2000.0,0.00164
TCT/BTC,1584018750852,2020-03-12T13:12:30.852Z,buy,8.2e-07,2000.0,0.00164
TCT/BTC,1584018797688,2020-03-12T13:13:17.688Z,buy,8.2e-07,86818.0,0.0711907599999999
TCT/BTC,1584018797688,2020-03-12T13:13:17.688Z,buy,8.3e-07,552.0,0.00045816
TCT/BTC,1584018797688,2020-03-12T13:13:17.688Z,buy,8.4e-07,6470.0,0.0054348
TCT/BTC,1584018797688,2020-03-12T13:13:17.688Z,buy,8.5e-07,4612042.0,3.9202357
TCT/BTC,1584018816576,2020-03-12T13:13:36.576Z,sell,8.3e-07,5225.0,0.00433675
TCT/BTC,1584018816583,2020-03-12T13:13:36.583Z,sell,8.3e-07,15737.0,0.01306171
TCT/BTC,1584018816637,2020-03-12T13:13:36.637Z,sell,8.3e-07,1069.0,0.00088727
TCT/BTC,1584018820946,2020-03-12T13:13:40.946Z,sell,8.3e-07,2244.0,0.0018625199999999
TCT/BTC,1584018822545,2020-03-12T13:13:42.545Z,sell,8.3e-07,6844.0,0.00568052
TCT/BTC,1584018832441,2020-03-12T13:13:52.441Z,buy,8.3e-07,22753.0,0.01888499
TCT/BTC,1584018832441,2020-03-12T13:13:52.441Z,buy,8.4e-07,4739151.0,3.98088684
TCT/BTC,1584018877002,2020-03-12T13:14:37.002Z,buy,8.3e-07,612.0,0.00050796
TCT/BTC,1584018878814,2020-03-12T13:14:38.814Z,buy,8.3e-07,622.0,0.00051626
TCT/BTC,1584019199916,2020-03-12T13:19:59.916Z,buy,8.3e-07,6973.0,0.00578759
TCT/BTC,1584019342039,2020-03-12T13:22:22.039Z,sell,8.2e-07,9089.0,0.00745298
TCT/BTC,1584019342039,2020-03-12T13:22:22.039Z,sell,8.1e-07,259.0,0.0002097899999999
TCT/BTC,1584019408253,2020-03-12T13:23:28.253Z,sell,8.2e-07,645.0,0.0005289
TCT/BTC,1584019556173,2020-03-12T13:25:56.173Z,sell,8.1e-07,7000.0,0.00567
TCT/BTC,1584019946852,2020-03-12T13:32:26.852Z,buy,8.3e-07,2000.0,0.00166
TCT/BTC,1584019972984,2020-03-12T13:32:52.984Z,buy,8.3e-07,20189.0,0.01675687
TCT/BTC,1584019987860,2020-03-12T13:33:07.860Z,sell,8.2e-07,1166.0,0.00095612
TCT/BTC,1584020041882,2020-03-12T13:34:01.882Z,buy,8.2e-07,4666.0,0.00382612
TCT/BTC,1584020051613,2020-03-12T13:34:11.613Z,buy,8.2e-07,5192.0,0.0042574399999999
TCT/BTC,1584020233624,2020-03-12T13:37:13.624Z,sell,8.1e-07,214.0,0.00017334
TCT/BTC,1584020324182,2020-03-12T13:38:44.182Z,sell,8.1e-07,2658.0,0.00215298
TCT/BTC,1584020373956,2020-03-12T13:39:33.956Z,buy,8.2e-07,208.0,0.00017056
TCT/BTC,1584020448516,2020-03-12T13:40:48.516Z,buy,8.2e-07,6.0,4.92e-06
TCT/BTC,1584020448516,2020-03-12T13:40:48.516Z,buy,8.3e-07,4483.0,0.00372089
TCT/BTC,1584020465991,2020-03-12T13:41:05.991Z,buy,8.3e-07,270.0,0.0002241
TCT/BTC,1584020540690,2020-03-12T13:42:20.690Z,buy,8.2e-07,6477.0,0.00531114
TCT/BTC,1584020603129,2020-03-12T13:43:23.129Z,buy,8.3e-07,2000.0,0.00166
TCT/BTC,1584020738404,2020-03-12T13:45:38.404Z,buy,8.3e-07,29831.0,0.02475973
TCT/BTC,1584020741187,2020-03-12T13:45:41.187Z,buy,8.3e-07,29818.0,0.02474894
TCT/BTC,1584020752880,2020-03-12T13:45:52.880Z,buy,8.3e-07,27907.0,0.02316281
TCT/BTC,1584020769676,2020-03-12T13:46:09.676Z,buy,8.3e-07,2701.0,0.0022418299999999
TCT/BTC,1584020771810,2020-03-12T13:46:11.810Z,buy,8.3e-07,2000.0,0.00166
TCT/BTC,1584020782442,2020-03-12T13:46:22.442Z,buy,8.3e-07,29838.0,0.02476554
TCT/BTC,1584020791028,2020-03-12T13:46:31.028Z,buy,8.3e-07,2000.0,0.00166
TCT/BTC,1584020823783,2020-03-12T13:47:03.783Z,sell,8.2e-07,552.0,0.00045264
TCT/BTC,1584020832814,2020-03-12T13:47:12.814Z,sell,8.1e-07,21470.0,0.0173907
TCT/BTC,1584020839103,2020-03-12T13:47:19.103Z,buy,8.2e-07,7376.0,0.00604832
TCT/BTC,1584020839103,2020-03-12T13:47:19.103Z,buy,8.3e-07,616.0,0.00051128
TCT/BTC,1584020841126,2020-03-12T13:47:21.126Z,buy,8.3e-07,6314.0,0.00524062
TCT/BTC,1584021057207,2020-03-12T13:50:57.207Z,sell,8.1e-07,6511.0,0.00527391
TCT/BTC,1584021127259,2020-03-12T13:52:07.259Z,sell,8e-07,23219.0,0.0185752
TCT/BTC,1584021127279,2020-03-12T13:52:07.279Z,buy,8e-07,2053.0,0.0016424
TCT/BTC,1584021127505,2020-03-12T13:52:07.505Z,buy,8e-07,38000.0,0.0304
TCT/BTC,1584021127511,2020-03-12T13:52:07.511Z,buy,8e-07,38000.0,0.0304
TCT/BTC,1584021127830,2020-03-12T13:52:07.830Z,buy,8e-07,2000.0,0.0015999999999999
TCT/BTC,1584021127925,2020-03-12T13:52:07.925Z,buy,8e-07,31879.0,0.0255032
TCT/BTC,1584021130033,2020-03-12T13:52:10.033Z,sell,8.1e-07,3608.0,0.00292248
TCT/BTC,1584021197065,2020-03-12T13:53:17.065Z,buy,8.1e-07,4099.0,0.0033201899999999
TCT/BTC,1584021197757,2020-03-12T13:53:17.757Z,buy,8.1e-07,2000.0,0.00162
TCT/BTC,1584021204897,2020-03-12T13:53:24.897Z,buy,8.2e-07,2000.0,0.00164
TCT/BTC,1584021208230,2020-03-12T13:53:28.230Z,sell,8e-07,2038.0,0.0016304
TCT/BTC,1584021208995,2020-03-12T13:53:28.995Z,buy,8.2e-07,4108.0,0.00336856
TCT/BTC,1584021216315,2020-03-12T13:53:36.315Z,buy,8.2e-07,2000.0,0.00164
TCT/BTC,1584021217784,2020-03-12T13:53:37.784Z,sell,8.1e-07,226.0,0.00018306
TCT/BTC,1584021345669,2020-03-12T13:55:45.669Z,buy,8.1e-07,2000.0,0.00162
TCT/BTC,1584021454389,2020-03-12T13:57:34.389Z,buy,8.1e-07,10000.0,0.0081
TCT/BTC,1584021489664,2020-03-12T13:58:09.664Z,sell,8e-07,7229.0,0.0057832
TCT/BTC,1584021800394,2020-03-12T14:03:20.394Z,sell,8e-07,208.0,0.0001663999999999
TCT/BTC,1584021800394,2020-03-12T14:03:20.394Z,sell,8e-07,208.0,0.0001663999999999
TCT/BTC,1584022162497,2020-03-12T14:09:22.497Z,buy,8.1e-07,2000.0,0.00162
TCT/BTC,1584022206126,2020-03-12T14:10:06.126Z,buy,8.1e-07,11252.0,0.00911412
TCT/BTC,1584022465442,2020-03-12T14:14:25.442Z,buy,8.1e-07,168.0,0.0001360799999999
TCT/BTC,1584022510198,2020-03-12T14:15:10.198Z,buy,8.2e-07,3388.0,0.00277816
TCT/BTC,1584022573406,2020-03-12T14:16:13.406Z,sell,8.1e-07,136.0,0.00011016
TCT/BTC,1584022573685,2020-03-12T14:16:13.685Z,buy,8.1e-07,962.0,0.00077922
TCT/BTC,1584022609296,2020-03-12T14:16:49.296Z,sell,8.1e-07,624.0,0.00050544
TCT/BTC,1584022822206,2020-03-12T14:20:22.206Z,sell,8.1e-07,1414.0,0.00114534
TCT/BTC,1584022871082,2020-03-12T14:21:11.082Z,buy,8.1e-07,2000.0,0.00162
TCT/BTC,1584022871358,2020-03-12T14:21:11.358Z,buy,8.1e-07,3000.0,0.00243
TCT/BTC,1584022871372,2020-03-12T14:21:11.372Z,buy,8.1e-07,3000.0,0.00243
TCT/BTC,1584022872242,2020-03-12T14:21:12.242Z,buy,8.1e-07,2000.0,0.00162
TCT/BTC,1584023073942,2020-03-12T14:24:33.942Z,buy,8.1e-07,2000.0,0.00162
TCT/BTC,1584023111331,2020-03-12T14:25:11.331Z,buy,8.1e-07,23772.0,0.01925532
TCT/BTC,1584023168697,2020-03-12T14:26:08.697Z,buy,8.1e-07,14625.0,0.01184625
TCT/BTC,1584023168957,2020-03-12T14:26:08.957Z,buy,8.1e-07,3000.0,0.00243
TCT/BTC,1584023178966,2020-03-12T14:26:18.966Z,buy,8.1e-07,2000.0,0.00162
TCT/BTC,1584023180056,2020-03-12T14:26:20.056Z,buy,8.1e-07,10314.0,0.00835434
TCT/BTC,1584023182831,2020-03-12T14:26:22.831Z,buy,8.1e-07,7640.0,0.0061884
TCT/BTC,1584023184130,2020-03-12T14:26:24.130Z,buy,8.1e-07,5659.0,0.00458379
TCT/BTC,1584023189940,2020-03-12T14:26:29.940Z,buy,8.1e-07,29872.0,0.02419632
TCT/BTC,1584023192041,2020-03-12T14:26:32.041Z,buy,8.1e-07,4192.0,0.00339552
TCT/BTC,1584023194267,2020-03-12T14:26:34.267Z,buy,8.1e-07,3105.0,0.00251505
TCT/BTC,1584023195435,2020-03-12T14:26:35.435Z,buy,8.1e-07,2300.0,0.0018629999999999
TCT/BTC,1584023197831,2020-03-12T14:26:37.831Z,buy,8.1e-07,2000.0,0.00162
TCT/BTC,1584023202829,2020-03-12T14:26:42.829Z,buy,8.1e-07,496.0,0.00040176
TCT/BTC,1584023203199,2020-03-12T14:26:43.199Z,buy,8.1e-07,2000.0,0.00162
TCT/BTC,1584023207622,2020-03-12T14:26:47.622Z,buy,8.1e-07,2000.0,0.00162
TCT/BTC,1584023483052,2020-03-12T14:31:23.052Z,buy,8.1e-07,4103.0,0.00332343
TCT/BTC,1584023483201,2020-03-12T14:31:23.201Z,buy,8.1e-07,12221.0,0.00989901
TCT/BTC,1584023488836,2020-03-12T14:31:28.836Z,buy,8.1e-07,19639.0,0.01590759
TCT/BTC,1584023489925,2020-03-12T14:31:29.925Z,buy,8.1e-07,7274.0,0.00589194
TCT/BTC,1584023491158,2020-03-12T14:31:31.158Z,buy,8.1e-07,2694.0,0.00218214
TCT/BTC,1584023540212,2020-03-12T14:32:20.212Z,buy,8.1e-07,2303.0,0.00186543
TCT/BTC,1584023552361,2020-03-12T14:32:32.361Z,buy,8.1e-07,462.0,0.00037422
TCT/BTC,1584023567535,2020-03-12T14:32:47.535Z,buy,8.1e-07,16028.0,0.01298268
TCT/BTC,1584023651671,2020-03-12T14:34:11.671Z,sell,8.1e-07,412.0,0.0003337199999999
TCT/BTC,1584023934647,2020-03-12T14:38:54.647Z,buy,8.2e-07,486.0,0.0003985199999999
TCT/BTC,1584023947177,2020-03-12T14:39:07.177Z,sell,8.1e-07,7155.0,0.00579555
TCT/BTC,1584024091323,2020-03-12T14:41:31.323Z,buy,8.2e-07,35780.0,0.0293396
TCT/BTC,1584024091323,2020-03-12T14:41:31.323Z,buy,8.3e-07,539685.0,0.44793855
TCT/BTC,1584024091323,2020-03-12T14:41:31.323Z,buy,8.4e-07,41818.0,0.03512712
TCT/BTC,1584024091768,2020-03-12T14:41:31.768Z,sell,8.1e-07,412.0,0.0003337199999999
TCT/BTC,1584024091835,2020-03-12T14:41:31.835Z,sell,8.2e-07,406.0,0.00033292
TCT/BTC,1584024220528,2020-03-12T14:43:40.528Z,sell,8.2e-07,46068.0,0.03777576
TCT/BTC,1584024220534,2020-03-12T14:43:40.534Z,sell,8.2e-07,9898.0,0.00811636
TCT/BTC,1584024221487,2020-03-12T14:43:41.487Z,sell,8.1e-07,412.0,0.0003337199999999
TCT/BTC,1584024342250,2020-03-12T14:45:42.250Z,sell,8.2e-07,412.0,0.00033784
TCT/BTC,1584024553569,2020-03-12T14:49:13.569Z,sell,8.2e-07,14613.0,0.01198266
TCT/BTC,1584024609414,2020-03-12T14:50:09.414Z,sell,8.1e-07,653.0,0.0005289299999999
TCT/BTC,1584024847381,2020-03-12T14:54:07.381Z,buy,8.2e-07,223.0,0.00018286
TCT/BTC,1584024855977,2020-03-12T14:54:15.977Z,buy,8.2e-07,3.0,2.46e-06
TCT/BTC,1584025168587,2020-03-12T14:59:28.587Z,sell,8.1e-07,188.0,0.00015228
TCT/BTC,1584025168587,2020-03-12T14:59:28.587Z,sell,8.1e-07,188.0,0.00015228
TCT/BTC,1584025415990,2020-03-12T15:03:35.990Z,buy,8.3e-07,41.0,3.403e-05
TCT/BTC,1584025416241,2020-03-12T15:03:36.241Z,buy,8.3e-07,3000.0,0.00249
TCT/BTC,1584025416241,2020-03-12T15:03:36.241Z,buy,8.3e-07,3000.0,0.00249
TCT/BTC,1584025416248,2020-03-12T15:03:36.248Z,buy,8.3e-07,3000.0,0.00249
TCT/BTC,1584025419168,2020-03-12T15:03:39.168Z,buy,8.3e-07,371.0,0.00030793
TCT/BTC,1584025580314,2020-03-12T15:06:20.314Z,sell,8.2e-07,370.0,0.0003034
TCT/BTC,1584026595566,2020-03-12T15:23:15.566Z,sell,8.2e-07,427.0,0.00035014
TCT/BTC,1584026603633,2020-03-12T15:23:23.633Z,sell,8.2e-07,223.0,0.00018286
TCT/BTC,1584026654667,2020-03-12T15:24:14.667Z,buy,8.3e-07,39.0,3.237e-05
TCT/BTC,1584027460811,2020-03-12T15:37:40.811Z,buy,8.3e-07,19151.0,0.01589533
TCT/BTC,1584028755038,2020-03-12T15:59:15.038Z,sell,8.2e-07,5235.0,0.0042927
TCT/BTC,1584028755638,2020-03-12T15:59:15.638Z,buy,8.3e-07,46.0,3.818e-05
TCT/BTC,1584028755638,2020-03-12T15:59:15.638Z,buy,8.3e-07,46.0,3.818e-05
TCT/BTC,1584029057265,2020-03-12T16:04:17.265Z,buy,8.3e-07,3963.0,0.00328929
TCT/BTC,1584029433022,2020-03-12T16:10:33.022Z,buy,8.3e-07,1687.0,0.00140021
TCT/BTC,1584029433022,2020-03-12T16:10:33.022Z,buy,8.4e-07,1459.0,0.00122556
TCT/BTC,1584029469789,2020-03-12T16:11:09.789Z,buy,8.4e-07,12367.0,0.01038828
TCT/BTC,1584029474927,2020-03-12T16:11:14.927Z,buy,8.4e-07,4468.0,0.00375312
TCT/BTC,1584029479999,2020-03-12T16:11:19.999Z,buy,8.4e-07,4973.0,0.00417732
TCT/BTC,1584029530852,2020-03-12T16:12:10.852Z,buy,8.4e-07,5978.0,0.00502152
TCT/BTC,1584030378773,2020-03-12T16:26:18.773Z,sell,8.2e-07,7535.0,0.0061787
TCT/BTC,1584031840413,2020-03-12T16:50:40.413Z,sell,8.2e-07,552.0,0.00045264
TCT/BTC,1584031840413,2020-03-12T16:50:40.413Z,sell,8.2e-07,552.0,0.00045264
TCT/BTC,1584032724440,2020-03-12T17:05:24.440Z,buy,8.3e-07,552.0,0.00045816
TCT/BTC,1584032724440,2020-03-12T17:05:24.440Z,buy,8.4e-07,27921.0,0.02345364
TCT/BTC,1584032725576,2020-03-12T17:05:25.576Z,buy,8.4e-07,20338.0,0.01708392
TCT/BTC,1584032728935,2020-03-12T17:05:28.935Z,buy,8.3e-07,552.0,0.00045816
TCT/BTC,1584032728935,2020-03-12T17:05:28.935Z,buy,8.4e-07,13976.0,0.01173984
TCT/BTC,1584032730991,2020-03-12T17:05:30.991Z,buy,8.4e-07,21555.0,0.0181062
TCT/BTC,1584032731499,2020-03-12T17:05:31.499Z,buy,8.4e-07,10377.0,0.00871668
TCT/BTC,1584032735215,2020-03-12T17:05:35.215Z,buy,8.4e-07,7413.0,0.00622692
TCT/BTC,1584032744057,2020-03-12T17:05:44.057Z,buy,8.4e-07,5295.0,0.0044478
TCT/BTC,1584032747578,2020-03-12T17:05:47.578Z,buy,8.4e-07,3782.0,0.00317688
TCT/BTC,1584032747579,2020-03-12T17:05:47.579Z,buy,8.4e-07,4372.0,0.00367248
TCT/BTC,1584032748050,2020-03-12T17:05:48.050Z,buy,8.4e-07,3268.0,0.00274512
TCT/BTC,1584033036254,2020-03-12T17:10:36.254Z,buy,8.4e-07,822.0,0.00069048
TCT/BTC,1584033082671,2020-03-12T17:11:22.671Z,sell,8.2e-07,9019.0,0.00739558
TCT/BTC,1584034060406,2020-03-12T17:27:40.406Z,buy,8.3e-07,133.0,0.00011039
TCT/BTC,1584034138268,2020-03-12T17:28:58.268Z,buy,8.3e-07,229.0,0.00019007
TCT/BTC,1584034455918,2020-03-12T17:34:15.918Z,buy,8.3e-07,36.0,2.988e-05
TCT/BTC,1584034569332,2020-03-12T17:36:09.332Z,buy,8.3e-07,200.0,0.000166
TCT/BTC,1584035155322,2020-03-12T17:45:55.322Z,sell,8.3e-07,9837.0,0.00816471
TCT/BTC,1584035155324,2020-03-12T17:45:55.324Z,sell,8.3e-07,17292.0,0.01435236
TCT/BTC,1584035169106,2020-03-12T17:46:09.106Z,buy,8.3e-07,2104.0,0.00174632
TCT/BTC,1584035169106,2020-03-12T17:46:09.106Z,buy,8.3e-07,2104.0,0.00174632
TCT/BTC,1584035884047,2020-03-12T17:58:04.047Z,buy,8.4e-07,46131.0,0.03875004
TCT/BTC,1584036022631,2020-03-12T18:00:22.631Z,buy,8.4e-07,239.0,0.00020076
TCT/BTC,1584036405189,2020-03-12T18:06:45.189Z,buy,8.4e-07,2472.0,0.00207648
TCT/BTC,1584036524057,2020-03-12T18:08:44.057Z,buy,8.4e-07,36.0,3.024e-05
TCT/BTC,1584036690791,2020-03-12T18:11:30.791Z,buy,8.4e-07,95869.0,0.08052996
TCT/BTC,1584036690793,2020-03-12T18:11:30.793Z,buy,8.4e-07,26576.0,0.02232384
TCT/BTC,1584036690793,2020-03-12T18:11:30.793Z,buy,8.4e-07,29179.0,0.02451036
TCT/BTC,1584037000390,2020-03-12T18:16:40.390Z,buy,8.4e-07,200.0,0.000168
TCT/BTC,1584037034655,2020-03-12T18:17:14.655Z,buy,8.4e-07,357142.0,0.29999928
TCT/BTC,1584037327965,2020-03-12T18:22:07.965Z,buy,8.4e-07,2341.0,0.00196644
TCT/BTC,1584037945147,2020-03-12T18:32:25.147Z,sell,8.3e-07,6003.0,0.00498249
TCT/BTC,1584037945147,2020-03-12T18:32:25.147Z,sell,8.2e-07,639.0,0.00052398
TCT/BTC,1584037945150,2020-03-12T18:32:25.150Z,sell,8.2e-07,3904.0,0.00320128
TCT/BTC,1584038059471,2020-03-12T18:34:19.471Z,sell,8.2e-07,943.0,0.00077326
TCT/BTC,1584038059494,2020-03-12T18:34:19.494Z,sell,8.2e-07,451.0,0.00036982
TCT/BTC,1584038294003,2020-03-12T18:38:14.003Z,buy,8.3e-07,34.0,2.822e-05
TCT/BTC,1584038294003,2020-03-12T18:38:14.003Z,buy,8.3e-07,34.0,2.822e-05
TCT/BTC,1584038822705,2020-03-12T18:47:02.705Z,buy,8.3e-07,1889.0,0.00156787
TCT/BTC,1584038907722,2020-03-12T18:48:27.722Z,buy,8.3e-07,23.0,1.909e-05
TCT/BTC,1584038912026,2020-03-12T18:48:32.026Z,buy,8.4e-07,9905.0,0.0083202
TCT/BTC,1584038959522,2020-03-12T18:49:19.522Z,sell,8.3e-07,722.0,0.00059926
TCT/BTC,1584039661102,2020-03-12T19:01:01.102Z,sell,8.3e-07,25632.0,0.02127456
TCT/BTC,1584039971076,2020-03-12T19:06:11.076Z,sell,8.3e-07,2869.0,0.00238127
TCT/BTC,1584039991590,2020-03-12T19:06:31.590Z,sell,8.3e-07,14837.0,0.01231471
TCT/BTC,1584039991600,2020-03-12T19:06:31.600Z,buy,8.3e-07,48925.0,0.04060775
TCT/BTC,1584040042021,2020-03-12T19:07:22.021Z,buy,8.4e-07,15000.0,0.0126
TCT/BTC,1584040113974,2020-03-12T19:08:33.974Z,buy,8.4e-07,15000.0,0.0126
TCT/BTC,1584040311418,2020-03-12T19:11:51.418Z,buy,8.3e-07,780.0,0.0006474
TCT/BTC,1584040311427,2020-03-12T19:11:51.427Z,sell,8.3e-07,1398.0,0.00116034
TCT/BTC,1584040311427,2020-03-12T19:11:51.427Z,sell,8.3e-07,22577.0,0.01873891
TCT/BTC,1584040311433,2020-03-12T19:11:51.433Z,sell,8.3e-07,22577.0,0.01873891
TCT/BTC,1584040616519,2020-03-12T19:16:56.519Z,sell,8.3e-07,1889.0,0.00156787
TCT/BTC,1584041434306,2020-03-12T19:30:34.306Z,buy,8.4e-07,37463.0,0.03146892
TCT/BTC,1584041434306,2020-03-12T19:30:34.306Z,buy,8.4e-07,37463.0,0.03146892
TCT/BTC,1584042173881,2020-03-12T19:42:53.881Z,sell,8.3e-07,37184.0,0.03086272
TCT/BTC,1584043678421,2020-03-12T20:07:58.421Z,buy,8.4e-07,404354.0,0.33965736
TCT/BTC,1584043907142,2020-03-12T20:11:47.142Z,sell,8.4e-07,81361.0,0.06834324
TCT/BTC,1584043980831,2020-03-12T20:13:00.831Z,sell,8.4e-07,462.0,0.00038808
TCT/BTC,1584044174968,2020-03-12T20:16:14.968Z,sell,8.4e-07,28055.0,0.0235662
TCT/BTC,1584044369211,2020-03-12T20:19:29.211Z,sell,8.4e-07,24864.0,0.02088576
TCT/BTC,1584044369630,2020-03-12T20:19:29.630Z,buy,8.4e-07,10020.0,0.0084168
TCT/BTC,1584044369638,2020-03-12T20:19:29.638Z,buy,8.4e-07,10020.0,0.0084168
TCT/BTC,1584044375593,2020-03-12T20:19:35.593Z,buy,8.4e-07,9665.0,0.0081186
TCT/BTC,1584044375688,2020-03-12T20:19:35.688Z,buy,8.4e-07,5370.0,0.0045108
TCT/BTC,1584044377376,2020-03-12T20:19:37.376Z,sell,8.4e-07,686.0,0.00057624
TCT/BTC,1584044378031,2020-03-12T20:19:38.031Z,sell,8.4e-07,810.0,0.0006804
TCT/BTC,1584044379883,2020-03-12T20:19:39.883Z,sell,8.4e-07,657.0,0.00055188
TCT/BTC,1584044542054,2020-03-12T20:22:22.054Z,sell,8.4e-07,2142.0,0.00179928
TCT/BTC,1584044707796,2020-03-12T20:25:07.796Z,sell,8.3e-07,414863.0,0.34433629
TCT/BTC,1584044707805,2020-03-12T20:25:07.805Z,buy,8.3e-07,208955.0,0.17343265
TCT/BTC,1584044707841,2020-03-12T20:25:07.841Z,buy,8.4e-07,25574.0,0.02148216
TCT/BTC,1584044707841,2020-03-12T20:25:07.841Z,buy,8.5e-07,33904.0,0.0288184
TCT/BTC,1584044707841,2020-03-12T20:25:07.841Z,buy,8.6e-07,143513.0,0.12342118
TCT/BTC,1584044725035,2020-03-12T20:25:25.035Z,sell,8.4e-07,1807.0,0.00151788
TCT/BTC,1584044758905,2020-03-12T20:25:58.905Z,buy,8.4e-07,2000.0,0.00168
TCT/BTC,1584044759504,2020-03-12T20:25:59.504Z,buy,8.4e-07,3997.0,0.00335748
TCT/BTC,1584044759504,2020-03-12T20:25:59.504Z,buy,8.5e-07,681.0,0.00057885
TCT/BTC,1584044780722,2020-03-12T20:26:20.722Z,buy,8.5e-07,1270.0,0.0010795
TCT/BTC,1584044783308,2020-03-12T20:26:23.308Z,sell,8.4e-07,638.0,0.00053592
TCT/BTC,1584044809880,2020-03-12T20:26:49.880Z,buy,8.4e-07,29.0,2.436e-05
TCT/BTC,1584044809880,2020-03-12T20:26:49.880Z,buy,8.6e-07,9.0,7.74e-06
TCT/BTC,1584045006511,2020-03-12T20:30:06.511Z,buy,8.5e-07,91760.0,0.077996
TCT/BTC,1584045006554,2020-03-12T20:30:06.554Z,buy,8.5e-07,28492.0,0.0242182
TCT/BTC,1584045014680,2020-03-12T20:30:14.680Z,buy,8.6e-07,42.0,3.612e-05
TCT/BTC,1584045014680,2020-03-12T20:30:14.680Z,buy,8.6e-07,42.0,3.612e-05
TCT/BTC,1584045454994,2020-03-12T20:37:34.994Z,buy,8.6e-07,7725.0,0.0066435
TCT/BTC,1584046037273,2020-03-12T20:47:17.273Z,sell,8.4e-07,7761.0,0.00651924
TCT/BTC,1584046037524,2020-03-12T20:47:17.524Z,sell,8.4e-07,48000.0,0.04032
TCT/BTC,1584046037534,2020-03-12T20:47:17.534Z,sell,8.4e-07,44000.0,0.03696
TCT/BTC,1584046060484,2020-03-12T20:47:40.484Z,buy,8.4e-07,8639.0,0.00725676
TCT/BTC,1584046097477,2020-03-12T20:48:17.477Z,buy,8.4e-07,8333.0,0.00699972
TCT/BTC,1584046134359,2020-03-12T20:48:54.359Z,buy,8.4e-07,5986.0,0.00502824
TCT/BTC,1584046155576,2020-03-12T20:49:15.576Z,buy,8.4e-07,4276.0,0.00359184
TCT/BTC,1584046157186,2020-03-12T20:49:17.186Z,buy,8.4e-07,3054.0,0.00256536
TCT/BTC,1584046158953,2020-03-12T20:49:18.953Z,buy,8.4e-07,2181.0,0.00183204
TCT/BTC,1584046160008,2020-03-12T20:49:20.008Z,buy,8.4e-07,3507.0,0.00294588
TCT/BTC,1584046285749,2020-03-12T20:51:25.749Z,buy,8.4e-07,30886.0,0.02594424
TCT/BTC,1584046286226,2020-03-12T20:51:26.226Z,buy,8.4e-07,65502.0,0.05502168
TCT/BTC,1584046382671,2020-03-12T20:53:02.671Z,buy,8.4e-07,2336.0,0.00196224
TCT/BTC,1584046430358,2020-03-12T20:53:50.358Z,buy,8.5e-07,6311.0,0.00536435
TCT/BTC,1584046438541,2020-03-12T20:53:58.541Z,sell,8.4e-07,72336.0,0.06076224
TCT/BTC,1584046725990,2020-03-12T20:58:45.990Z,sell,8.4e-07,2050.0,0.001722
TCT/BTC,1584046794354,2020-03-12T20:59:54.354Z,sell,8.4e-07,13337.0,0.01120308
TCT/BTC,1584046794370,2020-03-12T20:59:54.370Z,buy,8.4e-07,1555.0,0.0013062
TCT/BTC,1584046794396,2020-03-12T20:59:54.396Z,buy,8.4e-07,2049.0,0.00172116
TCT/BTC,1584046855889,2020-03-12T21:00:55.889Z,buy,8.4e-07,6364.0,0.00534576
TCT/BTC,1584047173777,2020-03-12T21:06:13.777Z,buy,8.5e-07,2543.0,0.00216155
TCT/BTC,1584047337243,2020-03-12T21:08:57.243Z,sell,8.4e-07,725.0,0.000609
TCT/BTC,1584047652036,2020-03-12T21:14:12.036Z,buy,8.4e-07,30882.0,0.02594088
TCT/BTC,1584047652048,2020-03-12T21:14:12.048Z,buy,8.4e-07,30882.0,0.02594088
TCT/BTC,1584047654177,2020-03-12T21:14:14.177Z,buy,8.4e-07,16293.0,0.01368612
TCT/BTC,1584047682986,2020-03-12T21:14:42.986Z,buy,8.4e-07,2000.0,0.00168
TCT/BTC,1584048201135,2020-03-12T21:23:21.135Z,buy,8.4e-07,31339.0,0.02632476
TCT/BTC,1584048221404,2020-03-12T21:23:41.404Z,buy,8.4e-07,7996.0,0.00671664
TCT/BTC,1584048234717,2020-03-12T21:23:54.717Z,buy,8.4e-07,31608.0,0.02655072
TCT/BTC,1584048488179,2020-03-12T21:28:08.179Z,sell,8.3e-07,2543.0,0.00211069
TCT/BTC,1584048498371,2020-03-12T21:28:18.371Z,sell,8.3e-07,252.0,0.00020916
TCT/BTC,1584048498371,2020-03-12T21:28:18.371Z,sell,8.3e-07,252.0,0.00020916
TCT/BTC,1584048929397,2020-03-12T21:35:29.397Z,sell,8.3e-07,13136.0,0.01090288
TCT/BTC,1584048962921,2020-03-12T21:36:02.921Z,buy,8.3e-07,247.0,0.00020501
TCT/BTC,1584049225275,2020-03-12T21:40:25.275Z,buy,8.3e-07,13488.0,0.01119504
TCT/BTC,1584049286140,2020-03-12T21:41:26.140Z,buy,8.3e-07,290.0,0.0002407
TCT/BTC,1584049745292,2020-03-12T21:49:05.292Z,sell,8.2e-07,46413.0,0.03805866
TCT/BTC,1584049749449,2020-03-12T21:49:09.449Z,buy,8.3e-07,2000.0,0.00166
TCT/BTC,1584049749473,2020-03-12T21:49:09.473Z,sell,8.2e-07,5170.0,0.0042394
TCT/BTC,1584049751895,2020-03-12T21:49:11.895Z,sell,8.2e-07,10566.0,0.0086641199999999
TCT/BTC,1584049755159,2020-03-12T21:49:15.159Z,sell,8.2e-07,3869.0,0.00317258
TCT/BTC,1584049755269,2020-03-12T21:49:15.269Z,buy,8.3e-07,2998.0,0.00248834
TCT/BTC,1584049756864,2020-03-12T21:49:16.864Z,sell,8.2e-07,2000.0,0.00164
TCT/BTC,1584049803071,2020-03-12T21:50:03.071Z,sell,8.1e-07,23310.0,0.0188810999999999
TCT/BTC,1584049803442,2020-03-12T21:50:03.442Z,buy,8.2e-07,122.0,0.00010004
TCT/BTC,1584049804789,2020-03-12T21:50:04.789Z,sell,8.1e-07,1852.0,0.00150012
TCT/BTC,1584049914470,2020-03-12T21:51:54.470Z,sell,8.1e-07,9222.0,0.0074698199999999
TCT/BTC,1584049914597,2020-03-12T21:51:54.597Z,sell,8.1e-07,29416.0,0.0238269599999999
TCT/BTC,1584049915683,2020-03-12T21:51:55.683Z,sell,8.1e-07,758.0,0.00061398
TCT/BTC,1584049944257,2020-03-12T21:52:24.257Z,sell,8.1e-07,4034.0,0.0032675399999999
TCT/BTC,1584049944483,2020-03-12T21:52:24.483Z,sell,8.1e-07,3433.0,0.00278073
TCT/BTC,1584050011730,2020-03-12T21:53:31.730Z,sell,8.1e-07,2428.0,0.0019666799999999
TCT/BTC,1584050109760,2020-03-12T21:55:09.760Z,sell,8.1e-07,6857.0,0.00555417
TCT/BTC,1584050142929,2020-03-12T21:55:42.929Z,sell,8.1e-07,2000.0,0.00162
TCT/BTC,1584050175135,2020-03-12T21:56:15.135Z,sell,8.1e-07,2582.0,0.00209142
TCT/BTC,1584050202891,2020-03-12T21:56:42.891Z,sell,8.1e-07,185607.0,0.1503416699999999
TCT/BTC,1584050203842,2020-03-12T21:56:43.842Z,sell,8.1e-07,2000.0,0.00162
TCT/BTC,1584050212076,2020-03-12T21:56:52.076Z,sell,8.1e-07,12824.0,0.01038744
TCT/BTC,1584050213726,2020-03-12T21:56:53.726Z,sell,8.1e-07,290.0,0.0002349
TCT/BTC,1584050229902,2020-03-12T21:57:09.902Z,sell,8.1e-07,2780.0,0.0022518
TCT/BTC,1584050231039,2020-03-12T21:57:11.039Z,sell,8.1e-07,15498.0,0.01255338
TCT/BTC,1584050231958,2020-03-12T21:57:11.958Z,sell,8.1e-07,2866.0,0.00232146
TCT/BTC,1584050243209,2020-03-12T21:57:23.209Z,sell,8e-07,3872.0,0.0030976
TCT/BTC,1584050260857,2020-03-12T21:57:40.857Z,sell,8e-07,16529.0,0.0132232
TCT/BTC,1584050261014,2020-03-12T21:57:41.014Z,sell,8e-07,914.0,0.0007312
TCT/BTC,1584050261292,2020-03-12T21:57:41.292Z,sell,8e-07,13325.0,0.01066
TCT/BTC,1584050261983,2020-03-12T21:57:41.983Z,sell,8e-07,4515.0,0.0036119999999999
TCT/BTC,1584050262100,2020-03-12T21:57:42.100Z,sell,8e-07,339.0,0.0002712
TCT/BTC,1584050295508,2020-03-12T21:58:15.508Z,sell,8e-07,3374.0,0.0026991999999999
TCT/BTC,1584050397216,2020-03-12T21:59:57.216Z,sell,8e-07,11640.0,0.0093119999999999
TCT/BTC,1584050399234,2020-03-12T21:59:59.234Z,sell,8e-07,4426.0,0.0035407999999999
TCT/BTC,1584050399235,2020-03-12T21:59:59.235Z,sell,8e-07,4825.0,0.0038599999999999
TCT/BTC,1584050418576,2020-03-12T22:00:18.576Z,sell,8e-07,3616.0,0.0028928
TCT/BTC,1584050433310,2020-03-12T22:00:33.310Z,sell,8e-07,2000.0,0.0015999999999999
TCT/BTC,1584050482347,2020-03-12T22:01:22.347Z,sell,8e-07,2000.0,0.0015999999999999
TCT/BTC,1584050494067,2020-03-12T22:01:34.067Z,sell,8e-07,2000.0,0.0015999999999999
TCT/BTC,1584050565436,2020-03-12T22:02:45.436Z,sell,8e-07,368.0,0.0002944
TCT/BTC,1584050646589,2020-03-12T22:04:06.589Z,sell,8e-07,5074.0,0.0040592
TCT/BTC,1584050772808,2020-03-12T22:06:12.808Z,buy,8.1e-07,563.0,0.00045603
TCT/BTC,1584050772814,2020-03-12T22:06:12.814Z,sell,8.1e-07,11388.0,0.00922428
TCT/BTC,1584050772819,2020-03-12T22:06:12.819Z,sell,8.1e-07,394.0,0.00031914
TCT/BTC,1584050885327,2020-03-12T22:08:05.327Z,sell,8e-07,47053.0,0.0376424
TCT/BTC,1584050909507,2020-03-12T22:08:29.507Z,sell,8e-07,9193.0,0.0073544
TCT/BTC,1584050981455,2020-03-12T22:09:41.455Z,sell,8e-07,742.0,0.0005936
TCT/BTC,1584051025245,2020-03-12T22:10:25.245Z,sell,8e-07,60000.0,0.048
TCT/BTC,1584051059539,2020-03-12T22:10:59.539Z,sell,8e-07,60000.0,0.048
TCT/BTC,1584051059573,2020-03-12T22:10:59.573Z,sell,8e-07,31890.0,0.025512
TCT/BTC,1584051064449,2020-03-12T22:11:04.449Z,sell,8e-07,37947.0,0.0303576
TCT/BTC,1584051070208,2020-03-12T22:11:10.208Z,sell,8e-07,14188.0,0.0113504
TCT/BTC,1584051071908,2020-03-12T22:11:11.908Z,sell,8e-07,5363.0,0.0042904
TCT/BTC,1584051432448,2020-03-12T22:17:12.448Z,sell,8e-07,7572.0,0.0060576
TCT/BTC,1584051651060,2020-03-12T22:20:51.060Z,sell,8e-07,60000.0,0.048
TCT/BTC,1584051719544,2020-03-12T22:21:59.544Z,sell,8e-07,685.0,0.000548
TCT/BTC,1584051736921,2020-03-12T22:22:16.921Z,sell,8e-07,3572.0,0.0028576
TCT/BTC,1584051868984,2020-03-12T22:24:28.984Z,sell,8e-07,4747.0,0.0037976
TCT/BTC,1584051868991,2020-03-12T22:24:28.991Z,sell,8e-07,28511.0,0.0228088
TCT/BTC,1584051868995,2020-03-12T22:24:28.995Z,sell,8e-07,28525.0,0.02282
TCT/BTC,1584051916837,2020-03-12T22:25:16.837Z,sell,8e-07,60000.0,0.048
TCT/BTC,1584051916841,2020-03-12T22:25:16.841Z,sell,8e-07,3235.0,0.002588
TCT/BTC,1584052021762,2020-03-12T22:27:01.762Z,sell,8e-07,260.0,0.000208
TCT/BTC,1584052021765,2020-03-12T22:27:01.765Z,sell,8e-07,3296.0,0.0026368
TCT/BTC,1584052058843,2020-03-12T22:27:38.843Z,buy,8.1e-07,136.0,0.00011016
TCT/BTC,1584052058843,2020-03-12T22:27:38.843Z,buy,8.1e-07,136.0,0.00011016
TCT/BTC,1584052491218,2020-03-12T22:34:51.218Z,sell,8e-07,43652.0,0.0349216
TCT/BTC,1584052702464,2020-03-12T22:38:22.464Z,buy,8e-07,164.0,0.0001312
TCT/BTC,1584052718263,2020-03-12T22:38:38.263Z,sell,7.9e-07,150.0,0.0001185
TCT/BTC,1584053654973,2020-03-12T22:54:14.973Z,sell,7.9e-07,39390.0,0.0311181
TCT/BTC,1584053702240,2020-03-12T22:55:02.240Z,buy,8e-07,4818.0,0.0038544
TCT/BTC,1584053706415,2020-03-12T22:55:06.415Z,sell,7.9e-07,1527.0,0.00120633
TCT/BTC,1584054287205,2020-03-12T23:04:47.205Z,sell,7.9e-07,19133.0,0.01511507
TCT/BTC,1584054686762,2020-03-12T23:11:26.762Z,buy,8e-07,557.0,0.0004456
TCT/BTC,1584054728269,2020-03-12T23:12:08.269Z,buy,8e-07,7.0,5.6e-06
TCT/BTC,1584054728269,2020-03-12T23:12:08.269Z,buy,8.1e-07,36555.0,0.02960955
TCT/BTC,1584054732093,2020-03-12T23:12:12.093Z,buy,8e-07,127.0,0.0001015999999999
TCT/BTC,1584054750828,2020-03-12T23:12:30.828Z,buy,8.1e-07,4625.0,0.00374625
TCT/BTC,1584054754737,2020-03-12T23:12:34.737Z,buy,8.1e-07,6731.0,0.00545211
TCT/BTC,1584054764751,2020-03-12T23:12:44.751Z,buy,8.2e-07,2223.0,0.00182286
TCT/BTC,1584054764777,2020-03-12T23:12:44.777Z,buy,8.2e-07,2223.0,0.00182286
TCT/BTC,1584054801471,2020-03-12T23:13:21.471Z,sell,8.1e-07,183.0,0.0001482299999999
TCT/BTC,1584054944181,2020-03-12T23:15:44.181Z,sell,8.1e-07,2000.0,0.00162
TCT/BTC,1584055016050,2020-03-12T23:16:56.050Z,sell,8e-07,2082.0,0.0016656
TCT/BTC,1584055016745,2020-03-12T23:16:56.745Z,sell,8e-07,557.0,0.0004456
TCT/BTC,1584055044337,2020-03-12T23:17:24.337Z,sell,8.1e-07,1903.0,0.0015414299999999
TCT/BTC,1584055048319,2020-03-12T23:17:28.319Z,sell,8e-07,800.0,0.0006399999999999
TCT/BTC,1584055055960,2020-03-12T23:17:35.960Z,buy,8e-07,5853.0,0.0046824
TCT/BTC,1584055119190,2020-03-12T23:18:39.190Z,buy,8e-07,11042.0,0.0088335999999999
TCT/BTC,1584055227124,2020-03-12T23:20:27.124Z,buy,8.1e-07,33328.0,0.0269956799999999
TCT/BTC,1584055227357,2020-03-12T23:20:27.357Z,buy,8.1e-07,15389.0,0.01246509
TCT/BTC,1584055355247,2020-03-12T23:22:35.247Z,buy,8.1e-07,6631.0,0.00537111
TCT/BTC,1584055395609,2020-03-12T23:23:15.609Z,sell,8e-07,12345.0,0.009876
TCT/BTC,1584055411108,2020-03-12T23:23:31.108Z,buy,8.2e-07,17887.0,0.01466734
TCT/BTC,1584055469673,2020-03-12T23:24:29.673Z,buy,8.1e-07,605.0,0.00049005
TCT/BTC,1584055469673,2020-03-12T23:24:29.673Z,buy,8.2e-07,69715.0,0.0571662999999999
TCT/BTC,1584055469678,2020-03-12T23:24:29.678Z,buy,8.3e-07,45.0,3.735e-05
TCT/BTC,1584055556236,2020-03-12T23:25:56.236Z,buy,8.3e-07,102588.0,0.08514804
TCT/BTC,1584055586217,2020-03-12T23:26:26.217Z,sell,8.2e-07,3010.0,0.0024682
TCT/BTC,1584055590464,2020-03-12T23:26:30.464Z,buy,8.3e-07,16545.0,0.0137323499999999
TCT/BTC,1584055590597,2020-03-12T23:26:30.597Z,buy,8.3e-07,21655.0,0.01797365
TCT/BTC,1584055594910,2020-03-12T23:26:34.910Z,sell,8.1e-07,263.0,0.0002130299999999
TCT/BTC,1584055594910,2020-03-12T23:26:34.910Z,sell,8e-07,7686.0,0.0061487999999999
TCT/BTC,1584055594911,2020-03-12T23:26:34.911Z,sell,8e-07,1694.0,0.0013552
TCT/BTC,1584055594931,2020-03-12T23:26:34.931Z,sell,7.9e-07,23338.0,0.01843702
TCT/BTC,1584055594931,2020-03-12T23:26:34.931Z,sell,7.8e-07,32700.0,0.025506
TCT/BTC,1584055594931,2020-03-12T23:26:34.931Z,sell,7.7e-07,3896.0,0.00299992
TCT/BTC,1584055594931,2020-03-12T23:26:34.931Z,sell,7.6e-07,30177.0,0.02293452
TCT/BTC,1584055594931,2020-03-12T23:26:34.931Z,sell,7.5e-07,208143.0,0.15610725
TCT/BTC,1584055594931,2020-03-12T23:26:34.931Z,sell,7.5e-07,14985.0,0.01123875
TCT/BTC,1584055594931,2020-03-12T23:26:34.931Z,sell,7.5e-07,14985.0,0.01123875
TCT/BTC,1584055594963,2020-03-12T23:26:34.963Z,sell,7.5e-07,7825.0,0.00586875
TCT/BTC,1584055595507,2020-03-12T23:26:35.507Z,sell,7.9e-07,5770.0,0.0045582999999999
TCT/BTC,1584055596337,2020-03-12T23:26:36.337Z,sell,7.9e-07,230.0,0.0001817
TCT/BTC,1584055596337,2020-03-12T23:26:36.337Z,sell,7.5e-07,11607.0,0.00870525
TCT/BTC,1584055600961,2020-03-12T23:26:40.961Z,buy,8e-07,400.0,0.0003199999999999
TCT/BTC,1584055601756,2020-03-12T23:26:41.756Z,sell,7.5e-07,1121.0,0.00084075
TCT/BTC,1584055604467,2020-03-12T23:26:44.467Z,buy,7.9e-07,7252.0,0.0057290799999999
TCT/BTC,1584055606313,2020-03-12T23:26:46.313Z,buy,7.9e-07,2000.0,0.0015799999999999
TCT/BTC,1584055624688,2020-03-12T23:27:04.688Z,buy,7.9e-07,663.0,0.00052377
TCT/BTC,1584055624705,2020-03-12T23:27:04.705Z,sell,7.9e-07,22322.0,0.0176343799999999
TCT/BTC,1584055640598,2020-03-12T23:27:20.598Z,buy,8e-07,582.0,0.0004656
TCT/BTC,1584055651715,2020-03-12T23:27:31.715Z,buy,8e-07,4887.0,0.0039096
TCT/BTC,1584055651715,2020-03-12T23:27:31.715Z,buy,8e-07,4887.0,0.0039096
TCT/BTC,1584055666740,2020-03-12T23:27:46.740Z,sell,7.8e-07,251.0,0.00019578
TCT/BTC,1584055754829,2020-03-12T23:29:14.829Z,sell,7.8e-07,12821.0,0.01000038
TCT/BTC,1584055754936,2020-03-12T23:29:14.936Z,sell,7.8e-07,12821.0,0.01000038
TCT/BTC,1584055757103,2020-03-12T23:29:17.103Z,sell,7.8e-07,9564.0,0.00745992
TCT/BTC,1584055760074,2020-03-12T23:29:20.074Z,sell,7.8e-07,16580.0,0.0129324
TCT/BTC,1584055760420,2020-03-12T23:29:20.420Z,sell,7.8e-07,16602.0,0.01294956
TCT/BTC,1584055761013,2020-03-12T23:29:21.013Z,sell,7.8e-07,2788.0,0.00217464
TCT/BTC,1584055770055,2020-03-12T23:29:30.055Z,sell,7.7e-07,13864.0,0.01067528
TCT/BTC,1584055770388,2020-03-12T23:29:30.388Z,sell,7.7e-07,3213.0,0.00247401
TCT/BTC,1584055771255,2020-03-12T23:29:31.255Z,sell,7.7e-07,13395.0,0.01031415
TCT/BTC,1584055772166,2020-03-12T23:29:32.166Z,sell,7.7e-07,30781.0,0.02370137
TCT/BTC,1584055772529,2020-03-12T23:29:32.529Z,sell,7.7e-07,38668.0,0.02977436
TCT/BTC,1584055773988,2020-03-12T23:29:33.988Z,sell,7.7e-07,12847.0,0.00989219
TCT/BTC,1584055774981,2020-03-12T23:29:34.981Z,sell,7.7e-07,38784.0,0.02986368
TCT/BTC,1584055778945,2020-03-12T23:29:38.945Z,sell,7.8e-07,6830.0,0.0053274
TCT/BTC,1584055778945,2020-03-12T23:29:38.945Z,sell,7.7e-07,24307.0,0.01871639
TCT/BTC,1584055784779,2020-03-12T23:29:44.779Z,sell,7.6e-07,8862.0,0.00673512
TCT/BTC,1584055798256,2020-03-12T23:29:58.256Z,sell,7.5e-07,37975.0,0.02848125
TCT/BTC,1584055798455,2020-03-12T23:29:58.455Z,sell,7.5e-07,40998.0,0.0307485
TCT/BTC,1584055798496,2020-03-12T23:29:58.496Z,sell,7.5e-07,38655.0,0.02899125
TCT/BTC,1584055799425,2020-03-12T23:29:59.425Z,sell,7.5e-07,38660.0,0.028995
TCT/BTC,1584055800668,2020-03-12T23:30:00.668Z,sell,7.5e-07,38629.0,0.02897175
TCT/BTC,1584055800926,2020-03-12T23:30:00.926Z,sell,7.5e-07,13902.0,0.0104265
TCT/BTC,1584055800945,2020-03-12T23:30:00.945Z,sell,7.5e-07,38663.0,0.02899725
TCT/BTC,1584055801448,2020-03-12T23:30:01.448Z,sell,7.5e-07,38645.0,0.02898375
TCT/BTC,1584055801558,2020-03-12T23:30:01.558Z,sell,7.5e-07,13918.0,0.0104385
TCT/BTC,1584055809678,2020-03-12T23:30:09.678Z,sell,7.5e-07,2355.0,0.00176625
TCT/BTC,1584055809678,2020-03-12T23:30:09.678Z,sell,7.4e-07,52650.0,0.038961
TCT/BTC,1584055809772,2020-03-12T23:30:09.772Z,sell,7.4e-07,36982.0,0.02736668
TCT/BTC,1584055809772,2020-03-12T23:30:09.772Z,sell,7.4e-07,23018.0,0.01703332
TCT/BTC,1584055812670,2020-03-12T23:30:12.670Z,sell,7.5e-07,198.0,0.0001485
TCT/BTC,1584055813920,2020-03-12T23:30:13.920Z,sell,7.5e-07,54522.0,0.0408915
TCT/BTC,1584055825438,2020-03-12T23:30:25.438Z,sell,7.4e-07,38608.0,0.02856992
TCT/BTC,1584055857111,2020-03-12T23:30:57.111Z,buy,7.6e-07,650.0,0.000494
TCT/BTC,1584055866286,2020-03-12T23:31:06.286Z,sell,7.6e-07,22636.0,0.01720336
TCT/BTC,1584055871247,2020-03-12T23:31:11.247Z,sell,7.4e-07,20000.0,0.0148
TCT/BTC,1584055883606,2020-03-12T23:31:23.606Z,buy,7.6e-07,2354.0,0.00178904
TCT/BTC,1584055913967,2020-03-12T23:31:53.967Z,sell,7.5e-07,1169.0,0.00087675
TCT/BTC,1584055921870,2020-03-12T23:32:01.870Z,buy,7.7e-07,667.0,0.00051359
TCT/BTC,1584055935533,2020-03-12T23:32:15.533Z,sell,7.5e-07,8751.0,0.00656325
TCT/BTC,1584055936036,2020-03-12T23:32:16.036Z,sell,7.5e-07,8725.0,0.00654375
