symbol,timestamp,datetime,side,price,amount,btc_volume
TNB/BTC,1533481213352,2018-08-05T15:00:13.352Z,sell,2.49e-06,450.0,0.0011205
TNB/BTC,1533481290154,2018-08-05T15:01:30.154Z,buy,2.51e-06,518.0,0.00130018
TNB/BTC,1533481396058,2018-08-05T15:03:16.058Z,buy,2.51e-06,1028.0,0.00258028
TNB/BTC,1533481396103,2018-08-05T15:03:16.103Z,buy,2.51e-06,771.0,0.00193521
TNB/BTC,1533481396130,2018-08-05T15:03:16.130Z,buy,2.51e-06,771.0,0.00193521
TNB/BTC,1533481398242,2018-08-05T15:03:18.242Z,buy,2.51e-06,1.0,2.51e-06
TNB/BTC,1533481398479,2018-08-05T15:03:18.479Z,sell,2.51e-06,599.0,0.00150349
TNB/BTC,1533481410611,2018-08-05T15:03:30.611Z,sell,2.49e-06,7869.0,0.01959381
TNB/BTC,1533481464532,2018-08-05T15:04:24.532Z,sell,2.49e-06,5902.0,0.0146959799999999
TNB/BTC,1533481467081,2018-08-05T15:04:27.081Z,buy,2.52e-06,446.0,0.00112392
TNB/BTC,1533481467081,2018-08-05T15:04:27.081Z,buy,2.52e-06,595.0,0.0014994
TNB/BTC,1533481467090,2018-08-05T15:04:27.090Z,buy,2.52e-06,446.0,0.00112392
TNB/BTC,1533481468123,2018-08-05T15:04:28.123Z,buy,2.52e-06,595.0,0.0014994
TNB/BTC,1533481468135,2018-08-05T15:04:28.135Z,buy,2.52e-06,446.0,0.00112392
TNB/BTC,1533481468408,2018-08-05T15:04:28.408Z,buy,2.52e-06,446.0,0.00112392
TNB/BTC,1533481488734,2018-08-05T15:04:48.734Z,buy,2.52e-06,247.0,0.00062244
TNB/BTC,1533481534490,2018-08-05T15:05:34.490Z,sell,2.5e-06,100.0,0.00025
TNB/BTC,1533481542502,2018-08-05T15:05:42.502Z,sell,2.5e-06,7381.0,0.0184525
TNB/BTC,1533481546837,2018-08-05T15:05:46.837Z,buy,2.51e-06,4994.0,0.01253494
TNB/BTC,1533481553853,2018-08-05T15:05:53.853Z,buy,2.52e-06,740.0,0.0018648
TNB/BTC,1533481554852,2018-08-05T15:05:54.852Z,buy,2.52e-06,698.0,0.00175896
TNB/BTC,1533481557102,2018-08-05T15:05:57.102Z,buy,2.52e-06,392.0,0.00098784
TNB/BTC,1533481558123,2018-08-05T15:05:58.123Z,buy,2.52e-06,392.0,0.00098784
TNB/BTC,1533481569949,2018-08-05T15:06:09.949Z,buy,2.52e-06,265.0,0.0006678
TNB/BTC,1533481570570,2018-08-05T15:06:10.570Z,sell,2.52e-06,673.0,0.00169596
TNB/BTC,1533481592146,2018-08-05T15:06:32.146Z,sell,2.51e-06,410.0,0.0010291
TNB/BTC,1533481596132,2018-08-05T15:06:36.132Z,sell,2.51e-06,410.0,0.0010291
TNB/BTC,1533481706358,2018-08-05T15:08:26.358Z,sell,2.51e-06,2958.0,0.00742458
TNB/BTC,1533481706627,2018-08-05T15:08:26.627Z,buy,2.51e-06,814.0,0.00204314
TNB/BTC,1533481706670,2018-08-05T15:08:26.670Z,buy,2.51e-06,610.0,0.0015311
TNB/BTC,1533481706672,2018-08-05T15:08:26.672Z,buy,2.51e-06,612.0,0.00153612
TNB/BTC,1533481706672,2018-08-05T15:08:26.672Z,buy,2.53e-06,610.0,0.0015433
TNB/BTC,1533481725496,2018-08-05T15:08:45.496Z,sell,2.52e-06,169.0,0.00042588
TNB/BTC,1533481725657,2018-08-05T15:08:45.657Z,sell,2.52e-06,1838.0,0.00463176
TNB/BTC,1533481730084,2018-08-05T15:08:50.084Z,buy,2.53e-06,578.0,0.00146234
TNB/BTC,1533481730120,2018-08-05T15:08:50.120Z,buy,2.53e-06,771.0,0.0019506299999999
TNB/BTC,1533481730148,2018-08-05T15:08:50.148Z,buy,2.53e-06,578.0,0.00146234
TNB/BTC,1533481731087,2018-08-05T15:08:51.087Z,buy,2.53e-06,696.0,0.00176088
TNB/BTC,1533481731093,2018-08-05T15:08:51.093Z,buy,2.53e-06,522.0,0.00132066
TNB/BTC,1533481731117,2018-08-05T15:08:51.117Z,buy,2.53e-06,522.0,0.00132066
TNB/BTC,1533481829133,2018-08-05T15:10:29.133Z,buy,2.53e-06,415.0,0.00104995
TNB/BTC,1533481944226,2018-08-05T15:12:24.226Z,buy,2.53e-06,5468.0,0.0138340399999999
TNB/BTC,1533481945801,2018-08-05T15:12:25.801Z,buy,2.53e-06,3283.0,0.00830599
TNB/BTC,1533481952115,2018-08-05T15:12:32.115Z,buy,2.53e-06,5638.0,0.01426414
TNB/BTC,1533481953102,2018-08-05T15:12:33.102Z,buy,2.53e-06,22788.0,0.05765364
TNB/BTC,1533481953167,2018-08-05T15:12:33.167Z,buy,2.53e-06,17091.0,0.04324023
TNB/BTC,1533481953199,2018-08-05T15:12:33.199Z,buy,2.53e-06,17091.0,0.04324023
TNB/BTC,1533481955569,2018-08-05T15:12:35.569Z,sell,2.53e-06,3355.0,0.00848815
TNB/BTC,1533481993895,2018-08-05T15:13:13.895Z,buy,2.54e-06,3000.0,0.0076199999999999
TNB/BTC,1533481994277,2018-08-05T15:13:14.277Z,buy,2.54e-06,3000.0,0.0076199999999999
TNB/BTC,1533482015055,2018-08-05T15:13:35.055Z,buy,2.53e-06,5665.0,0.01433245
TNB/BTC,1533482015058,2018-08-05T15:13:35.058Z,buy,2.53e-06,7554.0,0.01911162
TNB/BTC,1533482015063,2018-08-05T15:13:35.063Z,buy,2.53e-06,5665.0,0.01433245
TNB/BTC,1533482015859,2018-08-05T15:13:35.859Z,buy,2.53e-06,1.0,2.53e-06
TNB/BTC,1533482016578,2018-08-05T15:13:36.578Z,sell,2.53e-06,2971.0,0.00751663
TNB/BTC,1533482062157,2018-08-05T15:14:22.157Z,buy,2.54e-06,24452.0,0.0621080799999999
TNB/BTC,1533482062160,2018-08-05T15:14:22.160Z,buy,2.54e-06,18339.0,0.0465810599999999
TNB/BTC,1533482062184,2018-08-05T15:14:22.184Z,buy,2.54e-06,18339.0,0.0465810599999999
TNB/BTC,1533482063109,2018-08-05T15:14:23.109Z,buy,2.54e-06,2.0,5.08e-06
TNB/BTC,1533482063109,2018-08-05T15:14:23.109Z,buy,2.55e-06,14670.0,0.0374085
TNB/BTC,1533482063119,2018-08-05T15:14:23.119Z,buy,2.55e-06,11004.0,0.0280602
TNB/BTC,1533482064218,2018-08-05T15:14:24.218Z,sell,2.54e-06,2050.0,0.005207
TNB/BTC,1533482066399,2018-08-05T15:14:26.399Z,buy,2.54e-06,3.0,7.62e-06
TNB/BTC,1533482066399,2018-08-05T15:14:26.399Z,buy,2.55e-06,11001.0,0.02805255
TNB/BTC,1533482081238,2018-08-05T15:14:41.238Z,buy,2.55e-06,3615.0,0.00921825
TNB/BTC,1533482185516,2018-08-05T15:16:25.516Z,buy,2.55e-06,11231.0,0.02863905
TNB/BTC,1533482211931,2018-08-05T15:16:51.931Z,sell,2.53e-06,4426.0,0.01119778
TNB/BTC,1533482212885,2018-08-05T15:16:52.885Z,sell,2.54e-06,2592.0,0.00658368
TNB/BTC,1533482213003,2018-08-05T15:16:53.003Z,sell,2.54e-06,2594.0,0.00658876
TNB/BTC,1533482246352,2018-08-05T15:17:26.352Z,buy,2.55e-06,790.0,0.0020145
TNB/BTC,1533482248525,2018-08-05T15:17:28.525Z,buy,2.55e-06,785.0,0.00200175
TNB/BTC,1533482252278,2018-08-05T15:17:32.278Z,buy,2.55e-06,5295.0,0.01350225
TNB/BTC,1533482252294,2018-08-05T15:17:32.294Z,sell,2.55e-06,2592.0,0.0066096
TNB/BTC,1533482252597,2018-08-05T15:17:32.597Z,sell,2.55e-06,35043.0,0.08935965
TNB/BTC,1533482259622,2018-08-05T15:17:39.622Z,sell,2.54e-06,5067.0,0.0128701799999999
TNB/BTC,1533482331223,2018-08-05T15:18:51.223Z,buy,2.56e-06,68844.0,0.17624064
TNB/BTC,1533482331274,2018-08-05T15:18:51.274Z,sell,2.56e-06,2766.0,0.00708096
TNB/BTC,1533482331279,2018-08-05T15:18:51.279Z,sell,2.56e-06,3688.0,0.00944128
TNB/BTC,1533482331285,2018-08-05T15:18:51.285Z,sell,2.56e-06,2766.0,0.00708096
TNB/BTC,1533482331332,2018-08-05T15:18:51.332Z,sell,2.56e-06,2.0,5.12e-06
TNB/BTC,1533482333587,2018-08-05T15:18:53.587Z,sell,2.55e-06,470.0,0.0011985
TNB/BTC,1533482346687,2018-08-05T15:19:06.687Z,sell,2.54e-06,4351.0,0.0110515399999999
TNB/BTC,1533482348866,2018-08-05T15:19:08.866Z,sell,2.54e-06,4611.0,0.0117119399999999
TNB/BTC,1533482349990,2018-08-05T15:19:09.990Z,sell,2.54e-06,3543.0,0.0089992199999999
TNB/BTC,1533482375702,2018-08-05T15:19:35.702Z,sell,2.55e-06,278.0,0.0007089
TNB/BTC,1533482393729,2018-08-05T15:19:53.729Z,sell,2.55e-06,3000.0,0.00765
TNB/BTC,1533482398430,2018-08-05T15:19:58.430Z,sell,2.55e-06,3000.0,0.00765
TNB/BTC,1533482443440,2018-08-05T15:20:43.440Z,buy,2.56e-06,9220.0,0.0236032
TNB/BTC,1533482443660,2018-08-05T15:20:43.660Z,sell,2.56e-06,27634.0,0.07074304
TNB/BTC,1533482465137,2018-08-05T15:21:05.137Z,sell,2.56e-06,470.0,0.0012032
TNB/BTC,1533482465662,2018-08-05T15:21:05.662Z,sell,2.56e-06,62342.0,0.15959552
TNB/BTC,1533482486719,2018-08-05T15:21:26.719Z,sell,2.55e-06,400.0,0.00102
TNB/BTC,1533482596000,2018-08-05T15:23:16.000Z,sell,2.55e-06,6552.0,0.0167076
TNB/BTC,1533482636688,2018-08-05T15:23:56.688Z,sell,2.55e-06,5580.0,0.014229
TNB/BTC,1533482756026,2018-08-05T15:25:56.026Z,sell,2.55e-06,600.0,0.00153
TNB/BTC,1533482756069,2018-08-05T15:25:56.069Z,sell,2.55e-06,584.0,0.0014892
TNB/BTC,1533482756076,2018-08-05T15:25:56.076Z,sell,2.55e-06,438.0,0.0011169
TNB/BTC,1533482756082,2018-08-05T15:25:56.082Z,sell,2.55e-06,438.0,0.0011169
TNB/BTC,1533482786994,2018-08-05T15:26:26.994Z,sell,2.55e-06,1513.0,0.00385815
TNB/BTC,1533482950106,2018-08-05T15:29:10.106Z,sell,2.55e-06,627.0,0.00159885
TNB/BTC,1533482950116,2018-08-05T15:29:10.116Z,sell,2.55e-06,470.0,0.0011985
TNB/BTC,1533482950160,2018-08-05T15:29:10.160Z,sell,2.55e-06,470.0,0.0011985
TNB/BTC,1533482951152,2018-08-05T15:29:11.152Z,sell,2.55e-06,600.0,0.00153
TNB/BTC,1533482968701,2018-08-05T15:29:28.701Z,sell,2.55e-06,24069.0,0.06137595
TNB/BTC,1533482970573,2018-08-05T15:29:30.573Z,buy,2.56e-06,6666.0,0.01706496
TNB/BTC,1533482986942,2018-08-05T15:29:46.942Z,buy,2.56e-06,2999.0,0.00767744
TNB/BTC,1533483102717,2018-08-05T15:31:42.717Z,sell,2.55e-06,3502.0,0.0089301
TNB/BTC,1533483103250,2018-08-05T15:31:43.250Z,sell,2.55e-06,3502.0,0.0089301
TNB/BTC,1533483104733,2018-08-05T15:31:44.733Z,sell,2.55e-06,17688.0,0.0451044
TNB/BTC,1533483112213,2018-08-05T15:31:52.213Z,sell,2.54e-06,1.0,2.54e-06
TNB/BTC,1533483170131,2018-08-05T15:32:50.131Z,sell,2.54e-06,517.0,0.00131318
TNB/BTC,1533483211070,2018-08-05T15:33:31.070Z,sell,2.54e-06,549.0,0.00139446
TNB/BTC,1533483211167,2018-08-05T15:33:31.167Z,sell,2.54e-06,411.0,0.00104394
TNB/BTC,1533483221029,2018-08-05T15:33:41.029Z,sell,2.54e-06,7501.0,0.01905254
TNB/BTC,1533483297442,2018-08-05T15:34:57.442Z,sell,2.54e-06,1180.0,0.0029971999999999
TNB/BTC,1533483308392,2018-08-05T15:35:08.392Z,sell,2.54e-06,3.0,7.62e-06
TNB/BTC,1533483345802,2018-08-05T15:35:45.802Z,sell,2.54e-06,13815.0,0.0350901
TNB/BTC,1533483360178,2018-08-05T15:36:00.178Z,sell,2.53e-06,5625.0,0.0142312499999999
TNB/BTC,1533483423594,2018-08-05T15:37:03.594Z,sell,2.53e-06,153.0,0.00038709
TNB/BTC,1533483510303,2018-08-05T15:38:30.303Z,buy,2.54e-06,1.0,2.54e-06
TNB/BTC,1533483515354,2018-08-05T15:38:35.354Z,sell,2.53e-06,4144.0,0.01048432
TNB/BTC,1533483601677,2018-08-05T15:40:01.677Z,sell,2.53e-06,9.0,2.277e-05
TNB/BTC,1533483712664,2018-08-05T15:41:52.664Z,sell,2.53e-06,6640.0,0.0167992
TNB/BTC,1533483787569,2018-08-05T15:43:07.569Z,sell,2.53e-06,3320.0,0.0083996
TNB/BTC,1533483812423,2018-08-05T15:43:32.423Z,sell,2.53e-06,3321.0,0.0084021299999999
TNB/BTC,1533483813016,2018-08-05T15:43:33.016Z,sell,2.53e-06,25625.0,0.0648312499999999
TNB/BTC,1533483830686,2018-08-05T15:43:50.686Z,sell,2.52e-06,4048.0,0.01020096
TNB/BTC,1533483842869,2018-08-05T15:44:02.869Z,sell,2.52e-06,400.0,0.001008
TNB/BTC,1533483846483,2018-08-05T15:44:06.483Z,sell,2.52e-06,242.0,0.00060984
TNB/BTC,1533483846483,2018-08-05T15:44:06.483Z,sell,2.51e-06,59089.0,0.14831339
TNB/BTC,1533483846483,2018-08-05T15:44:06.483Z,sell,2.51e-06,407.0,0.00102157
TNB/BTC,1533483853689,2018-08-05T15:44:13.689Z,buy,2.51e-06,476.0,0.00119476
TNB/BTC,1533483885602,2018-08-05T15:44:45.602Z,sell,2.51e-06,399.0,0.00100149
TNB/BTC,1533483898788,2018-08-05T15:44:58.788Z,buy,2.51e-06,3984.0,0.00999984
TNB/BTC,1533483903875,2018-08-05T15:45:03.875Z,buy,2.51e-06,2442.0,0.00612942
TNB/BTC,1533483915800,2018-08-05T15:45:15.800Z,buy,2.51e-06,2841.0,0.00713091
TNB/BTC,1533483957934,2018-08-05T15:45:57.934Z,sell,2.5e-06,4.0,1e-05
TNB/BTC,1533483973014,2018-08-05T15:46:13.014Z,buy,2.51e-06,619.0,0.00155369
TNB/BTC,1533483973158,2018-08-05T15:46:13.158Z,buy,2.51e-06,1094.0,0.00274594
TNB/BTC,1533483973210,2018-08-05T15:46:13.210Z,buy,2.51e-06,999.0,0.00250749
TNB/BTC,1533483973245,2018-08-05T15:46:13.245Z,buy,2.51e-06,3976.0,0.00997976
TNB/BTC,1533483973310,2018-08-05T15:46:13.310Z,buy,2.51e-06,5246.0,0.01316746
TNB/BTC,1533483974100,2018-08-05T15:46:14.100Z,buy,2.51e-06,5011.0,0.01257761
TNB/BTC,1533483980614,2018-08-05T15:46:20.614Z,sell,2.51e-06,3000.0,0.00753
TNB/BTC,1533483980648,2018-08-05T15:46:20.648Z,sell,2.51e-06,3009.0,0.00755259
TNB/BTC,1533483988952,2018-08-05T15:46:28.952Z,buy,2.52e-06,2829.0,0.00712908
TNB/BTC,1533483991482,2018-08-05T15:46:31.482Z,buy,2.52e-06,6692.0,0.01686384
TNB/BTC,1533483993864,2018-08-05T15:46:33.864Z,buy,2.52e-06,7819.0,0.01970388
TNB/BTC,1533484011132,2018-08-05T15:46:51.132Z,buy,2.52e-06,3115.0,0.0078498
TNB/BTC,1533484039685,2018-08-05T15:47:19.685Z,buy,2.52e-06,20.0,5.04e-05
TNB/BTC,1533484042286,2018-08-05T15:47:22.286Z,buy,2.52e-06,2000.0,0.00504
TNB/BTC,1533484248366,2018-08-05T15:50:48.366Z,buy,2.51e-06,1000.0,0.00251
TNB/BTC,1533484291221,2018-08-05T15:51:31.221Z,buy,2.51e-06,4509.0,0.01131759
TNB/BTC,1533484368002,2018-08-05T15:52:48.002Z,buy,2.51e-06,3.0,7.530000000000001e-06
TNB/BTC,1533484426216,2018-08-05T15:53:46.216Z,sell,2.5e-06,54.0,0.000135
TNB/BTC,1533484534683,2018-08-05T15:55:34.683Z,sell,2.5e-06,1000.0,0.0025
TNB/BTC,1533484657185,2018-08-05T15:57:37.185Z,buy,2.51e-06,12350.0,0.0309985
TNB/BTC,1533484658786,2018-08-05T15:57:38.786Z,buy,2.51e-06,4051.0,0.01016801
TNB/BTC,1533484658786,2018-08-05T15:57:38.786Z,buy,2.51e-06,4051.0,0.01016801
TNB/BTC,1533484829764,2018-08-05T16:00:29.764Z,buy,2.51e-06,2775.0,0.00696525
TNB/BTC,1533484835806,2018-08-05T16:00:35.806Z,buy,2.51e-06,605.0,0.00151855
TNB/BTC,1533484864778,2018-08-05T16:01:04.778Z,sell,2.5e-06,6761.0,0.0169025
TNB/BTC,1533484911063,2018-08-05T16:01:51.063Z,buy,2.51e-06,6719.0,0.01686469
TNB/BTC,1533484926561,2018-08-05T16:02:06.561Z,sell,2.5e-06,25678.0,0.064195
TNB/BTC,1533484928767,2018-08-05T16:02:08.767Z,sell,2.49e-06,5150.0,0.0128235
TNB/BTC,1533484928767,2018-08-05T16:02:08.767Z,sell,2.49e-06,2919.0,0.00726831
TNB/BTC,1533484928806,2018-08-05T16:02:08.806Z,buy,2.49e-06,2473.0,0.00615777
TNB/BTC,1533484928834,2018-08-05T16:02:08.834Z,buy,2.49e-06,1274.0,0.0031722599999999
TNB/BTC,1533484961078,2018-08-05T16:02:41.078Z,buy,2.5e-06,7454.0,0.018635
TNB/BTC,1533484962958,2018-08-05T16:02:42.958Z,buy,2.5e-06,3000.0,0.0075
TNB/BTC,1533485048473,2018-08-05T16:04:08.473Z,sell,2.49e-06,7834.0,0.01950666
TNB/BTC,1533485062618,2018-08-05T16:04:22.618Z,sell,2.49e-06,3761.0,0.0093648899999999
TNB/BTC,1533485070100,2018-08-05T16:04:30.100Z,sell,2.49e-06,11814.0,0.02941686
TNB/BTC,1533485070100,2018-08-05T16:04:30.100Z,sell,2.48e-06,4570.0,0.0113336
TNB/BTC,1533485184791,2018-08-05T16:06:24.791Z,sell,2.49e-06,402.0,0.00100098
TNB/BTC,1533485185257,2018-08-05T16:06:25.257Z,buy,2.49e-06,3731.0,0.00929019
TNB/BTC,1533485197830,2018-08-05T16:06:37.830Z,sell,2.48e-06,4565.0,0.0113212
TNB/BTC,1533485209860,2018-08-05T16:06:49.860Z,sell,2.48e-06,4465.0,0.0110732
TNB/BTC,1533485304084,2018-08-05T16:08:24.084Z,sell,2.48e-06,3365.0,0.0083452
TNB/BTC,1533485304115,2018-08-05T16:08:24.115Z,sell,2.48e-06,4487.0,0.01112776
TNB/BTC,1533485304164,2018-08-05T16:08:24.164Z,sell,2.48e-06,3365.0,0.0083452
TNB/BTC,1533485304210,2018-08-05T16:08:24.210Z,sell,2.48e-06,7852.0,0.01947296
TNB/BTC,1533485304399,2018-08-05T16:08:24.399Z,sell,2.48e-06,6532.0,0.01619936
TNB/BTC,1533485305255,2018-08-05T16:08:25.255Z,buy,2.48e-06,1669.0,0.00413912
TNB/BTC,1533485306016,2018-08-05T16:08:26.016Z,sell,2.47e-06,1550.0,0.0038285
TNB/BTC,1533485306259,2018-08-05T16:08:26.259Z,buy,2.48e-06,5354.0,0.01327792
TNB/BTC,1533485306519,2018-08-05T16:08:26.519Z,sell,2.47e-06,1004.0,0.00247988
TNB/BTC,1533485306635,2018-08-05T16:08:26.635Z,sell,2.47e-06,481.0,0.00118807
TNB/BTC,1533485348482,2018-08-05T16:09:08.482Z,buy,2.49e-06,122.0,0.0003037799999999
TNB/BTC,1533485366133,2018-08-05T16:09:26.133Z,buy,2.49e-06,3199.0,0.00796551
TNB/BTC,1533485366138,2018-08-05T16:09:26.138Z,buy,2.49e-06,2399.0,0.00597351
TNB/BTC,1533485366141,2018-08-05T16:09:26.141Z,buy,2.49e-06,2399.0,0.00597351
TNB/BTC,1533485366391,2018-08-05T16:09:26.391Z,buy,2.49e-06,5599.0,0.0139415099999999
TNB/BTC,1533485366629,2018-08-05T16:09:26.629Z,buy,2.49e-06,7999.0,0.01991751
TNB/BTC,1533485372102,2018-08-05T16:09:32.102Z,buy,2.49e-06,822.0,0.0020467799999999
TNB/BTC,1533485372162,2018-08-05T16:09:32.162Z,buy,2.49e-06,822.0,0.0020467799999999
TNB/BTC,1533485372163,2018-08-05T16:09:32.163Z,buy,2.49e-06,1096.0,0.00272904
TNB/BTC,1533485458302,2018-08-05T16:10:58.302Z,sell,2.49e-06,19.0,4.731e-05
TNB/BTC,1533485491587,2018-08-05T16:11:31.587Z,sell,2.49e-06,1217.0,0.00303033
TNB/BTC,1533485563997,2018-08-05T16:12:43.997Z,sell,2.49e-06,11445.0,0.0284980499999999
TNB/BTC,1533485564208,2018-08-05T16:12:44.208Z,buy,2.5e-06,6973.0,0.0174325
TNB/BTC,1533485564209,2018-08-05T16:12:44.209Z,buy,2.5e-06,4179.0,0.0104475
TNB/BTC,1533485564224,2018-08-05T16:12:44.224Z,buy,2.5e-06,6981.0,0.0174525
TNB/BTC,1533485564236,2018-08-05T16:12:44.236Z,buy,2.5e-06,6889.0,0.0172225
TNB/BTC,1533485564238,2018-08-05T16:12:44.238Z,buy,2.5e-06,3486.0,0.008715
TNB/BTC,1533485564243,2018-08-05T16:12:44.243Z,sell,2.49e-06,6884.0,0.01714116
TNB/BTC,1533485649812,2018-08-05T16:14:09.812Z,sell,2.49e-06,34176.0,0.0850982399999999
TNB/BTC,1533485682018,2018-08-05T16:14:42.018Z,buy,2.5e-06,5402.0,0.013505
TNB/BTC,1533485688201,2018-08-05T16:14:48.201Z,buy,2.5e-06,519.0,0.0012975
TNB/BTC,1533485690927,2018-08-05T16:14:50.927Z,buy,2.5e-06,31493.0,0.0787325
TNB/BTC,1533485739849,2018-08-05T16:15:39.849Z,buy,2.51e-06,6440.0,0.0161644
TNB/BTC,1533485825307,2018-08-05T16:17:05.307Z,buy,2.51e-06,7576.0,0.01901576
TNB/BTC,1533485992320,2018-08-05T16:19:52.320Z,sell,2.5e-06,91.0,0.0002275
TNB/BTC,1533486065273,2018-08-05T16:21:05.273Z,buy,2.51e-06,11892.0,0.02984892
TNB/BTC,1533486065304,2018-08-05T16:21:05.304Z,buy,2.52e-06,5820.0,0.0146664
TNB/BTC,1533486065304,2018-08-05T16:21:05.304Z,buy,2.53e-06,6072.0,0.01536216
TNB/BTC,1533486107066,2018-08-05T16:21:47.066Z,buy,2.53e-06,7434.0,0.0188080199999999
TNB/BTC,1533486480437,2018-08-05T16:28:00.437Z,buy,2.53e-06,14011.0,0.03544783
TNB/BTC,1533486480437,2018-08-05T16:28:00.437Z,buy,2.54e-06,12582.0,0.03195828
TNB/BTC,1533486483661,2018-08-05T16:28:03.661Z,buy,2.55e-06,1960.0,0.004998
TNB/BTC,1533486592087,2018-08-05T16:29:52.087Z,sell,2.54e-06,7568.0,0.01922272
TNB/BTC,1533486641618,2018-08-05T16:30:41.618Z,sell,2.54e-06,480.0,0.0012192
TNB/BTC,1533486911630,2018-08-05T16:35:11.630Z,buy,2.55e-06,4179.0,0.01065645
TNB/BTC,1533486911682,2018-08-05T16:35:11.682Z,buy,2.55e-06,5016.0,0.0127908
TNB/BTC,1533486914805,2018-08-05T16:35:14.805Z,buy,2.55e-06,1.0,2.55e-06
TNB/BTC,1533486915141,2018-08-05T16:35:15.141Z,buy,2.55e-06,789.0,0.00201195
TNB/BTC,1533486915202,2018-08-05T16:35:15.202Z,buy,2.55e-06,1052.0,0.0026826
TNB/BTC,1533486915207,2018-08-05T16:35:15.207Z,buy,2.55e-06,789.0,0.00201195
TNB/BTC,1533486915829,2018-08-05T16:35:15.829Z,buy,2.55e-06,789.0,0.00201195
TNB/BTC,1533486915830,2018-08-05T16:35:15.830Z,buy,2.55e-06,789.0,0.00201195
TNB/BTC,1533486915837,2018-08-05T16:35:15.837Z,buy,2.55e-06,1052.0,0.0026826
TNB/BTC,1533486918302,2018-08-05T16:35:18.302Z,buy,2.55e-06,470.0,0.0011985
TNB/BTC,1533486996169,2018-08-05T16:36:36.169Z,buy,2.55e-06,424.0,0.0010812
TNB/BTC,1533486996170,2018-08-05T16:36:36.170Z,buy,2.55e-06,566.0,0.0014433
TNB/BTC,1533486997147,2018-08-05T16:36:37.147Z,buy,2.55e-06,811.0,0.00206805
TNB/BTC,1533486997164,2018-08-05T16:36:37.164Z,buy,2.55e-06,608.0,0.0015504
TNB/BTC,1533487006106,2018-08-05T16:36:46.106Z,buy,2.55e-06,484.0,0.0012342
TNB/BTC,1533487054545,2018-08-05T16:37:34.545Z,sell,2.54e-06,366.0,0.0009296399999999
TNB/BTC,1533487071120,2018-08-05T16:37:51.120Z,buy,2.55e-06,388.0,0.0009894
TNB/BTC,1533487080264,2018-08-05T16:38:00.264Z,sell,2.54e-06,1.0,2.54e-06
TNB/BTC,1533487134138,2018-08-05T16:38:54.138Z,buy,2.55e-06,340.0,0.000867
TNB/BTC,1533487134138,2018-08-05T16:38:54.138Z,buy,2.56e-06,80.0,0.0002048
TNB/BTC,1533487193581,2018-08-05T16:39:53.581Z,sell,2.55e-06,401.0,0.00102255
TNB/BTC,1533487269131,2018-08-05T16:41:09.131Z,buy,2.56e-06,388.0,0.00099328
TNB/BTC,1533487303765,2018-08-05T16:41:43.765Z,buy,2.56e-06,14782.0,0.03784192
TNB/BTC,1533487304627,2018-08-05T16:41:44.627Z,sell,2.56e-06,4749.0,0.01215744
TNB/BTC,1533487489906,2018-08-05T16:44:49.906Z,buy,2.56e-06,7195.0,0.0184192
TNB/BTC,1533487490496,2018-08-05T16:44:50.496Z,sell,2.56e-06,12336.0,0.03158016
TNB/BTC,1533487508497,2018-08-05T16:45:08.497Z,sell,2.55e-06,28789.0,0.07341195
TNB/BTC,1533487508840,2018-08-05T16:45:08.840Z,buy,2.55e-06,9830.0,0.0250665
TNB/BTC,1533487509487,2018-08-05T16:45:09.487Z,buy,2.55e-06,9957.0,0.02539035
TNB/BTC,1533487509487,2018-08-05T16:45:09.487Z,buy,2.55e-06,9957.0,0.02539035
TNB/BTC,1533487509495,2018-08-05T16:45:09.495Z,buy,2.55e-06,13276.0,0.0338538
TNB/BTC,1533487510387,2018-08-05T16:45:10.387Z,buy,2.56e-06,10000.0,0.0256
TNB/BTC,1533487510500,2018-08-05T16:45:10.500Z,sell,2.55e-06,8838.0,0.0225369
TNB/BTC,1533487513506,2018-08-05T16:45:13.506Z,sell,2.55e-06,30204.0,0.0770202
TNB/BTC,1533487519249,2018-08-05T16:45:19.249Z,buy,2.55e-06,36458.0,0.0929679
TNB/BTC,1533487519250,2018-08-05T16:45:19.250Z,buy,2.55e-06,39215.0,0.09999825
TNB/BTC,1533487519252,2018-08-05T16:45:19.252Z,buy,2.55e-06,36458.0,0.0929679
TNB/BTC,1533487520653,2018-08-05T16:45:20.653Z,sell,2.54e-06,33.0,8.382e-05
TNB/BTC,1533487521088,2018-08-05T16:45:21.088Z,buy,2.55e-06,5190.0,0.0132345
TNB/BTC,1533487521115,2018-08-05T16:45:21.115Z,buy,2.55e-06,5190.0,0.0132345
TNB/BTC,1533487521123,2018-08-05T16:45:21.123Z,buy,2.55e-06,6920.0,0.017646
TNB/BTC,1533487521916,2018-08-05T16:45:21.916Z,buy,2.55e-06,9859.0,0.02514045
TNB/BTC,1533487538549,2018-08-05T16:45:38.549Z,sell,2.54e-06,911.0,0.00231394
TNB/BTC,1533487538774,2018-08-05T16:45:38.774Z,sell,2.54e-06,21255.0,0.0539877
TNB/BTC,1533487541825,2018-08-05T16:45:41.825Z,sell,2.53e-06,2772.0,0.00701316
TNB/BTC,1533487644342,2018-08-05T16:47:24.342Z,buy,2.54e-06,28.0,7.112e-05
TNB/BTC,1533487687334,2018-08-05T16:48:07.334Z,buy,2.54e-06,22098.0,0.05612892
TNB/BTC,1533487688136,2018-08-05T16:48:08.136Z,buy,2.54e-06,7712.0,0.01958848
TNB/BTC,1533487688163,2018-08-05T16:48:08.163Z,buy,2.54e-06,7712.0,0.01958848
TNB/BTC,1533487688174,2018-08-05T16:48:08.174Z,buy,2.54e-06,17397.0,0.04418838
TNB/BTC,1533487688383,2018-08-05T16:48:08.383Z,buy,2.54e-06,4055.0,0.0102996999999999
TNB/BTC,1533487688731,2018-08-05T16:48:08.731Z,buy,2.54e-06,1949.0,0.0049504599999999
TNB/BTC,1533487689076,2018-08-05T16:48:09.076Z,buy,2.54e-06,8365.0,0.0212470999999999
TNB/BTC,1533487689149,2018-08-05T16:48:09.149Z,buy,2.54e-06,10283.0,0.0261188199999999
TNB/BTC,1533487714118,2018-08-05T16:48:34.118Z,buy,2.54e-06,8543.0,0.0216992199999999
TNB/BTC,1533487714118,2018-08-05T16:48:34.118Z,buy,2.54e-06,6407.0,0.0162737799999999
TNB/BTC,1533487714153,2018-08-05T16:48:34.153Z,buy,2.54e-06,6407.0,0.0162737799999999
TNB/BTC,1533487865732,2018-08-05T16:51:05.732Z,buy,2.54e-06,752.0,0.0019100799999999
TNB/BTC,1533487866758,2018-08-05T16:51:06.758Z,sell,2.54e-06,2251.0,0.0057175399999999
TNB/BTC,1533487962177,2018-08-05T16:52:42.177Z,buy,2.55e-06,3770.0,0.0096135
TNB/BTC,1533488202308,2018-08-05T16:56:42.308Z,sell,2.54e-06,201.0,0.00051054
TNB/BTC,1533488202308,2018-08-05T16:56:42.308Z,sell,2.54e-06,201.0,0.00051054
TNB/BTC,1533488337576,2018-08-05T16:58:57.576Z,sell,2.54e-06,1000.0,0.0025399999999999
TNB/BTC,1533488398648,2018-08-05T16:59:58.648Z,sell,2.54e-06,20284.0,0.0515213599999999
TNB/BTC,1533488444131,2018-08-05T17:00:44.131Z,sell,2.53e-06,2500.0,0.006325
TNB/BTC,1533488520961,2018-08-05T17:02:00.961Z,buy,2.55e-06,106.0,0.0002703
TNB/BTC,1533488695246,2018-08-05T17:04:55.246Z,sell,2.53e-06,1399.0,0.00353947
TNB/BTC,1533488699511,2018-08-05T17:04:59.511Z,sell,2.52e-06,4689.0,0.01181628
TNB/BTC,1533488700350,2018-08-05T17:05:00.350Z,buy,2.52e-06,1702.0,0.00428904
TNB/BTC,1533488700486,2018-08-05T17:05:00.486Z,buy,2.52e-06,49.0,0.00012348
TNB/BTC,1533488721325,2018-08-05T17:05:21.325Z,buy,2.53e-06,1324.0,0.00334972
TNB/BTC,1533488722774,2018-08-05T17:05:22.774Z,buy,2.53e-06,579.0,0.0014648699999999
TNB/BTC,1533488745187,2018-08-05T17:05:45.187Z,buy,2.53e-06,450.0,0.0011385
TNB/BTC,1533488750137,2018-08-05T17:05:50.137Z,buy,2.53e-06,432.0,0.00109296
TNB/BTC,1533488755161,2018-08-05T17:05:55.161Z,sell,2.52e-06,450.0,0.001134
TNB/BTC,1533488755248,2018-08-05T17:05:55.248Z,sell,2.52e-06,701.0,0.00176652
TNB/BTC,1533488840793,2018-08-05T17:07:20.793Z,sell,2.51e-06,9095.0,0.02282845
TNB/BTC,1533488857756,2018-08-05T17:07:37.756Z,sell,2.51e-06,17475.0,0.04386225
TNB/BTC,1533488857836,2018-08-05T17:07:37.836Z,buy,2.51e-06,1223.0,0.00306973
TNB/BTC,1533488857987,2018-08-05T17:07:37.987Z,buy,2.51e-06,9280.0,0.0232928
TNB/BTC,1533488857993,2018-08-05T17:07:37.993Z,buy,2.51e-06,6960.0,0.0174696
TNB/BTC,1533488857995,2018-08-05T17:07:37.995Z,buy,2.51e-06,6962.0,0.01747462
TNB/BTC,1533488857995,2018-08-05T17:07:37.995Z,buy,2.53e-06,9279.0,0.02347587
TNB/BTC,1533488858018,2018-08-05T17:07:38.018Z,buy,2.53e-06,6960.0,0.0176088
TNB/BTC,1533488870026,2018-08-05T17:07:50.026Z,buy,2.53e-06,7029.0,0.01778337
TNB/BTC,1533488870026,2018-08-05T17:07:50.026Z,buy,2.54e-06,2971.0,0.0075463399999999
TNB/BTC,1533488894245,2018-08-05T17:08:14.245Z,sell,2.52e-06,74.0,0.00018648
TNB/BTC,1533488898455,2018-08-05T17:08:18.455Z,buy,2.54e-06,791.0,0.00200914
TNB/BTC,1533489082403,2018-08-05T17:11:22.403Z,buy,2.54e-06,12086.0,0.0306984399999999
TNB/BTC,1533489146469,2018-08-05T17:12:26.469Z,buy,2.53e-06,2823.0,0.00714219
TNB/BTC,1533489240585,2018-08-05T17:14:00.585Z,buy,2.53e-06,10625.0,0.02688125
TNB/BTC,1533489264696,2018-08-05T17:14:24.696Z,sell,2.52e-06,388.0,0.00097776
TNB/BTC,1533489412225,2018-08-05T17:16:52.225Z,sell,2.52e-06,3766.0,0.00949032
TNB/BTC,1533489464432,2018-08-05T17:17:44.432Z,sell,2.52e-06,4758.0,0.01199016
TNB/BTC,1533489478720,2018-08-05T17:17:58.720Z,sell,2.52e-06,393.0,0.00099036
TNB/BTC,1533489503397,2018-08-05T17:18:23.397Z,sell,2.52e-06,3186.0,0.00802872
TNB/BTC,1533489581638,2018-08-05T17:19:41.638Z,sell,2.52e-06,5479.0,0.01380708
TNB/BTC,1533489614176,2018-08-05T17:20:14.176Z,buy,2.53e-06,557.0,0.00140921
TNB/BTC,1533489638993,2018-08-05T17:20:38.993Z,buy,2.53e-06,1.0,2.53e-06
TNB/BTC,1533489645930,2018-08-05T17:20:45.930Z,buy,2.53e-06,16827.0,0.0425723099999999
TNB/BTC,1533489647108,2018-08-05T17:20:47.108Z,sell,2.53e-06,2013.0,0.00509289
TNB/BTC,1533489651116,2018-08-05T17:20:51.116Z,sell,2.53e-06,895.0,0.00226435
TNB/BTC,1533489771204,2018-08-05T17:22:51.204Z,sell,2.53e-06,2400.0,0.006072
TNB/BTC,1533489785226,2018-08-05T17:23:05.226Z,sell,2.52e-06,35008.0,0.08822016
TNB/BTC,1533489806662,2018-08-05T17:23:26.662Z,sell,2.52e-06,1246.0,0.00313992
TNB/BTC,1533489940285,2018-08-05T17:25:40.285Z,sell,2.52e-06,1984.0,0.00499968
TNB/BTC,1533489940285,2018-08-05T17:25:40.285Z,sell,2.51e-06,87083.0,0.21857833
TNB/BTC,1533489944027,2018-08-05T17:25:44.027Z,sell,2.5e-06,1982.0,0.004955
TNB/BTC,1533489962364,2018-08-05T17:26:02.364Z,sell,2.5e-06,3868.0,0.00967
TNB/BTC,1533489963314,2018-08-05T17:26:03.314Z,buy,2.5e-06,1641.0,0.0041025
TNB/BTC,1533489963815,2018-08-05T17:26:03.815Z,buy,2.5e-06,1855.0,0.0046375
TNB/BTC,1533489965972,2018-08-05T17:26:05.972Z,buy,2.5e-06,2000.0,0.005
TNB/BTC,1533489966827,2018-08-05T17:26:06.827Z,buy,2.5e-06,2000.0,0.005
TNB/BTC,1533490015350,2018-08-05T17:26:55.350Z,buy,2.5e-06,1376.0,0.00344
TNB/BTC,1533490015959,2018-08-05T17:26:55.959Z,buy,2.5e-06,3966.0,0.009915
TNB/BTC,1533490016200,2018-08-05T17:26:56.200Z,buy,2.5e-06,2590.0,0.006475
TNB/BTC,1533490027732,2018-08-05T17:27:07.732Z,sell,2.5e-06,14.0,3.5000000000000004e-05
TNB/BTC,1533490054868,2018-08-05T17:27:34.868Z,buy,2.51e-06,1315.0,0.00330065
TNB/BTC,1533490179758,2018-08-05T17:29:39.758Z,buy,2.51e-06,3985.0,0.01000235
TNB/BTC,1533490202016,2018-08-05T17:30:02.016Z,buy,2.51e-06,47.0,0.00011797
TNB/BTC,1533490247079,2018-08-05T17:30:47.079Z,sell,2.49e-06,200.0,0.000498
TNB/BTC,1533490247079,2018-08-05T17:30:47.079Z,sell,2.49e-06,486.0,0.00121014
TNB/BTC,1533490258567,2018-08-05T17:30:58.567Z,buy,2.51e-06,1198.0,0.00300698
TNB/BTC,1533490325119,2018-08-05T17:32:05.119Z,buy,2.51e-06,3743.0,0.00939493
TNB/BTC,1533490365300,2018-08-05T17:32:45.300Z,sell,2.49e-06,500.0,0.001245
TNB/BTC,1533490404813,2018-08-05T17:33:24.813Z,sell,2.49e-06,500.0,0.001245
TNB/BTC,1533490517592,2018-08-05T17:35:17.592Z,buy,2.51e-06,13.0,3.2630000000000004e-05
TNB/BTC,1533490596293,2018-08-05T17:36:36.293Z,sell,2.49e-06,6186.0,0.01540314
TNB/BTC,1533490677582,2018-08-05T17:37:57.582Z,sell,2.49e-06,1217.0,0.00303033
TNB/BTC,1533490716650,2018-08-05T17:38:36.650Z,buy,2.5e-06,26.0,6.500000000000001e-05
TNB/BTC,1533490719631,2018-08-05T17:38:39.631Z,buy,2.5e-06,1.0,2.5e-06
TNB/BTC,1533490860965,2018-08-05T17:41:00.965Z,buy,2.5e-06,3963.0,0.0099075
TNB/BTC,1533490860965,2018-08-05T17:41:00.965Z,buy,2.5e-06,3963.0,0.0099075
TNB/BTC,1533490860973,2018-08-05T17:41:00.973Z,buy,2.5e-06,5284.0,0.01321
TNB/BTC,1533490861004,2018-08-05T17:41:01.004Z,buy,2.5e-06,4803.0,0.0120075
TNB/BTC,1533491206451,2018-08-05T17:46:46.451Z,buy,2.5e-06,600.0,0.0015
TNB/BTC,1533491306987,2018-08-05T17:48:26.987Z,buy,2.5e-06,44.0,0.00011
TNB/BTC,1533491350238,2018-08-05T17:49:10.238Z,buy,2.5e-06,4484.0,0.01121
TNB/BTC,1533491350278,2018-08-05T17:49:10.278Z,buy,2.5e-06,1345.0,0.0033625
TNB/BTC,1533491350291,2018-08-05T17:49:10.291Z,buy,2.5e-06,1345.0,0.0033625
TNB/BTC,1533491350298,2018-08-05T17:49:10.298Z,buy,2.5e-06,1793.0,0.0044825
TNB/BTC,1533491493494,2018-08-05T17:51:33.494Z,buy,2.5e-06,15417.0,0.0385425
TNB/BTC,1533491495124,2018-08-05T17:51:35.124Z,buy,2.5e-06,482.0,0.001205
TNB/BTC,1533491497811,2018-08-05T17:51:37.811Z,buy,2.5e-06,723.0,0.0018075
TNB/BTC,1533491550124,2018-08-05T17:52:30.124Z,buy,2.5e-06,1301.0,0.0032525
TNB/BTC,1533491550154,2018-08-05T17:52:30.154Z,buy,2.5e-06,520.0,0.0013
TNB/BTC,1533491640094,2018-08-05T17:54:00.094Z,buy,2.5e-06,466.0,0.001165
TNB/BTC,1533491645788,2018-08-05T17:54:05.788Z,buy,2.5e-06,1108.0,0.00277
TNB/BTC,1533491717098,2018-08-05T17:55:17.098Z,buy,2.5e-06,5131.0,0.0128275
TNB/BTC,1533491717111,2018-08-05T17:55:17.111Z,buy,2.5e-06,6617.0,0.0165425
TNB/BTC,1533491717125,2018-08-05T17:55:17.125Z,buy,2.5e-06,5892.0,0.01473
TNB/BTC,1533491717146,2018-08-05T17:55:17.146Z,buy,2.5e-06,4419.0,0.0110475
TNB/BTC,1533491717156,2018-08-05T17:55:17.156Z,buy,2.5e-06,4419.0,0.0110475
TNB/BTC,1533491718166,2018-08-05T17:55:18.166Z,buy,2.5e-06,4680.0,0.0117
TNB/BTC,1533491719137,2018-08-05T17:55:19.137Z,buy,2.5e-06,9197.0,0.0229925
TNB/BTC,1533491720134,2018-08-05T17:55:20.134Z,buy,2.5e-06,5518.0,0.013795
TNB/BTC,1533491721149,2018-08-05T17:55:21.149Z,buy,2.5e-06,3311.0,0.0082775
TNB/BTC,1533491722142,2018-08-05T17:55:22.142Z,buy,2.5e-06,1986.0,0.004965
TNB/BTC,1533491723139,2018-08-05T17:55:23.139Z,buy,2.5e-06,1192.0,0.00298
TNB/BTC,1533491724138,2018-08-05T17:55:24.138Z,buy,2.5e-06,715.0,0.0017875
TNB/BTC,1533491725145,2018-08-05T17:55:25.145Z,buy,2.5e-06,429.0,0.0010725
TNB/BTC,1533491725145,2018-08-05T17:55:25.145Z,buy,2.5e-06,429.0,0.0010725
TNB/BTC,1533492544202,2018-08-05T18:09:04.202Z,buy,2.5e-06,2048.0,0.00512
TNB/BTC,1533492544292,2018-08-05T18:09:04.292Z,buy,2.5e-06,2403.0,0.0060075
TNB/BTC,1533492544993,2018-08-05T18:09:04.993Z,buy,2.5e-06,2000.0,0.005
TNB/BTC,1533492579760,2018-08-05T18:09:39.760Z,buy,2.5e-06,88.0,0.00022
TNB/BTC,1533492583694,2018-08-05T18:09:43.694Z,sell,2.49e-06,7859.0,0.01956891
TNB/BTC,1533492932230,2018-08-05T18:15:32.230Z,buy,2.5e-06,400.0,0.001
TNB/BTC,1533492943860,2018-08-05T18:15:43.860Z,sell,2.49e-06,9857.0,0.02454393
TNB/BTC,1533492970079,2018-08-05T18:16:10.079Z,buy,2.5e-06,5760.0,0.0144
TNB/BTC,1533493025129,2018-08-05T18:17:05.129Z,buy,2.5e-06,1123.0,0.0028075
TNB/BTC,1533493025170,2018-08-05T18:17:05.170Z,buy,2.5e-06,1497.0,0.0037425
TNB/BTC,1533493025175,2018-08-05T18:17:05.175Z,buy,2.5e-06,1123.0,0.0028075
TNB/BTC,1533493026100,2018-08-05T18:17:06.100Z,buy,2.5e-06,1.0,2.5e-06
TNB/BTC,1533493183046,2018-08-05T18:19:43.046Z,buy,2.51e-06,3000.0,0.00753
TNB/BTC,1533493183092,2018-08-05T18:19:43.092Z,buy,2.51e-06,2309.0,0.00579559
TNB/BTC,1533493183107,2018-08-05T18:19:43.107Z,buy,2.51e-06,3079.0,0.00772829
TNB/BTC,1533493183131,2018-08-05T18:19:43.131Z,buy,2.51e-06,2309.0,0.00579559
TNB/BTC,1533493183708,2018-08-05T18:19:43.708Z,buy,2.51e-06,1.0,2.51e-06
TNB/BTC,1533493183708,2018-08-05T18:19:43.708Z,buy,2.52e-06,4028.0,0.01015056
TNB/BTC,1533493185760,2018-08-05T18:19:45.760Z,sell,2.52e-06,192.0,0.00048384
TNB/BTC,1533493185760,2018-08-05T18:19:45.760Z,sell,2.51e-06,3000.0,0.00753
TNB/BTC,1533493186022,2018-08-05T18:19:46.022Z,sell,2.52e-06,8602.0,0.02167704
TNB/BTC,1533493234183,2018-08-05T18:20:34.183Z,buy,2.51e-06,1992.0,0.00499992
TNB/BTC,1533493241984,2018-08-05T18:20:41.984Z,buy,2.51e-06,1.0,2.51e-06
TNB/BTC,1533493403005,2018-08-05T18:23:23.005Z,sell,2.5e-06,605.0,0.0015125
TNB/BTC,1533493420768,2018-08-05T18:23:40.768Z,buy,2.51e-06,605.0,0.00151855
TNB/BTC,1533493459781,2018-08-05T18:24:19.781Z,sell,2.5e-06,45850.0,0.114625
TNB/BTC,1533493525533,2018-08-05T18:25:25.533Z,sell,2.5e-06,402.0,0.001005
TNB/BTC,1533493537414,2018-08-05T18:25:37.414Z,sell,2.5e-06,236.0,0.00059
TNB/BTC,1533493543862,2018-08-05T18:25:43.862Z,sell,2.5e-06,1612.0,0.00403
TNB/BTC,1533493549138,2018-08-05T18:25:49.138Z,buy,2.5e-06,4695.0,0.0117375
TNB/BTC,1533493549146,2018-08-05T18:25:49.146Z,buy,2.5e-06,5927.0,0.0148175
TNB/BTC,1533493549181,2018-08-05T18:25:49.181Z,buy,2.5e-06,4695.0,0.0117375
TNB/BTC,1533493664910,2018-08-05T18:27:44.910Z,sell,2.49e-06,36409.0,0.09065841
TNB/BTC,1533493754368,2018-08-05T18:29:14.368Z,buy,2.5e-06,533.0,0.0013325
TNB/BTC,1533493896254,2018-08-05T18:31:36.254Z,sell,2.49e-06,1113.0,0.00277137
TNB/BTC,1533493929381,2018-08-05T18:32:09.381Z,buy,2.49e-06,12989.0,0.03234261
TNB/BTC,1533493930869,2018-08-05T18:32:10.869Z,buy,2.49e-06,2495.0,0.00621255
TNB/BTC,1533494132829,2018-08-05T18:35:32.829Z,buy,2.5e-06,1.0,2.5e-06
TNB/BTC,1533494173276,2018-08-05T18:36:13.276Z,buy,2.5e-06,7800.0,0.0195
TNB/BTC,1533494173289,2018-08-05T18:36:13.289Z,buy,2.5e-06,10401.0,0.0260025
TNB/BTC,1533494173291,2018-08-05T18:36:13.291Z,buy,2.5e-06,7800.0,0.0195
TNB/BTC,1533494173783,2018-08-05T18:36:13.783Z,buy,2.5e-06,3000.0,0.0075
TNB/BTC,1533494173973,2018-08-05T18:36:13.973Z,buy,2.5e-06,4775.0,0.0119375
TNB/BTC,1533494238085,2018-08-05T18:37:18.085Z,buy,2.51e-06,3000.0,0.00753
TNB/BTC,1533494286205,2018-08-05T18:38:06.205Z,sell,2.5e-06,1000.0,0.0025
TNB/BTC,1533494325542,2018-08-05T18:38:45.542Z,buy,2.51e-06,9.0,2.259e-05
TNB/BTC,1533494362118,2018-08-05T18:39:22.118Z,buy,2.51e-06,562.0,0.00141062
TNB/BTC,1533494394537,2018-08-05T18:39:54.537Z,buy,2.51e-06,9464.0,0.02375464
TNB/BTC,1533494629735,2018-08-05T18:43:49.735Z,buy,2.51e-06,5001.0,0.01255251
TNB/BTC,1533494631699,2018-08-05T18:43:51.699Z,sell,2.51e-06,600.0,0.001506
TNB/BTC,1533494631769,2018-08-05T18:43:51.769Z,sell,2.51e-06,600.0,0.001506
TNB/BTC,1533494631939,2018-08-05T18:43:51.939Z,sell,2.51e-06,225.0,0.00056475
TNB/BTC,1533494651988,2018-08-05T18:44:11.988Z,sell,2.5e-06,1413.0,0.0035325
TNB/BTC,1533494752687,2018-08-05T18:45:52.687Z,sell,2.5e-06,9455.0,0.0236375
TNB/BTC,1533494774363,2018-08-05T18:46:14.363Z,sell,2.5e-06,26.0,6.500000000000001e-05
TNB/BTC,1533494919910,2018-08-05T18:48:39.910Z,sell,2.5e-06,8235.0,0.0205875
TNB/BTC,1533494921327,2018-08-05T18:48:41.327Z,buy,2.5e-06,934.0,0.002335
TNB/BTC,1533494967793,2018-08-05T18:49:27.793Z,sell,2.5e-06,651.0,0.0016275
TNB/BTC,1533494993936,2018-08-05T18:49:53.936Z,sell,2.5e-06,768.0,0.00192
TNB/BTC,1533495191617,2018-08-05T18:53:11.617Z,sell,2.49e-06,8402.0,0.02092098
TNB/BTC,1533495230104,2018-08-05T18:53:50.104Z,buy,2.5e-06,7812.0,0.01953
TNB/BTC,1533495230117,2018-08-05T18:53:50.117Z,buy,2.5e-06,7812.0,0.01953
TNB/BTC,1533495230125,2018-08-05T18:53:50.125Z,buy,2.5e-06,10580.0,0.02645
TNB/BTC,1533495230953,2018-08-05T18:53:50.953Z,buy,2.5e-06,3000.0,0.0075
TNB/BTC,1533495230953,2018-08-05T18:53:50.953Z,buy,2.5e-06,3000.0,0.0075
TNB/BTC,1533495432364,2018-08-05T18:57:12.364Z,sell,2.49e-06,3809.0,0.0094844099999999
TNB/BTC,1533495447596,2018-08-05T18:57:27.596Z,sell,2.49e-06,1905.0,0.00474345
TNB/BTC,1533495476428,2018-08-05T18:57:56.428Z,sell,2.49e-06,1300.0,0.003237
TNB/BTC,1533496131028,2018-08-05T19:08:51.028Z,buy,2.5e-06,15.0,3.75e-05
TNB/BTC,1533496154928,2018-08-05T19:09:14.928Z,buy,2.5e-06,605.0,0.0015125
TNB/BTC,1533496156094,2018-08-05T19:09:16.094Z,buy,2.5e-06,758.0,0.001895
TNB/BTC,1533496357722,2018-08-05T19:12:37.722Z,buy,2.5e-06,10400.0,0.026
TNB/BTC,1533496379109,2018-08-05T19:12:59.109Z,buy,2.5e-06,4868.0,0.01217
TNB/BTC,1533496379144,2018-08-05T19:12:59.144Z,buy,2.5e-06,6491.0,0.0162275
TNB/BTC,1533496379159,2018-08-05T19:12:59.159Z,buy,2.5e-06,3408.0,0.00852
TNB/BTC,1533496380098,2018-08-05T19:13:00.098Z,buy,2.5e-06,1462.0,0.003655
TNB/BTC,1533496610737,2018-08-05T19:16:50.737Z,sell,2.5e-06,106.0,0.000265
TNB/BTC,1533496687875,2018-08-05T19:18:07.875Z,sell,2.5e-06,15155.0,0.0378875
TNB/BTC,1533496816233,2018-08-05T19:20:16.233Z,buy,2.51e-06,1.0,2.51e-06
TNB/BTC,1533497157115,2018-08-05T19:25:57.115Z,sell,2.5e-06,524.0,0.00131
TNB/BTC,1533497205371,2018-08-05T19:26:45.371Z,sell,2.5e-06,6127.0,0.0153175
TNB/BTC,1533497583508,2018-08-05T19:33:03.508Z,buy,2.5e-06,4000.0,0.01
TNB/BTC,1533497725832,2018-08-05T19:35:25.832Z,buy,2.5e-06,400.0,0.001
TNB/BTC,1533497745514,2018-08-05T19:35:45.514Z,sell,2.49e-06,1711.0,0.00426039
TNB/BTC,1533497888702,2018-08-05T19:38:08.702Z,buy,2.5e-06,4.0,1e-05
TNB/BTC,1533497921902,2018-08-05T19:38:41.902Z,buy,2.5e-06,10.0,2.5e-05
TNB/BTC,1533498507803,2018-08-05T19:48:27.803Z,buy,2.5e-06,9.0,2.25e-05
TNB/BTC,1533498507803,2018-08-05T19:48:27.803Z,buy,2.5e-06,9.0,2.25e-05
TNB/BTC,1533498923524,2018-08-05T19:55:23.524Z,buy,2.5e-06,16111.0,0.0402775
TNB/BTC,1533499447145,2018-08-05T20:04:07.145Z,buy,2.5e-06,523.0,0.0013075
TNB/BTC,1533499447495,2018-08-05T20:04:07.495Z,buy,2.5e-06,1308.0,0.00327
TNB/BTC,1533499522756,2018-08-05T20:05:22.756Z,sell,2.49e-06,2500.0,0.006225
TNB/BTC,1533499584137,2018-08-05T20:06:24.137Z,buy,2.5e-06,4329.0,0.0108225
TNB/BTC,1533499584164,2018-08-05T20:06:24.164Z,buy,2.5e-06,3246.0,0.008115
TNB/BTC,1533499584185,2018-08-05T20:06:24.185Z,buy,2.5e-06,1948.0,0.00487
TNB/BTC,1533499584220,2018-08-05T20:06:24.220Z,buy,2.5e-06,1300.0,0.00325
TNB/BTC,1533499647854,2018-08-05T20:07:27.854Z,buy,2.51e-06,3000.0,0.00753
TNB/BTC,1533499651921,2018-08-05T20:07:31.921Z,buy,2.51e-06,3000.0,0.00753
TNB/BTC,1533499675668,2018-08-05T20:07:55.668Z,sell,2.5e-06,20.0,5e-05
TNB/BTC,1533499683950,2018-08-05T20:08:03.950Z,buy,2.51e-06,399.0,0.00100149
TNB/BTC,1533500385789,2018-08-05T20:19:45.789Z,buy,2.51e-06,1212.0,0.00304212
TNB/BTC,1533500385813,2018-08-05T20:19:45.813Z,buy,2.51e-06,1617.0,0.00405867
TNB/BTC,1533500385817,2018-08-05T20:19:45.817Z,buy,2.51e-06,1212.0,0.00304212
TNB/BTC,1533500442605,2018-08-05T20:20:42.605Z,buy,2.51e-06,1.0,2.51e-06
TNB/BTC,1533500599871,2018-08-05T20:23:19.871Z,sell,2.5e-06,1381.0,0.0034525
TNB/BTC,1533500938035,2018-08-05T20:28:58.035Z,buy,2.51e-06,198.0,0.00049698
TNB/BTC,1533500970184,2018-08-05T20:29:30.184Z,buy,2.51e-06,508.0,0.00127508
TNB/BTC,1533500971151,2018-08-05T20:29:31.151Z,buy,2.51e-06,600.0,0.001506
TNB/BTC,1533501049150,2018-08-05T20:30:49.150Z,buy,2.51e-06,507.0,0.00127257
TNB/BTC,1533501050219,2018-08-05T20:30:50.219Z,buy,2.51e-06,634.0,0.00159134
TNB/BTC,1533501156028,2018-08-05T20:32:36.028Z,buy,2.51e-06,3008.0,0.00755008
TNB/BTC,1533501307387,2018-08-05T20:35:07.387Z,sell,2.5e-06,1.0,2.5e-06
TNB/BTC,1533501323684,2018-08-05T20:35:23.684Z,buy,2.52e-06,19241.0,0.04848732
TNB/BTC,1533501340790,2018-08-05T20:35:40.790Z,buy,2.52e-06,32.0,8.064e-05
TNB/BTC,1533501436456,2018-08-05T20:37:16.456Z,buy,2.51e-06,32.0,8.032e-05
TNB/BTC,1533501462857,2018-08-05T20:37:42.857Z,buy,2.51e-06,32.0,8.032e-05
TNB/BTC,1533501520687,2018-08-05T20:38:40.687Z,buy,2.52e-06,2.0,5.04e-06
TNB/BTC,1533501561170,2018-08-05T20:39:21.170Z,buy,2.52e-06,461.0,0.00116172
TNB/BTC,1533501956460,2018-08-05T20:45:56.460Z,sell,2.5e-06,3.0,7.500000000000001e-06
TNB/BTC,1533501956460,2018-08-05T20:45:56.460Z,sell,2.5e-06,3.0,7.500000000000001e-06
TNB/BTC,1533502167584,2018-08-05T20:49:27.584Z,sell,2.5e-06,1.0,2.5e-06
TNB/BTC,1533502326534,2018-08-05T20:52:06.534Z,buy,2.51e-06,28.0,7.028e-05
TNB/BTC,1533502375061,2018-08-05T20:52:55.061Z,buy,2.51e-06,27.0,6.777e-05
TNB/BTC,1533502471099,2018-08-05T20:54:31.099Z,buy,2.51e-06,27.0,6.777e-05
TNB/BTC,1533502567388,2018-08-05T20:56:07.388Z,buy,2.51e-06,864.0,0.00216864
TNB/BTC,1533502653977,2018-08-05T20:57:33.977Z,buy,2.51e-06,862.0,0.00216362
TNB/BTC,1533502903095,2018-08-05T21:01:43.095Z,buy,2.51e-06,864.0,0.00216864
TNB/BTC,1533502907829,2018-08-05T21:01:47.829Z,buy,2.51e-06,336.0,0.00084336
TNB/BTC,1533502986248,2018-08-05T21:03:06.248Z,sell,2.51e-06,28537.0,0.07162787
TNB/BTC,1533502986248,2018-08-05T21:03:06.248Z,sell,2.5e-06,20696.0,0.05174
TNB/BTC,1533502986248,2018-08-05T21:03:06.248Z,sell,2.49e-06,7675.0,0.01911075
TNB/BTC,1533502986248,2018-08-05T21:03:06.248Z,sell,2.48e-06,17299.0,0.04290152
TNB/BTC,1533502986248,2018-08-05T21:03:06.248Z,sell,2.47e-06,101574.0,0.25088778
TNB/BTC,1533502986248,2018-08-05T21:03:06.248Z,sell,2.46e-06,11989.0,0.02949294
TNB/BTC,1533502986248,2018-08-05T21:03:06.248Z,sell,2.45e-06,90222.0,0.2210439
TNB/BTC,1533502986271,2018-08-05T21:03:06.271Z,buy,2.45e-06,64495.0,0.1580127499999999
TNB/BTC,1533502986921,2018-08-05T21:03:06.921Z,sell,2.49e-06,2178.0,0.0054232199999999
TNB/BTC,1533502986930,2018-08-05T21:03:06.930Z,sell,2.49e-06,9825.0,0.02446425
TNB/BTC,1533502986930,2018-08-05T21:03:06.930Z,sell,2.47e-06,14431.0,0.03564457
TNB/BTC,1533502987169,2018-08-05T21:03:07.169Z,buy,2.48e-06,24070.0,0.0596936
TNB/BTC,1533502987194,2018-08-05T21:03:07.194Z,buy,2.48e-06,3192.0,0.00791616
TNB/BTC,1533502987437,2018-08-05T21:03:07.437Z,buy,2.48e-06,1026.0,0.00254448
TNB/BTC,1533502987809,2018-08-05T21:03:07.809Z,sell,2.48e-06,428.0,0.00106144
TNB/BTC,1533502988021,2018-08-05T21:03:08.021Z,buy,2.49e-06,2500.0,0.006225
TNB/BTC,1533502988033,2018-08-05T21:03:08.033Z,sell,2.48e-06,755.0,0.0018724
TNB/BTC,1533502988174,2018-08-05T21:03:08.174Z,sell,2.47e-06,436.0,0.00107692
TNB/BTC,1533502989356,2018-08-05T21:03:09.356Z,buy,2.48e-06,4489.0,0.01113272
TNB/BTC,1533502989903,2018-08-05T21:03:09.903Z,buy,2.49e-06,499.0,0.0012425099999999
TNB/BTC,1533502990328,2018-08-05T21:03:10.328Z,buy,2.49e-06,1177.0,0.00293073
TNB/BTC,1533502991215,2018-08-05T21:03:11.215Z,sell,2.48e-06,7236.0,0.01794528
TNB/BTC,1533502991215,2018-08-05T21:03:11.215Z,sell,2.47e-06,2456.0,0.00606632
TNB/BTC,1533502991723,2018-08-05T21:03:11.723Z,buy,2.49e-06,2647.0,0.0065910299999999
TNB/BTC,1533502992213,2018-08-05T21:03:12.213Z,sell,2.48e-06,571.0,0.00141608
TNB/BTC,1533502994153,2018-08-05T21:03:14.153Z,buy,2.49e-06,7994.0,0.01990506
TNB/BTC,1533502995893,2018-08-05T21:03:15.893Z,buy,2.49e-06,2008.0,0.00499992
TNB/BTC,1533503013875,2018-08-05T21:03:33.875Z,sell,2.48e-06,18989.0,0.04709272
TNB/BTC,1533503013875,2018-08-05T21:03:33.875Z,sell,2.47e-06,64570.0,0.1594879
TNB/BTC,1533503013875,2018-08-05T21:03:33.875Z,sell,2.46e-06,58166.0,0.14308836
TNB/BTC,1533503013875,2018-08-05T21:03:33.875Z,sell,2.45e-06,57322.0,0.1404388999999999
TNB/BTC,1533503013875,2018-08-05T21:03:33.875Z,sell,2.44e-06,143441.0,0.34999604
TNB/BTC,1533503014409,2018-08-05T21:03:34.409Z,buy,2.47e-06,2311.0,0.00570817
TNB/BTC,1533503014561,2018-08-05T21:03:34.561Z,sell,2.47e-06,1822.0,0.00450034
TNB/BTC,1533503014561,2018-08-05T21:03:34.561Z,sell,2.46e-06,2028.0,0.00498888
TNB/BTC,1533503014602,2018-08-05T21:03:34.602Z,buy,2.46e-06,20722.0,0.05097612
TNB/BTC,1533503014602,2018-08-05T21:03:34.602Z,buy,2.46e-06,1379.0,0.00339234
TNB/BTC,1533503014639,2018-08-05T21:03:34.639Z,buy,2.47e-06,436.0,0.00107692
TNB/BTC,1533503014639,2018-08-05T21:03:34.639Z,buy,2.48e-06,9098.0,0.02256304
TNB/BTC,1533503014639,2018-08-05T21:03:34.639Z,buy,2.49e-06,12567.0,0.03129183
TNB/BTC,1533503014660,2018-08-05T21:03:34.660Z,sell,2.46e-06,2041.0,0.00502086
TNB/BTC,1533503014771,2018-08-05T21:03:34.771Z,buy,2.47e-06,2311.0,0.00570817
TNB/BTC,1533503014771,2018-08-05T21:03:34.771Z,buy,2.48e-06,318.0,0.00078864
TNB/BTC,1533503014894,2018-08-05T21:03:34.894Z,buy,2.47e-06,11967.0,0.02955849
TNB/BTC,1533503014905,2018-08-05T21:03:34.905Z,buy,2.47e-06,8975.0,0.02216825
TNB/BTC,1533503014907,2018-08-05T21:03:34.907Z,buy,2.47e-06,8975.0,0.02216825
TNB/BTC,1533503014954,2018-08-05T21:03:34.954Z,sell,2.46e-06,2049.0,0.00504054
TNB/BTC,1533503015004,2018-08-05T21:03:35.004Z,sell,2.46e-06,439.0,0.00107994
TNB/BTC,1533503015024,2018-08-05T21:03:35.024Z,sell,2.46e-06,1307.0,0.00321522
TNB/BTC,1533503015078,2018-08-05T21:03:35.078Z,buy,2.47e-06,2.0,4.94e-06
TNB/BTC,1533503015105,2018-08-05T21:03:35.105Z,sell,2.47e-06,524.0,0.00129428
TNB/BTC,1533503015506,2018-08-05T21:03:35.506Z,sell,2.46e-06,3164.0,0.00778344
TNB/BTC,1533503015524,2018-08-05T21:03:35.524Z,buy,2.46e-06,1974.0,0.00485604
TNB/BTC,1533503015634,2018-08-05T21:03:35.634Z,buy,2.46e-06,148.0,0.00036408
TNB/BTC,1533503015663,2018-08-05T21:03:35.663Z,buy,2.47e-06,13450.0,0.0332215
TNB/BTC,1533503015742,2018-08-05T21:03:35.742Z,sell,2.46e-06,2041.0,0.00502086
TNB/BTC,1533503015907,2018-08-05T21:03:35.907Z,buy,2.47e-06,2357.0,0.00582179
TNB/BTC,1533503015909,2018-08-05T21:03:35.909Z,buy,2.47e-06,1768.0,0.00436696
TNB/BTC,1533503015910,2018-08-05T21:03:35.910Z,buy,2.47e-06,1768.0,0.00436696
TNB/BTC,1533503015922,2018-08-05T21:03:35.922Z,buy,2.47e-06,1.0,2.47e-06
TNB/BTC,1533503016441,2018-08-05T21:03:36.441Z,sell,2.47e-06,7481.0,0.01847807
TNB/BTC,1533503017414,2018-08-05T21:03:37.414Z,sell,2.46e-06,13612.0,0.03348552
TNB/BTC,1533503017893,2018-08-05T21:03:37.893Z,buy,2.46e-06,1479.0,0.00363834
TNB/BTC,1533503017905,2018-08-05T21:03:37.905Z,buy,2.46e-06,1109.0,0.00272814
TNB/BTC,1533503017913,2018-08-05T21:03:37.913Z,buy,2.46e-06,1109.0,0.00272814
TNB/BTC,1533503020121,2018-08-05T21:03:40.121Z,buy,2.46e-06,1.0,2.46e-06
TNB/BTC,1533503020121,2018-08-05T21:03:40.121Z,buy,2.47e-06,1516.0,0.00374452
TNB/BTC,1533503021221,2018-08-05T21:03:41.221Z,buy,2.46e-06,2302.0,0.00566292
TNB/BTC,1533503021352,2018-08-05T21:03:41.352Z,buy,2.46e-06,6490.0,0.0159654
TNB/BTC,1533503032052,2018-08-05T21:03:52.052Z,buy,2.47e-06,9502.0,0.02346994
TNB/BTC,1533503050699,2018-08-05T21:04:10.699Z,sell,2.46e-06,12645.0,0.0311067
TNB/BTC,1533503056704,2018-08-05T21:04:16.704Z,buy,2.47e-06,1876.0,0.00463372
TNB/BTC,1533503069901,2018-08-05T21:04:29.901Z,buy,2.47e-06,6268.0,0.01548196
TNB/BTC,1533503070230,2018-08-05T21:04:30.230Z,sell,2.46e-06,2021.0,0.00497166
TNB/BTC,1533503070342,2018-08-05T21:04:30.342Z,buy,2.46e-06,4249.0,0.01045254
TNB/BTC,1533503070346,2018-08-05T21:04:30.346Z,buy,2.46e-06,3186.0,0.00783756
TNB/BTC,1533503070358,2018-08-05T21:04:30.358Z,buy,2.46e-06,3186.0,0.00783756
TNB/BTC,1533503070395,2018-08-05T21:04:30.395Z,buy,2.46e-06,2.0,4.92e-06
TNB/BTC,1533503074029,2018-08-05T21:04:34.029Z,sell,2.46e-06,561.0,0.00138006
TNB/BTC,1533503098010,2018-08-05T21:04:58.010Z,sell,2.46e-06,6505.0,0.0160023
TNB/BTC,1533503098010,2018-08-05T21:04:58.010Z,sell,2.45e-06,21224.0,0.0519988
TNB/BTC,1533503098010,2018-08-05T21:04:58.010Z,sell,2.44e-06,292451.0,0.71358044
TNB/BTC,1533503098010,2018-08-05T21:04:58.010Z,sell,2.43e-06,117575.0,0.28570725
TNB/BTC,1533503098010,2018-08-05T21:04:58.010Z,sell,2.42e-06,12740.0,0.0308308
TNB/BTC,1533503098358,2018-08-05T21:04:58.358Z,buy,2.45e-06,2329.0,0.00570605
TNB/BTC,1533503098800,2018-08-05T21:04:58.800Z,sell,2.45e-06,2063.0,0.00505435
TNB/BTC,1533503098893,2018-08-05T21:04:58.893Z,sell,2.44e-06,14427.0,0.03520188
TNB/BTC,1533503098909,2018-08-05T21:04:58.909Z,buy,2.44e-06,14333.0,0.03497252
TNB/BTC,1533503099237,2018-08-05T21:04:59.237Z,buy,2.44e-06,446.0,0.0010882399999999
TNB/BTC,1533503099237,2018-08-05T21:04:59.237Z,buy,2.45e-06,6619.0,0.01621655
TNB/BTC,1533503099457,2018-08-05T21:04:59.457Z,buy,2.45e-06,5239.0,0.01283555
TNB/BTC,1533503099457,2018-08-05T21:04:59.457Z,buy,2.46e-06,5298.0,0.01303308
TNB/BTC,1533503099460,2018-08-05T21:04:59.460Z,buy,2.46e-06,7903.0,0.01944138
TNB/BTC,1533503099464,2018-08-05T21:04:59.464Z,buy,2.46e-06,7903.0,0.01944138
TNB/BTC,1533503099873,2018-08-05T21:04:59.873Z,buy,2.45e-06,1638.0,0.0040130999999999
TNB/BTC,1533503103050,2018-08-05T21:05:03.050Z,buy,2.46e-06,488.0,0.00120048
TNB/BTC,1533503106997,2018-08-05T21:05:06.997Z,sell,2.45e-06,12801.0,0.03136245
TNB/BTC,1533503109723,2018-08-05T21:05:09.723Z,sell,2.45e-06,1317.0,0.0032266499999999
TNB/BTC,1533503111624,2018-08-05T21:05:11.624Z,sell,2.45e-06,18468.0,0.0452466
TNB/BTC,1533503116617,2018-08-05T21:05:16.617Z,sell,2.45e-06,1020.0,0.002499
TNB/BTC,1533503116633,2018-08-05T21:05:16.633Z,buy,2.45e-06,2376.0,0.0058211999999999
TNB/BTC,1533503125650,2018-08-05T21:05:25.650Z,buy,2.45e-06,111.0,0.0002719499999999
TNB/BTC,1533503131410,2018-08-05T21:05:31.410Z,buy,2.45e-06,808.0,0.0019795999999999
TNB/BTC,1533503132697,2018-08-05T21:05:32.697Z,buy,2.45e-06,16376.0,0.0401211999999999
TNB/BTC,1533503133938,2018-08-05T21:05:33.938Z,buy,2.45e-06,16765.0,0.04107425
TNB/BTC,1533503134051,2018-08-05T21:05:34.051Z,buy,2.45e-06,975.0,0.00238875
TNB/BTC,1533503136955,2018-08-05T21:05:36.955Z,sell,2.45e-06,2313.0,0.0056668499999999
TNB/BTC,1533503137521,2018-08-05T21:05:37.521Z,buy,2.46e-06,1504.0,0.00369984
TNB/BTC,1533503138989,2018-08-05T21:05:38.989Z,buy,2.46e-06,610.0,0.0015006
TNB/BTC,1533503210814,2018-08-05T21:06:50.814Z,sell,2.45e-06,1242.0,0.0030429
TNB/BTC,1533503244019,2018-08-05T21:07:24.019Z,sell,2.45e-06,621.0,0.00152145
TNB/BTC,1533503373191,2018-08-05T21:09:33.191Z,buy,2.46e-06,127.0,0.00031242
TNB/BTC,1533503407628,2018-08-05T21:10:07.628Z,buy,2.46e-06,608.0,0.00149568
TNB/BTC,1533503503413,2018-08-05T21:11:43.413Z,buy,2.46e-06,488.0,0.00120048
TNB/BTC,1533503581204,2018-08-05T21:13:01.204Z,sell,2.45e-06,31674.0,0.0776013
TNB/BTC,1533503631234,2018-08-05T21:13:51.234Z,sell,2.44e-06,18138.0,0.04425672
TNB/BTC,1533503645204,2018-08-05T21:14:05.204Z,sell,2.44e-06,4873.0,0.0118901199999999
TNB/BTC,1533503658339,2018-08-05T21:14:18.339Z,sell,2.44e-06,9039.0,0.02205516
TNB/BTC,1533503658510,2018-08-05T21:14:18.510Z,buy,2.44e-06,25526.0,0.0622834399999999
TNB/BTC,1533503658951,2018-08-05T21:14:18.951Z,buy,2.44e-06,3582.0,0.0087400799999999
TNB/BTC,1533503658958,2018-08-05T21:14:18.958Z,buy,2.44e-06,4777.0,0.01165588
TNB/BTC,1533503658980,2018-08-05T21:14:18.980Z,buy,2.44e-06,3582.0,0.0087400799999999
TNB/BTC,1533503659499,2018-08-05T21:14:19.499Z,sell,2.43e-06,484.0,0.00117612
TNB/BTC,1533503659587,2018-08-05T21:14:19.587Z,buy,2.44e-06,13585.0,0.0331474
TNB/BTC,1533503661432,2018-08-05T21:14:21.432Z,buy,2.44e-06,37389.0,0.09122916
TNB/BTC,1533503661842,2018-08-05T21:14:21.842Z,sell,2.43e-06,1113.0,0.00270459
TNB/BTC,1533503662001,2018-08-05T21:14:22.001Z,sell,2.43e-06,2296.0,0.00557928
TNB/BTC,1533503662083,2018-08-05T21:14:22.083Z,sell,2.43e-06,2293.0,0.00557199
TNB/BTC,1533503662314,2018-08-05T21:14:22.314Z,sell,2.43e-06,6505.0,0.01580715
TNB/BTC,1533503663425,2018-08-05T21:14:23.425Z,buy,2.44e-06,35023.0,0.08545612
TNB/BTC,1533503664430,2018-08-05T21:14:24.430Z,buy,2.44e-06,29766.0,0.0726290399999999
TNB/BTC,1533503665434,2018-08-05T21:14:25.434Z,buy,2.44e-06,25526.0,0.0622834399999999
TNB/BTC,1533503666516,2018-08-05T21:14:26.516Z,buy,2.44e-06,25526.0,0.0622834399999999
TNB/BTC,1533503668436,2018-08-05T21:14:28.436Z,buy,2.44e-06,25526.0,0.0622834399999999
TNB/BTC,1533503670428,2018-08-05T21:14:30.428Z,buy,2.44e-06,16488.0,0.04023072
TNB/BTC,1533503672472,2018-08-05T21:14:32.472Z,buy,2.45e-06,7087.0,0.0173631499999999
TNB/BTC,1533503672472,2018-08-05T21:14:32.472Z,buy,2.46e-06,14521.0,0.03572166
TNB/BTC,1533503719206,2018-08-05T21:15:19.206Z,buy,2.46e-06,1167.0,0.00287082
TNB/BTC,1533503720227,2018-08-05T21:15:20.227Z,sell,2.45e-06,4508.0,0.0110446
TNB/BTC,1533503894466,2018-08-05T21:18:14.466Z,sell,2.45e-06,7307.0,0.01790215
TNB/BTC,1533503895523,2018-08-05T21:18:15.523Z,buy,2.45e-06,23537.0,0.05766565
TNB/BTC,1533503897511,2018-08-05T21:18:17.511Z,buy,2.45e-06,11815.0,0.0289467499999999
TNB/BTC,1533503900512,2018-08-05T21:18:20.512Z,buy,2.45e-06,2400.0,0.00588
TNB/BTC,1533503907515,2018-08-05T21:18:27.515Z,buy,2.45e-06,2400.0,0.00588
TNB/BTC,1533503938041,2018-08-05T21:18:58.041Z,buy,2.46e-06,4065.0,0.0099999
TNB/BTC,1533504007342,2018-08-05T21:20:07.342Z,buy,2.46e-06,13019.0,0.03202674
TNB/BTC,1533504032729,2018-08-05T21:20:32.729Z,buy,2.46e-06,2.0,4.92e-06
TNB/BTC,1533504598065,2018-08-05T21:29:58.065Z,buy,2.46e-06,528.0,0.00129888
TNB/BTC,1533504619909,2018-08-05T21:30:19.909Z,sell,2.45e-06,4770.0,0.0116864999999999
TNB/BTC,1533504835856,2018-08-05T21:33:55.856Z,sell,2.45e-06,15000.0,0.03675
TNB/BTC,1533504880605,2018-08-05T21:34:40.605Z,sell,2.45e-06,12303.0,0.03014235
TNB/BTC,1533504937090,2018-08-05T21:35:37.090Z,buy,2.46e-06,4585.0,0.0112791
TNB/BTC,1533504989111,2018-08-05T21:36:29.111Z,buy,2.46e-06,2032.0,0.00499872
TNB/BTC,1533504997358,2018-08-05T21:36:37.358Z,buy,2.46e-06,19.0,4.674e-05
TNB/BTC,1533505059107,2018-08-05T21:37:39.107Z,sell,2.45e-06,2479.0,0.00607355
TNB/BTC,1533505059164,2018-08-05T21:37:39.164Z,sell,2.45e-06,3306.0,0.0080997
TNB/BTC,1533505059164,2018-08-05T21:37:39.164Z,sell,2.45e-06,2479.0,0.00607355
TNB/BTC,1533505112371,2018-08-05T21:38:32.371Z,buy,2.46e-06,33.0,8.118e-05
TNB/BTC,1533505128047,2018-08-05T21:38:48.047Z,buy,2.46e-06,10406.0,0.02559876
TNB/BTC,1533505140607,2018-08-05T21:39:00.607Z,buy,2.46e-06,250.0,0.000615
TNB/BTC,1533505414323,2018-08-05T21:43:34.323Z,sell,2.45e-06,490.0,0.0012005
TNB/BTC,1533505518151,2018-08-05T21:45:18.151Z,buy,2.46e-06,4975.0,0.0122385
TNB/BTC,1533505518151,2018-08-05T21:45:18.151Z,buy,2.46e-06,4975.0,0.0122385
TNB/BTC,1533505619530,2018-08-05T21:46:59.530Z,buy,2.46e-06,37.0,9.102e-05
TNB/BTC,1533506080165,2018-08-05T21:54:40.165Z,sell,2.45e-06,2287.0,0.0056031499999999
TNB/BTC,1533506365308,2018-08-05T21:59:25.308Z,buy,2.46e-06,4975.0,0.0122385
TNB/BTC,1533506409643,2018-08-05T22:00:09.643Z,buy,2.46e-06,32502.0,0.07995492
TNB/BTC,1533506409657,2018-08-05T22:00:09.657Z,buy,2.46e-06,8965.0,0.0220539
TNB/BTC,1533506555585,2018-08-05T22:02:35.585Z,buy,2.46e-06,311.0,0.00076506
TNB/BTC,1533506564378,2018-08-05T22:02:44.378Z,buy,2.46e-06,1272.0,0.00312912
TNB/BTC,1533506772921,2018-08-05T22:06:12.921Z,sell,2.45e-06,7145.0,0.01750525
TNB/BTC,1533506838432,2018-08-05T22:07:18.432Z,sell,2.45e-06,10534.0,0.0258083
TNB/BTC,1533506838432,2018-08-05T22:07:18.432Z,sell,2.44e-06,6344.0,0.01547936
TNB/BTC,1533506847635,2018-08-05T22:07:27.635Z,sell,2.44e-06,575.0,0.001403
TNB/BTC,1533506965415,2018-08-05T22:09:25.415Z,buy,2.45e-06,78.0,0.0001910999999999
TNB/BTC,1533506980156,2018-08-05T22:09:40.156Z,sell,2.44e-06,5754.0,0.01403976
TNB/BTC,1533507071632,2018-08-05T22:11:11.632Z,buy,2.45e-06,10.0,2.45e-05
TNB/BTC,1533507175142,2018-08-05T22:12:55.142Z,buy,2.45e-06,10449.0,0.02560005
TNB/BTC,1533507215959,2018-08-05T22:13:35.959Z,buy,2.45e-06,59440.0,0.1456279999999999
TNB/BTC,1533507216321,2018-08-05T22:13:36.321Z,buy,2.45e-06,20134.0,0.0493283
TNB/BTC,1533507267322,2018-08-05T22:14:27.322Z,buy,2.45e-06,2311.0,0.00566195
TNB/BTC,1533507269320,2018-08-05T22:14:29.320Z,buy,2.45e-06,2309.0,0.0056570499999999
TNB/BTC,1533507270325,2018-08-05T22:14:30.325Z,buy,2.45e-06,1502.0,0.0036799
TNB/BTC,1533507443675,2018-08-05T22:17:23.675Z,sell,2.45e-06,8017.0,0.01964165
TNB/BTC,1533507628456,2018-08-05T22:20:28.456Z,sell,2.45e-06,8475.0,0.0207637499999999
TNB/BTC,1533507633928,2018-08-05T22:20:33.928Z,buy,2.45e-06,7157.0,0.01753465
TNB/BTC,1533507688396,2018-08-05T22:21:28.396Z,buy,2.45e-06,1.0,2.45e-06
TNB/BTC,1533507775007,2018-08-05T22:22:55.007Z,buy,2.45e-06,237.0,0.0005806499999999
TNB/BTC,1533507839831,2018-08-05T22:23:59.831Z,sell,2.44e-06,4500.0,0.01098
TNB/BTC,1533507878566,2018-08-05T22:24:38.566Z,sell,2.44e-06,38564.0,0.09409616
TNB/BTC,1533507878578,2018-08-05T22:24:38.578Z,buy,2.44e-06,20315.0,0.0495686
TNB/BTC,1533507908749,2018-08-05T22:25:08.749Z,buy,2.44e-06,14098.0,0.03439912
TNB/BTC,1533507908749,2018-08-05T22:25:08.749Z,buy,2.45e-06,7528.0,0.0184435999999999
TNB/BTC,1533508225513,2018-08-05T22:30:25.513Z,sell,2.44e-06,6108.0,0.01490352
TNB/BTC,1533508500156,2018-08-05T22:35:00.156Z,sell,2.44e-06,14918.0,0.03639992
TNB/BTC,1533508500456,2018-08-05T22:35:00.456Z,buy,2.44e-06,739.0,0.00180316
TNB/BTC,1533508575588,2018-08-05T22:36:15.588Z,buy,2.45e-06,4.0,9.8e-06
TNB/BTC,1533508634835,2018-08-05T22:37:14.835Z,buy,2.45e-06,5129.0,0.0125660499999999
TNB/BTC,1533508711348,2018-08-05T22:38:31.348Z,buy,2.45e-06,20.0,4.9e-05
TNB/BTC,1533508737965,2018-08-05T22:38:57.965Z,buy,2.45e-06,853.0,0.00208985
TNB/BTC,1533509001568,2018-08-05T22:43:21.568Z,buy,2.44e-06,4392.0,0.01071648
TNB/BTC,1533509003565,2018-08-05T22:43:23.565Z,buy,2.44e-06,10349.0,0.02525156
TNB/BTC,1533509009564,2018-08-05T22:43:29.564Z,buy,2.44e-06,4392.0,0.01071648
TNB/BTC,1533509011567,2018-08-05T22:43:31.567Z,buy,2.44e-06,10349.0,0.02525156
TNB/BTC,1533509037707,2018-08-05T22:43:57.707Z,buy,2.44e-06,19007.0,0.04637708
TNB/BTC,1533509037707,2018-08-05T22:43:57.707Z,buy,2.45e-06,2618.0,0.0064141
TNB/BTC,1533509037707,2018-08-05T22:43:57.707Z,buy,2.44e-06,19007.0,0.04637708
TNB/BTC,1533509037707,2018-08-05T22:43:57.707Z,buy,2.45e-06,2618.0,0.0064141
TNB/BTC,1533509239049,2018-08-05T22:47:19.049Z,buy,2.45e-06,19.0,4.655e-05
TNB/BTC,1533509365063,2018-08-05T22:49:25.063Z,buy,2.45e-06,1008.0,0.0024695999999999
TNB/BTC,1533509553392,2018-08-05T22:52:33.392Z,sell,2.44e-06,1264.0,0.00308416
TNB/BTC,1533509633290,2018-08-05T22:53:53.290Z,sell,2.44e-06,140.0,0.0003416
TNB/BTC,1533509725464,2018-08-05T22:55:25.464Z,sell,2.44e-06,2999.0,0.00731756
TNB/BTC,1533510495666,2018-08-05T23:08:15.666Z,sell,2.44e-06,1990.0,0.0048556
TNB/BTC,1533510619026,2018-08-05T23:10:19.026Z,buy,2.45e-06,22.0,5.39e-05
TNB/BTC,1533510658292,2018-08-05T23:10:58.292Z,buy,2.45e-06,852.0,0.0020873999999999
TNB/BTC,1533510675506,2018-08-05T23:11:15.506Z,sell,2.44e-06,600.0,0.001464
TNB/BTC,1533511244557,2018-08-05T23:20:44.557Z,buy,2.45e-06,1.0,2.45e-06
TNB/BTC,1533511357449,2018-08-05T23:22:37.449Z,buy,2.45e-06,1651.0,0.0040449499999999
TNB/BTC,1533511377969,2018-08-05T23:22:57.969Z,buy,2.45e-06,1889.0,0.00462805
TNB/BTC,1533511384188,2018-08-05T23:23:04.188Z,buy,2.45e-06,15522.0,0.0380289
TNB/BTC,1533511460964,2018-08-05T23:24:20.964Z,buy,2.45e-06,100.0,0.000245
TNB/BTC,1533511477724,2018-08-05T23:24:37.724Z,buy,2.45e-06,2171.0,0.0053189499999999
TNB/BTC,1533511477747,2018-08-05T23:24:37.747Z,buy,2.45e-06,4179.0,0.0102385499999999
TNB/BTC,1533511478065,2018-08-05T23:24:38.065Z,buy,2.45e-06,1829.0,0.0044810499999999
TNB/BTC,1533511478078,2018-08-05T23:24:38.078Z,buy,2.45e-06,416.0,0.0010191999999999
TNB/BTC,1533511478962,2018-08-05T23:24:38.962Z,buy,2.45e-06,5293.0,0.01296785
TNB/BTC,1533511674133,2018-08-05T23:27:54.133Z,buy,2.45e-06,7586.0,0.0185857
TNB/BTC,1533511675063,2018-08-05T23:27:55.063Z,buy,2.45e-06,4552.0,0.0111524
TNB/BTC,1533511675900,2018-08-05T23:27:55.900Z,buy,2.45e-06,6828.0,0.0167286
TNB/BTC,1533511676074,2018-08-05T23:27:56.074Z,buy,2.46e-06,2731.0,0.00671826
TNB/BTC,1533511740607,2018-08-05T23:29:00.607Z,buy,2.46e-06,959.0,0.00235914
TNB/BTC,1533511853485,2018-08-05T23:30:53.485Z,buy,2.45e-06,2429.0,0.0059510499999999
TNB/BTC,1533511853507,2018-08-05T23:30:53.507Z,buy,2.45e-06,971.0,0.00237895
TNB/BTC,1533511853509,2018-08-05T23:30:53.509Z,buy,2.45e-06,728.0,0.0017836
TNB/BTC,1533511853522,2018-08-05T23:30:53.522Z,buy,2.45e-06,400.0,0.00098
TNB/BTC,1533511853522,2018-08-05T23:30:53.522Z,buy,2.46e-06,328.0,0.00080688
TNB/BTC,1533511854108,2018-08-05T23:30:54.108Z,buy,2.46e-06,1150.0,0.002829
TNB/BTC,1533511965531,2018-08-05T23:32:45.531Z,sell,2.44e-06,28.0,6.832e-05
TNB/BTC,1533512109914,2018-08-05T23:35:09.914Z,buy,2.45e-06,4585.0,0.0112332499999999
TNB/BTC,1533512111844,2018-08-05T23:35:11.844Z,sell,2.44e-06,2.0,4.88e-06
TNB/BTC,1533512131589,2018-08-05T23:35:31.589Z,sell,2.45e-06,5830.0,0.0142835
TNB/BTC,1533512310895,2018-08-05T23:38:30.895Z,buy,2.46e-06,12.0,2.952e-05
TNB/BTC,1533512342159,2018-08-05T23:39:02.159Z,buy,2.46e-06,7922.0,0.01948812
TNB/BTC,1533512342173,2018-08-05T23:39:02.173Z,buy,2.46e-06,10563.0,0.02598498
TNB/BTC,1533512342184,2018-08-05T23:39:02.184Z,buy,2.46e-06,7922.0,0.01948812
TNB/BTC,1533512350648,2018-08-05T23:39:10.648Z,buy,2.46e-06,5000.0,0.0123
TNB/BTC,1533512549908,2018-08-05T23:42:29.908Z,buy,2.46e-06,880.0,0.0021648
TNB/BTC,1533512563100,2018-08-05T23:42:43.100Z,buy,2.46e-06,8061.0,0.01983006
TNB/BTC,1533512563154,2018-08-05T23:42:43.154Z,buy,2.46e-06,10749.0,0.02644254
TNB/BTC,1533512563184,2018-08-05T23:42:43.184Z,buy,2.46e-06,8061.0,0.01983006
TNB/BTC,1533512563184,2018-08-05T23:42:43.184Z,buy,2.46e-06,8061.0,0.01983006
TNB/BTC,1533512734499,2018-08-05T23:45:34.499Z,sell,2.45e-06,6.0,1.4699999999999998e-05
TNB/BTC,1533512924451,2018-08-05T23:48:44.451Z,sell,2.46e-06,7994.0,0.01966524
TNB/BTC,1533512965144,2018-08-05T23:49:25.144Z,buy,2.47e-06,7890.0,0.0194883
TNB/BTC,1533512965156,2018-08-05T23:49:25.156Z,buy,2.47e-06,7890.0,0.0194883
TNB/BTC,1533512965156,2018-08-05T23:49:25.156Z,buy,2.47e-06,10520.0,0.0259844
TNB/BTC,1533512965612,2018-08-05T23:49:25.612Z,buy,2.47e-06,3000.0,0.00741
TNB/BTC,1533512966083,2018-08-05T23:49:26.083Z,buy,2.47e-06,3000.0,0.00741
TNB/BTC,1533512967762,2018-08-05T23:49:27.762Z,buy,2.47e-06,490.0,0.0012103
TNB/BTC,1533513201244,2018-08-05T23:53:21.244Z,buy,2.47e-06,394.0,0.00097318
TNB/BTC,1533513228614,2018-08-05T23:53:48.614Z,buy,2.47e-06,396.0,0.00097812
TNB/BTC,1533514059484,2018-08-06T00:07:39.484Z,sell,2.46e-06,885.0,0.0021771
TNB/BTC,1533514099320,2018-08-06T00:08:19.320Z,sell,2.46e-06,41.0,0.00010086
TNB/BTC,1533514279528,2018-08-06T00:11:19.528Z,sell,2.46e-06,12531.0,0.03082626
TNB/BTC,1533514279547,2018-08-06T00:11:19.547Z,buy,2.46e-06,577.0,0.00141942
TNB/BTC,1533514280605,2018-08-06T00:11:20.605Z,buy,2.46e-06,3566.0,0.00877236
TNB/BTC,1533514637714,2018-08-06T00:17:17.714Z,buy,2.46e-06,14313.0,0.03520998
TNB/BTC,1533514688045,2018-08-06T00:18:08.045Z,sell,2.46e-06,29.0,7.134e-05
TNB/BTC,1533514829041,2018-08-06T00:20:29.041Z,buy,2.47e-06,1.0,2.47e-06
TNB/BTC,1533515256523,2018-08-06T00:27:36.523Z,buy,2.47e-06,25606.0,0.06324682
TNB/BTC,1533515261574,2018-08-06T00:27:41.574Z,buy,2.48e-06,4032.0,0.00999936
TNB/BTC,1533515290042,2018-08-06T00:28:10.042Z,sell,2.47e-06,4036.0,0.00996892
TNB/BTC,1533515299121,2018-08-06T00:28:19.121Z,sell,2.47e-06,853.0,0.00210691
TNB/BTC,1533515328582,2018-08-06T00:28:48.582Z,sell,2.47e-06,852.0,0.00210444
TNB/BTC,1533515726526,2018-08-06T00:35:26.526Z,sell,2.47e-06,7.0,1.729e-05
TNB/BTC,1533515971649,2018-08-06T00:39:31.649Z,buy,2.48e-06,4.0,9.92e-06
TNB/BTC,1533515971649,2018-08-06T00:39:31.649Z,buy,2.48e-06,4.0,9.92e-06
TNB/BTC,1533516353443,2018-08-06T00:45:53.443Z,buy,2.48e-06,2029.0,0.00503192
TNB/BTC,1533516373453,2018-08-06T00:46:13.453Z,sell,2.47e-06,10.0,2.47e-05
TNB/BTC,1533516951090,2018-08-06T00:55:51.090Z,buy,2.48e-06,1197.0,0.00296856
TNB/BTC,1533516951117,2018-08-06T00:55:51.117Z,buy,2.48e-06,1197.0,0.00296856
TNB/BTC,1533516951120,2018-08-06T00:55:51.120Z,buy,2.48e-06,1596.0,0.00395808
TNB/BTC,1533516961503,2018-08-06T00:56:01.503Z,sell,2.47e-06,608.0,0.00150176
TNB/BTC,1533517013054,2018-08-06T00:56:53.054Z,buy,2.48e-06,1438.0,0.00356624
TNB/BTC,1533517013054,2018-08-06T00:56:53.054Z,buy,2.49e-06,2594.0,0.00645906
TNB/BTC,1533517072579,2018-08-06T00:57:52.579Z,sell,2.47e-06,883.0,0.00218101
TNB/BTC,1533517074489,2018-08-06T00:57:54.489Z,buy,2.48e-06,269.0,0.00066712
TNB/BTC,1533517079303,2018-08-06T00:57:59.303Z,sell,2.47e-06,269.0,0.00066443
TNB/BTC,1533517766913,2018-08-06T01:09:26.913Z,sell,2.47e-06,13.0,3.211e-05
TNB/BTC,1533518155046,2018-08-06T01:15:55.046Z,buy,2.48e-06,406.0,0.00100688
TNB/BTC,1533518158263,2018-08-06T01:15:58.263Z,buy,2.48e-06,404.0,0.00100192
TNB/BTC,1533518485120,2018-08-06T01:21:25.120Z,buy,2.48e-06,406.0,0.00100688
TNB/BTC,1533518486903,2018-08-06T01:21:26.903Z,buy,2.48e-06,1.0,2.48e-06
TNB/BTC,1533518574267,2018-08-06T01:22:54.267Z,buy,2.48e-06,5128.0,0.01271744
TNB/BTC,1533519356169,2018-08-06T01:35:56.169Z,buy,2.48e-06,446.0,0.00110608
TNB/BTC,1533519381546,2018-08-06T01:36:21.546Z,buy,2.48e-06,7112.0,0.01763776
TNB/BTC,1533519381548,2018-08-06T01:36:21.548Z,buy,2.48e-06,5334.0,0.01322832
TNB/BTC,1533519382553,2018-08-06T01:36:22.553Z,buy,2.48e-06,1041.0,0.00258168
TNB/BTC,1533519382553,2018-08-06T01:36:22.553Z,buy,2.48e-06,780.0,0.0019344
TNB/BTC,1533519383544,2018-08-06T01:36:23.544Z,buy,2.48e-06,487.0,0.00120776
TNB/BTC,1533519449843,2018-08-06T01:37:29.843Z,buy,2.48e-06,2.0,4.96e-06
TNB/BTC,1533519489381,2018-08-06T01:38:09.381Z,buy,2.48e-06,6709.0,0.0166383199999999
TNB/BTC,1533519489381,2018-08-06T01:38:09.381Z,buy,2.49e-06,16019.0,0.0398873099999999
TNB/BTC,1533519494855,2018-08-06T01:38:14.855Z,sell,2.48e-06,1209.0,0.00299832
TNB/BTC,1533519494897,2018-08-06T01:38:14.897Z,sell,2.48e-06,1209.0,0.00299832
TNB/BTC,1533519494954,2018-08-06T01:38:14.954Z,sell,2.48e-06,1612.0,0.00399776
TNB/BTC,1533519495467,2018-08-06T01:38:15.467Z,sell,2.48e-06,2.0,4.96e-06
TNB/BTC,1533519504896,2018-08-06T01:38:24.896Z,buy,2.48e-06,874.0,0.00216752
TNB/BTC,1533519515015,2018-08-06T01:38:35.015Z,sell,2.47e-06,2016.0,0.00497952
TNB/BTC,1533519516446,2018-08-06T01:38:36.446Z,sell,2.47e-06,2016.0,0.00497952
TNB/BTC,1533519521369,2018-08-06T01:38:41.369Z,buy,2.48e-06,2.0,4.96e-06
TNB/BTC,1533519532395,2018-08-06T01:38:52.395Z,sell,2.47e-06,1084.0,0.00267748
TNB/BTC,1533519557227,2018-08-06T01:39:17.227Z,sell,2.47e-06,1092.0,0.00269724
TNB/BTC,1533519558523,2018-08-06T01:39:18.523Z,sell,2.47e-06,1899.0,0.00469053
TNB/BTC,1533519570600,2018-08-06T01:39:30.600Z,buy,2.49e-06,4016.0,0.00999984
TNB/BTC,1533519570600,2018-08-06T01:39:30.600Z,buy,2.49e-06,4016.0,0.00999984
TNB/BTC,1533519587962,2018-08-06T01:39:47.962Z,sell,2.47e-06,1.0,2.47e-06
TNB/BTC,1533519602313,2018-08-06T01:40:02.313Z,sell,2.47e-06,874.0,0.00215878
TNB/BTC,1533519936272,2018-08-06T01:45:36.272Z,sell,2.47e-06,11008.0,0.02718976
TNB/BTC,1533519942932,2018-08-06T01:45:42.932Z,sell,2.47e-06,4.0,9.88e-06
TNB/BTC,1533520137567,2018-08-06T01:48:57.567Z,buy,2.49e-06,4016.0,0.00999984
TNB/BTC,1533520167674,2018-08-06T01:49:27.674Z,buy,2.49e-06,285.0,0.0007096499999999
TNB/BTC,1533520223438,2018-08-06T01:50:23.438Z,buy,2.49e-06,101.0,0.00025149
TNB/BTC,1533520232800,2018-08-06T01:50:32.800Z,buy,2.48e-06,1920.0,0.0047615999999999
TNB/BTC,1533520236488,2018-08-06T01:50:36.488Z,buy,2.49e-06,481.0,0.00119769
TNB/BTC,1533520236592,2018-08-06T01:50:36.592Z,buy,2.49e-06,11001.0,0.02739249
TNB/BTC,1533520236613,2018-08-06T01:50:36.613Z,sell,2.49e-06,31080.0,0.0773891999999999
TNB/BTC,1533520236633,2018-08-06T01:50:36.633Z,sell,2.49e-06,4179.0,0.01040571
TNB/BTC,1533520237476,2018-08-06T01:50:37.476Z,sell,2.49e-06,471.0,0.00117279
TNB/BTC,1533520251592,2018-08-06T01:50:51.592Z,sell,2.49e-06,5129.0,0.01277121
TNB/BTC,1533520254888,2018-08-06T01:50:54.888Z,sell,2.49e-06,4975.0,0.01238775
TNB/BTC,1533520255865,2018-08-06T01:50:55.865Z,sell,2.49e-06,4975.0,0.01238775
TNB/BTC,1533520387331,2018-08-06T01:53:07.331Z,sell,2.49e-06,430.0,0.0010707
TNB/BTC,1533520460607,2018-08-06T01:54:20.607Z,buy,2.5e-06,2455.0,0.0061375
TNB/BTC,1533520641221,2018-08-06T01:57:21.221Z,sell,2.49e-06,736.0,0.00183264
TNB/BTC,1533521012859,2018-08-06T02:03:32.859Z,sell,2.49e-06,2217.0,0.0055203299999999
TNB/BTC,1533521215830,2018-08-06T02:06:55.830Z,buy,2.5e-06,564.0,0.00141
TNB/BTC,1533521320998,2018-08-06T02:08:40.998Z,buy,2.5e-06,2716.0,0.00679
TNB/BTC,1533521349933,2018-08-06T02:09:09.933Z,sell,2.49e-06,49.0,0.0001220099999999
TNB/BTC,1533521421955,2018-08-06T02:10:21.955Z,buy,2.5e-06,20000.0,0.05
TNB/BTC,1533521422195,2018-08-06T02:10:22.195Z,buy,2.5e-06,12507.0,0.0312675
TNB/BTC,1533521424641,2018-08-06T02:10:24.641Z,sell,2.5e-06,481.0,0.0012025
TNB/BTC,1533521425132,2018-08-06T02:10:25.132Z,sell,2.5e-06,1511.0,0.0037775
TNB/BTC,1533521425708,2018-08-06T02:10:25.708Z,sell,2.5e-06,2060.0,0.00515
TNB/BTC,1533521425819,2018-08-06T02:10:25.819Z,sell,2.5e-06,2000.0,0.005
TNB/BTC,1533521430360,2018-08-06T02:10:30.360Z,sell,2.5e-06,1067.0,0.0026675
TNB/BTC,1533521430409,2018-08-06T02:10:30.409Z,sell,2.5e-06,2000.0,0.005
TNB/BTC,1533521430792,2018-08-06T02:10:30.792Z,sell,2.5e-06,2481.0,0.0062025
TNB/BTC,1533521432355,2018-08-06T02:10:32.355Z,sell,2.5e-06,4387.0,0.0109675
TNB/BTC,1533521432475,2018-08-06T02:10:32.475Z,sell,2.5e-06,6906.0,0.017265
TNB/BTC,1533521433573,2018-08-06T02:10:33.573Z,sell,2.5e-06,1640.0,0.0041
TNB/BTC,1533521434307,2018-08-06T02:10:34.307Z,sell,2.5e-06,2023.0,0.0050575
TNB/BTC,1533521436070,2018-08-06T02:10:36.070Z,sell,2.5e-06,2067.0,0.0051675
TNB/BTC,1533521483664,2018-08-06T02:11:23.664Z,buy,2.51e-06,59.0,0.00014809
TNB/BTC,1533521484139,2018-08-06T02:11:24.139Z,buy,2.51e-06,13433.0,0.03371683
TNB/BTC,1533521484148,2018-08-06T02:11:24.148Z,buy,2.51e-06,28553.0,0.07166803
TNB/BTC,1533521484158,2018-08-06T02:11:24.158Z,buy,2.51e-06,30050.0,0.0754255
TNB/BTC,1533521484600,2018-08-06T02:11:24.600Z,buy,2.51e-06,2441.0,0.00612691
TNB/BTC,1533521485136,2018-08-06T02:11:25.136Z,buy,2.51e-06,7707.0,0.01934457
TNB/BTC,1533521485171,2018-08-06T02:11:25.171Z,buy,2.51e-06,7315.0,0.01836065
TNB/BTC,1533521485436,2018-08-06T02:11:25.436Z,buy,2.51e-06,3000.0,0.00753
TNB/BTC,1533521485549,2018-08-06T02:11:25.549Z,buy,2.51e-06,398.0,0.00099898
TNB/BTC,1533521485661,2018-08-06T02:11:25.661Z,buy,2.51e-06,723.0,0.00181473
TNB/BTC,1533521485851,2018-08-06T02:11:25.851Z,buy,2.51e-06,6547.0,0.01643297
TNB/BTC,1533521486114,2018-08-06T02:11:26.114Z,buy,2.52e-06,2618.0,0.00659736
TNB/BTC,1533521486114,2018-08-06T02:11:26.114Z,buy,2.52e-06,2960.0,0.0074592
TNB/BTC,1533521486117,2018-08-06T02:11:26.117Z,buy,2.53e-06,1964.0,0.00496892
TNB/BTC,1533521486117,2018-08-06T02:11:26.117Z,buy,2.53e-06,14472.0,0.03661416
TNB/BTC,1533521486300,2018-08-06T02:11:26.300Z,sell,2.53e-06,2143.0,0.00542179
TNB/BTC,1533521489106,2018-08-06T02:11:29.106Z,sell,2.53e-06,3923.0,0.00992519
TNB/BTC,1533521489145,2018-08-06T02:11:29.145Z,sell,2.53e-06,5231.0,0.01323443
TNB/BTC,1533521489170,2018-08-06T02:11:29.170Z,sell,2.53e-06,9154.0,0.02315962
TNB/BTC,1533521489882,2018-08-06T02:11:29.882Z,sell,2.53e-06,3506.0,0.00887018
TNB/BTC,1533521490101,2018-08-06T02:11:30.101Z,sell,2.53e-06,8120.0,0.0205436
TNB/BTC,1533521493000,2018-08-06T02:11:33.000Z,sell,2.53e-06,4399.0,0.0111294699999999
TNB/BTC,1533521495253,2018-08-06T02:11:35.253Z,sell,2.52e-06,609.0,0.00153468
TNB/BTC,1533521497089,2018-08-06T02:11:37.089Z,sell,2.52e-06,488.0,0.00122976
TNB/BTC,1533521498910,2018-08-06T02:11:38.910Z,sell,2.52e-06,488.0,0.00122976
TNB/BTC,1533521499196,2018-08-06T02:11:39.196Z,sell,2.52e-06,1504.0,0.00379008
TNB/BTC,1533521500580,2018-08-06T02:11:40.580Z,sell,2.52e-06,34660.0,0.0873432
TNB/BTC,1533521500580,2018-08-06T02:11:40.580Z,sell,2.51e-06,28052.0,0.07041052
TNB/BTC,1533521500580,2018-08-06T02:11:40.580Z,sell,2.5e-06,2147.0,0.0053675
TNB/BTC,1533521508286,2018-08-06T02:11:48.286Z,sell,2.51e-06,2008.0,0.00504008
TNB/BTC,1533521515982,2018-08-06T02:11:55.982Z,sell,2.51e-06,3964.0,0.00994964
TNB/BTC,1533521538180,2018-08-06T02:12:18.180Z,buy,2.52e-06,486.0,0.00122472
TNB/BTC,1533521541111,2018-08-06T02:12:21.111Z,buy,2.52e-06,9606.0,0.02420712
TNB/BTC,1533521541133,2018-08-06T02:12:21.133Z,buy,2.52e-06,5675.0,0.014301
TNB/BTC,1533521542083,2018-08-06T02:12:22.083Z,buy,2.52e-06,6724.0,0.01694448
TNB/BTC,1533521542091,2018-08-06T02:12:22.091Z,buy,2.52e-06,3976.0,0.01001952
TNB/BTC,1533521543104,2018-08-06T02:12:23.104Z,buy,2.52e-06,2416.0,0.00608832
TNB/BTC,1533521543156,2018-08-06T02:12:23.156Z,buy,2.52e-06,1087.0,0.00273924
TNB/BTC,1533521544145,2018-08-06T02:12:24.145Z,buy,2.52e-06,761.0,0.00191772
TNB/BTC,1533521544178,2018-08-06T02:12:24.178Z,buy,2.52e-06,1015.0,0.0025578
TNB/BTC,1533521544464,2018-08-06T02:12:24.464Z,buy,2.52e-06,400.0,0.001008
TNB/BTC,1533521570840,2018-08-06T02:12:50.840Z,buy,2.52e-06,362.0,0.00091224
TNB/BTC,1533521572087,2018-08-06T02:12:52.087Z,buy,2.53e-06,516.0,0.00130548
TNB/BTC,1533521572789,2018-08-06T02:12:52.789Z,buy,2.53e-06,643.0,0.00162679
TNB/BTC,1533521601573,2018-08-06T02:13:21.573Z,buy,2.53e-06,738.0,0.00186714
TNB/BTC,1533521615316,2018-08-06T02:13:35.316Z,sell,2.51e-06,737.0,0.00184987
TNB/BTC,1533521618080,2018-08-06T02:13:38.080Z,buy,2.53e-06,19.0,4.807e-05
TNB/BTC,1533521685527,2018-08-06T02:14:45.527Z,buy,2.53e-06,4000.0,0.01012
TNB/BTC,1533521807555,2018-08-06T02:16:47.555Z,sell,2.52e-06,2910.0,0.0073332
TNB/BTC,1533521807555,2018-08-06T02:16:47.555Z,sell,2.51e-06,17090.0,0.0428959
TNB/BTC,1533521809378,2018-08-06T02:16:49.378Z,buy,2.53e-06,474.0,0.00119922
TNB/BTC,1533521918367,2018-08-06T02:18:38.367Z,sell,2.51e-06,167.0,0.00041917
TNB/BTC,1533521919941,2018-08-06T02:18:39.941Z,buy,2.53e-06,1.0,2.53e-06
TNB/BTC,1533521921971,2018-08-06T02:18:41.971Z,buy,2.53e-06,1249.0,0.00315997
TNB/BTC,1533521921991,2018-08-06T02:18:41.991Z,buy,2.53e-06,1007.0,0.00254771
TNB/BTC,1533521921992,2018-08-06T02:18:41.992Z,buy,2.53e-06,4179.0,0.01057287
TNB/BTC,1533521972632,2018-08-06T02:19:32.632Z,buy,2.53e-06,3952.0,0.00999856
TNB/BTC,1533521982147,2018-08-06T02:19:42.147Z,buy,2.53e-06,488.0,0.00123464
TNB/BTC,1533521983320,2018-08-06T02:19:43.320Z,buy,2.53e-06,1668.0,0.0042200399999999
TNB/BTC,1533522043074,2018-08-06T02:20:43.074Z,buy,2.53e-06,430.0,0.0010879
TNB/BTC,1533522103381,2018-08-06T02:21:43.381Z,buy,2.53e-06,430.0,0.0010879
TNB/BTC,1533522134878,2018-08-06T02:22:14.878Z,buy,2.53e-06,430.0,0.0010879
TNB/BTC,1533522191261,2018-08-06T02:23:11.261Z,buy,2.53e-06,1.0,2.53e-06
TNB/BTC,1533522195527,2018-08-06T02:23:15.527Z,buy,2.53e-06,430.0,0.0010879
TNB/BTC,1533522255698,2018-08-06T02:24:15.698Z,buy,2.53e-06,430.0,0.0010879
TNB/BTC,1533522311289,2018-08-06T02:25:11.289Z,buy,2.53e-06,512.0,0.00129536
TNB/BTC,1533522411216,2018-08-06T02:26:51.216Z,sell,2.52e-06,2710.0,0.0068292
TNB/BTC,1533522499244,2018-08-06T02:28:19.244Z,buy,2.53e-06,430.0,0.0010879
TNB/BTC,1533522501440,2018-08-06T02:28:21.440Z,buy,2.53e-06,430.0,0.0010879
TNB/BTC,1533522564173,2018-08-06T02:29:24.173Z,buy,2.53e-06,2572.0,0.00650716
TNB/BTC,1533522564193,2018-08-06T02:29:24.193Z,buy,2.53e-06,3430.0,0.0086779
TNB/BTC,1533522566138,2018-08-06T02:29:26.138Z,buy,2.53e-06,6228.0,0.01575684
TNB/BTC,1533522566157,2018-08-06T02:29:26.157Z,buy,2.53e-06,4671.0,0.0118176299999999
TNB/BTC,1533522566185,2018-08-06T02:29:26.185Z,buy,2.53e-06,4671.0,0.0118176299999999
TNB/BTC,1533522632119,2018-08-06T02:30:32.119Z,buy,2.53e-06,493.0,0.0012472899999999
TNB/BTC,1533522632648,2018-08-06T02:30:32.648Z,buy,2.53e-06,600.0,0.001518
TNB/BTC,1533522633095,2018-08-06T02:30:33.095Z,buy,2.53e-06,493.0,0.0012472899999999
TNB/BTC,1533522761936,2018-08-06T02:32:41.936Z,buy,2.53e-06,430.0,0.0010879
TNB/BTC,1533522844982,2018-08-06T02:34:04.982Z,buy,2.53e-06,430.0,0.0010879
TNB/BTC,1533522905381,2018-08-06T02:35:05.381Z,buy,2.53e-06,430.0,0.0010879
TNB/BTC,1533522918586,2018-08-06T02:35:18.586Z,sell,2.52e-06,10.0,2.52e-05
TNB/BTC,1533522949128,2018-08-06T02:35:49.128Z,buy,2.53e-06,516.0,0.00130548
TNB/BTC,1533522949137,2018-08-06T02:35:49.137Z,buy,2.53e-06,387.0,0.00097911
TNB/BTC,1533523084648,2018-08-06T02:38:04.648Z,sell,2.52e-06,51.0,0.00012852
TNB/BTC,1533523113351,2018-08-06T02:38:33.351Z,buy,2.53e-06,430.0,0.0010879
TNB/BTC,1533523152350,2018-08-06T02:39:12.350Z,buy,2.53e-06,430.0,0.0010879
TNB/BTC,1533523152350,2018-08-06T02:39:12.350Z,buy,2.53e-06,430.0,0.0010879
TNB/BTC,1533523202573,2018-08-06T02:40:02.573Z,buy,2.53e-06,430.0,0.0010879
TNB/BTC,1533523220201,2018-08-06T02:40:20.201Z,buy,2.53e-06,430.0,0.0010879
TNB/BTC,1533523280439,2018-08-06T02:41:20.439Z,buy,2.53e-06,430.0,0.0010879
TNB/BTC,1533523311565,2018-08-06T02:41:51.565Z,sell,2.52e-06,2857.0,0.00719964
TNB/BTC,1533523312587,2018-08-06T02:41:52.587Z,buy,2.52e-06,2808.0,0.00707616
TNB/BTC,1533523313566,2018-08-06T02:41:53.566Z,buy,2.52e-06,1685.0,0.0042462
TNB/BTC,1533523314568,2018-08-06T02:41:54.568Z,buy,2.52e-06,1011.0,0.00254772
TNB/BTC,1533523316575,2018-08-06T02:41:56.575Z,buy,2.52e-06,606.0,0.00152712
TNB/BTC,1533523316600,2018-08-06T02:41:56.600Z,buy,2.52e-06,606.0,0.00152712
TNB/BTC,1533523335931,2018-08-06T02:42:15.931Z,buy,2.52e-06,305.0,0.0007686
TNB/BTC,1533523335931,2018-08-06T02:42:15.931Z,buy,2.53e-06,125.0,0.00031625
TNB/BTC,1533523375337,2018-08-06T02:42:55.337Z,buy,2.53e-06,430.0,0.0010879
TNB/BTC,1533523414883,2018-08-06T02:43:34.883Z,buy,2.53e-06,3952.0,0.00999856
TNB/BTC,1533523435527,2018-08-06T02:43:55.527Z,buy,2.53e-06,430.0,0.0010879
TNB/BTC,1533523441249,2018-08-06T02:44:01.249Z,sell,2.51e-06,20742.0,0.05206242
TNB/BTC,1533523441313,2018-08-06T02:44:01.313Z,buy,2.51e-06,4033.0,0.01012283
TNB/BTC,1533523441316,2018-08-06T02:44:01.316Z,buy,2.51e-06,5378.0,0.01349878
TNB/BTC,1533523441790,2018-08-06T02:44:01.790Z,buy,2.51e-06,1269.0,0.00318519
TNB/BTC,1533523441919,2018-08-06T02:44:01.919Z,buy,2.51e-06,728.0,0.00182728
TNB/BTC,1533523442104,2018-08-06T02:44:02.104Z,buy,2.51e-06,2000.0,0.00502
TNB/BTC,1533523442291,2018-08-06T02:44:02.291Z,buy,2.51e-06,37.0,9.287e-05
TNB/BTC,1533523443472,2018-08-06T02:44:03.472Z,buy,2.53e-06,203.0,0.00051359
TNB/BTC,1533523458925,2018-08-06T02:44:18.925Z,buy,2.53e-06,2204.0,0.0055761199999999
TNB/BTC,1533523466462,2018-08-06T02:44:26.462Z,buy,2.53e-06,4451.0,0.01126103
TNB/BTC,1533523505615,2018-08-06T02:45:05.615Z,buy,2.53e-06,1633.0,0.00413149
TNB/BTC,1533523506570,2018-08-06T02:45:06.570Z,buy,2.53e-06,2446.0,0.0061883799999999
TNB/BTC,1533523507093,2018-08-06T02:45:07.093Z,buy,2.53e-06,455.0,0.0011511499999999
TNB/BTC,1533523528105,2018-08-06T02:45:28.105Z,sell,2.5e-06,528.0,0.00132
TNB/BTC,1533523530487,2018-08-06T02:45:30.487Z,buy,2.52e-06,2119.0,0.00533988
TNB/BTC,1533523531500,2018-08-06T02:45:31.500Z,buy,2.52e-06,1271.0,0.00320292
TNB/BTC,1533523531757,2018-08-06T02:45:31.757Z,sell,2.51e-06,27.0,6.777e-05
TNB/BTC,1533523532485,2018-08-06T02:45:32.485Z,buy,2.52e-06,763.0,0.00192276
TNB/BTC,1533523533495,2018-08-06T02:45:33.495Z,buy,2.52e-06,458.0,0.00115416
TNB/BTC,1533523608987,2018-08-06T02:46:48.987Z,buy,2.52e-06,687.0,0.00173124
TNB/BTC,1533523609539,2018-08-06T02:46:49.539Z,sell,2.52e-06,1059.0,0.00266868
TNB/BTC,1533523613630,2018-08-06T02:46:53.630Z,buy,2.53e-06,860.0,0.0021758
TNB/BTC,1533523646121,2018-08-06T02:47:26.121Z,buy,2.53e-06,516.0,0.00130548
TNB/BTC,1533523704541,2018-08-06T02:48:24.541Z,buy,2.52e-06,256.0,0.00064512
TNB/BTC,1533523705798,2018-08-06T02:48:25.798Z,sell,2.51e-06,5000.0,0.01255
TNB/BTC,1533523708162,2018-08-06T02:48:28.162Z,buy,2.52e-06,263.0,0.00066276
TNB/BTC,1533523714187,2018-08-06T02:48:34.187Z,buy,2.52e-06,3687.0,0.00929124
TNB/BTC,1533523714934,2018-08-06T02:48:34.934Z,buy,2.52e-06,2212.0,0.00557424
TNB/BTC,1533523715940,2018-08-06T02:48:35.940Z,buy,2.52e-06,1328.0,0.00334656
TNB/BTC,1533523716949,2018-08-06T02:48:36.949Z,buy,2.52e-06,796.0,0.00200592
TNB/BTC,1533523717937,2018-08-06T02:48:37.937Z,buy,2.52e-06,478.0,0.00120456
TNB/BTC,1533523723978,2018-08-06T02:48:43.978Z,buy,2.52e-06,57.0,0.00014364
TNB/BTC,1533523724554,2018-08-06T02:48:44.554Z,buy,2.52e-06,430.0,0.0010836
TNB/BTC,1533523725850,2018-08-06T02:48:45.850Z,buy,2.52e-06,231.0,0.00058212
TNB/BTC,1533523725850,2018-08-06T02:48:45.850Z,buy,2.53e-06,3586.0,0.00907258
TNB/BTC,1533523741134,2018-08-06T02:49:01.134Z,buy,2.52e-06,2000.0,0.00504
TNB/BTC,1533523741175,2018-08-06T02:49:01.175Z,buy,2.52e-06,1500.0,0.00378
TNB/BTC,1533523742142,2018-08-06T02:49:02.142Z,buy,2.52e-06,600.0,0.001512
TNB/BTC,1533523742145,2018-08-06T02:49:02.145Z,buy,2.52e-06,450.0,0.001134
TNB/BTC,1533523746607,2018-08-06T02:49:06.607Z,sell,2.51e-06,5000.0,0.01255
TNB/BTC,1533523747161,2018-08-06T02:49:07.161Z,buy,2.52e-06,2131.0,0.00537012
TNB/BTC,1533523747168,2018-08-06T02:49:07.168Z,buy,2.52e-06,1598.0,0.00402696
TNB/BTC,1533523751131,2018-08-06T02:49:11.131Z,buy,2.52e-06,479.0,0.00120708
TNB/BTC,1533523751156,2018-08-06T02:49:11.156Z,buy,2.52e-06,639.0,0.00161028
TNB/BTC,1533523761106,2018-08-06T02:49:21.106Z,buy,2.52e-06,3898.0,0.00982296
TNB/BTC,1533523761176,2018-08-06T02:49:21.176Z,buy,2.52e-06,2923.0,0.00736596
TNB/BTC,1533523762151,2018-08-06T02:49:22.151Z,buy,2.52e-06,1170.0,0.0029484
TNB/BTC,1533523762192,2018-08-06T02:49:22.192Z,buy,2.52e-06,877.0,0.00221004
TNB/BTC,1533523770596,2018-08-06T02:49:30.596Z,buy,2.52e-06,1475.0,0.003717
TNB/BTC,1533523786295,2018-08-06T02:49:46.295Z,buy,2.52e-06,138.0,0.00034776
TNB/BTC,1533523786295,2018-08-06T02:49:46.295Z,buy,2.53e-06,292.0,0.00073876
TNB/BTC,1533523829128,2018-08-06T02:50:29.128Z,buy,2.53e-06,444.0,0.00112332
TNB/BTC,1533523852301,2018-08-06T02:50:52.301Z,buy,2.53e-06,430.0,0.0010879
TNB/BTC,1533523912589,2018-08-06T02:51:52.589Z,buy,2.53e-06,430.0,0.0010879
TNB/BTC,1533523973310,2018-08-06T02:52:53.310Z,buy,2.53e-06,519.0,0.00131307
TNB/BTC,1533524033403,2018-08-06T02:53:53.403Z,buy,2.53e-06,430.0,0.0010879
TNB/BTC,1533524071668,2018-08-06T02:54:31.668Z,buy,2.53e-06,5803.0,0.01468159
TNB/BTC,1533524085740,2018-08-06T02:54:45.740Z,buy,2.53e-06,430.0,0.0010879
TNB/BTC,1533524145415,2018-08-06T02:55:45.415Z,buy,2.53e-06,430.0,0.0010879
TNB/BTC,1533524146775,2018-08-06T02:55:46.775Z,buy,2.53e-06,10451.0,0.02644103
TNB/BTC,1533524295018,2018-08-06T02:58:15.018Z,sell,2.51e-06,1168.0,0.00293168
TNB/BTC,1533524296467,2018-08-06T02:58:16.467Z,buy,2.53e-06,5.0,1.265e-05
TNB/BTC,1533524398013,2018-08-06T02:59:58.013Z,buy,2.53e-06,20.0,5.06e-05
TNB/BTC,1533524479642,2018-08-06T03:01:19.642Z,buy,2.53e-06,6754.0,0.0170876199999999
TNB/BTC,1533524611490,2018-08-06T03:03:31.490Z,buy,2.53e-06,13440.0,0.0340032
TNB/BTC,1533524644434,2018-08-06T03:04:04.434Z,buy,2.53e-06,430.0,0.0010879
TNB/BTC,1533524729682,2018-08-06T03:05:29.682Z,buy,2.53e-06,430.0,0.0010879
TNB/BTC,1533524790903,2018-08-06T03:06:30.903Z,buy,2.53e-06,431.0,0.0010904299999999
TNB/BTC,1533524813075,2018-08-06T03:06:53.075Z,buy,2.53e-06,10596.0,0.02680788
TNB/BTC,1533524816694,2018-08-06T03:06:56.694Z,sell,2.53e-06,3952.0,0.00999856
TNB/BTC,1533524851264,2018-08-06T03:07:31.264Z,buy,2.54e-06,431.0,0.0010947399999999
TNB/BTC,1533524894259,2018-08-06T03:08:14.259Z,buy,2.54e-06,429.0,0.0010896599999999
TNB/BTC,1533524911376,2018-08-06T03:08:31.376Z,buy,2.54e-06,431.0,0.0010947399999999
TNB/BTC,1533524914778,2018-08-06T03:08:34.778Z,sell,2.53e-06,136.0,0.0003440799999999
TNB/BTC,1533524971672,2018-08-06T03:09:31.672Z,buy,2.54e-06,431.0,0.0010947399999999
TNB/BTC,1533525023936,2018-08-06T03:10:23.936Z,sell,2.53e-06,552.0,0.00139656
TNB/BTC,1533525138409,2018-08-06T03:12:18.409Z,buy,2.54e-06,3130.0,0.0079502
TNB/BTC,1533525138416,2018-08-06T03:12:18.416Z,buy,2.54e-06,2348.0,0.0059639199999999
TNB/BTC,1533525138592,2018-08-06T03:12:18.592Z,buy,2.54e-06,7827.0,0.01988058
TNB/BTC,1533525425691,2018-08-06T03:17:05.691Z,sell,2.53e-06,6215.0,0.01572395
TNB/BTC,1533525457366,2018-08-06T03:17:37.366Z,sell,2.53e-06,3121.0,0.00789613
TNB/BTC,1533525543504,2018-08-06T03:19:03.504Z,sell,2.53e-06,1575.0,0.00398475
TNB/BTC,1533525921290,2018-08-06T03:25:21.290Z,sell,2.53e-06,4.0,1.012e-05
TNB/BTC,1533526386631,2018-08-06T03:33:06.631Z,buy,2.54e-06,3937.0,0.0099999799999999
TNB/BTC,1533526449129,2018-08-06T03:34:09.129Z,sell,2.53e-06,7052.0,0.01784156
TNB/BTC,1533526575257,2018-08-06T03:36:15.257Z,sell,2.53e-06,3.0,7.59e-06
TNB/BTC,1533526716850,2018-08-06T03:38:36.850Z,sell,2.53e-06,13.0,3.289e-05
TNB/BTC,1533526733056,2018-08-06T03:38:53.056Z,buy,2.54e-06,5712.0,0.0145084799999999
TNB/BTC,1533526733056,2018-08-06T03:38:53.056Z,buy,2.54e-06,5712.0,0.0145084799999999
TNB/BTC,1533526885529,2018-08-06T03:41:25.529Z,buy,2.54e-06,624.0,0.0015849599999999
TNB/BTC,1533527142779,2018-08-06T03:45:42.779Z,sell,2.53e-06,13.0,3.289e-05
TNB/BTC,1533527327984,2018-08-06T03:48:47.984Z,buy,2.54e-06,4677.0,0.0118795799999999
TNB/BTC,1533527414340,2018-08-06T03:50:14.340Z,buy,2.54e-06,32.0,8.128e-05
TNB/BTC,1533527570760,2018-08-06T03:52:50.760Z,buy,2.54e-06,946.0,0.00240284
TNB/BTC,1533527765769,2018-08-06T03:56:05.769Z,buy,2.54e-06,636.0,0.0016154399999999
TNB/BTC,1533527803955,2018-08-06T03:56:43.955Z,buy,2.54e-06,6518.0,0.01655572
TNB/BTC,1533527804205,2018-08-06T03:56:44.205Z,sell,2.54e-06,1988.0,0.00504952
TNB/BTC,1533527825459,2018-08-06T03:57:05.459Z,buy,2.55e-06,776.0,0.0019788
TNB/BTC,1533528019109,2018-08-06T04:00:19.109Z,buy,2.55e-06,1516.0,0.0038658
TNB/BTC,1533528263476,2018-08-06T04:04:23.476Z,buy,2.55e-06,428.0,0.0010914
TNB/BTC,1533528650191,2018-08-06T04:10:50.191Z,sell,2.54e-06,31.0,7.874e-05
TNB/BTC,1533529341470,2018-08-06T04:22:21.470Z,sell,2.54e-06,22851.0,0.0580415399999999
TNB/BTC,1533529539523,2018-08-06T04:25:39.523Z,sell,2.54e-06,21668.0,0.05503672
TNB/BTC,1533529541370,2018-08-06T04:25:41.370Z,sell,2.54e-06,1723.0,0.00437642
TNB/BTC,1533529607525,2018-08-06T04:26:47.525Z,sell,2.54e-06,400.0,0.001016
TNB/BTC,1533529627160,2018-08-06T04:27:07.160Z,buy,2.54e-06,480.0,0.0012192
TNB/BTC,1533529628128,2018-08-06T04:27:08.128Z,buy,2.54e-06,2647.0,0.0067233799999999
TNB/BTC,1533529629140,2018-08-06T04:27:09.140Z,buy,2.54e-06,1588.0,0.00403352
TNB/BTC,1533529630140,2018-08-06T04:27:10.140Z,buy,2.54e-06,953.0,0.0024206199999999
TNB/BTC,1533529631132,2018-08-06T04:27:11.132Z,buy,2.54e-06,572.0,0.00145288
TNB/BTC,1533529647085,2018-08-06T04:27:27.085Z,sell,2.53e-06,14546.0,0.03680138
TNB/BTC,1533529647128,2018-08-06T04:27:27.128Z,sell,2.53e-06,2494.0,0.00630982
TNB/BTC,1533529647221,2018-08-06T04:27:27.221Z,sell,2.53e-06,1870.0,0.0047311
TNB/BTC,1533529647264,2018-08-06T04:27:27.264Z,sell,2.53e-06,1870.0,0.0047311
TNB/BTC,1533529661849,2018-08-06T04:27:41.849Z,buy,2.54e-06,858.0,0.0021793199999999
TNB/BTC,1533529661849,2018-08-06T04:27:41.849Z,buy,2.55e-06,1142.0,0.0029121
TNB/BTC,1533529668734,2018-08-06T04:27:48.734Z,buy,2.55e-06,3058.0,0.0077979
TNB/BTC,1533529755121,2018-08-06T04:29:15.121Z,sell,2.53e-06,424.0,0.0010727199999999
TNB/BTC,1533529755121,2018-08-06T04:29:15.121Z,sell,2.52e-06,176.0,0.00044352
TNB/BTC,1533529755284,2018-08-06T04:29:15.284Z,sell,2.52e-06,695.0,0.0017514
TNB/BTC,1533529755570,2018-08-06T04:29:15.570Z,sell,2.52e-06,402.0,0.00101304
TNB/BTC,1533529755832,2018-08-06T04:29:15.832Z,sell,2.52e-06,370.0,0.0009324
TNB/BTC,1533529756251,2018-08-06T04:29:16.251Z,sell,2.52e-06,445.0,0.0011214
TNB/BTC,1533529756843,2018-08-06T04:29:16.843Z,sell,2.52e-06,286.0,0.00072072
TNB/BTC,1533529758219,2018-08-06T04:29:18.219Z,sell,2.52e-06,457.0,0.00115164
TNB/BTC,1533529759807,2018-08-06T04:29:19.807Z,sell,2.52e-06,257.0,0.00064764
TNB/BTC,1533529761071,2018-08-06T04:29:21.071Z,sell,2.52e-06,576.0,0.00145152
TNB/BTC,1533529761799,2018-08-06T04:29:21.799Z,sell,2.52e-06,528.0,0.00133056
TNB/BTC,1533529762760,2018-08-06T04:29:22.760Z,sell,2.52e-06,279.0,0.00070308
TNB/BTC,1533529764115,2018-08-06T04:29:24.115Z,sell,2.52e-06,226.0,0.00056952
TNB/BTC,1533529765224,2018-08-06T04:29:25.224Z,sell,2.52e-06,211.0,0.00053172
TNB/BTC,1533529765826,2018-08-06T04:29:25.826Z,sell,2.52e-06,665.0,0.0016758
TNB/BTC,1533529766193,2018-08-06T04:29:26.193Z,sell,2.52e-06,1181.0,0.00297612
TNB/BTC,1533529766632,2018-08-06T04:29:26.632Z,sell,2.52e-06,1436.0,0.00361872
TNB/BTC,1533529767013,2018-08-06T04:29:27.013Z,sell,2.52e-06,379.0,0.00095508
TNB/BTC,1533529767307,2018-08-06T04:29:27.307Z,sell,2.52e-06,442.0,0.00111384
TNB/BTC,1533529767927,2018-08-06T04:29:27.927Z,sell,2.52e-06,180.0,0.0004536
TNB/BTC,1533529768172,2018-08-06T04:29:28.172Z,sell,2.52e-06,333.0,0.00083916
TNB/BTC,1533529768385,2018-08-06T04:29:28.385Z,sell,2.52e-06,891.0,0.00224532
TNB/BTC,1533529768853,2018-08-06T04:29:28.853Z,sell,2.51e-06,371.0,0.00093121
TNB/BTC,1533529769272,2018-08-06T04:29:29.272Z,sell,2.51e-06,443.0,0.00111193
TNB/BTC,1533529769607,2018-08-06T04:29:29.607Z,sell,2.51e-06,182.0,0.00045682
TNB/BTC,1533529770148,2018-08-06T04:29:30.148Z,sell,2.51e-06,4065.0,0.01020315
TNB/BTC,1533529770171,2018-08-06T04:29:30.171Z,sell,2.51e-06,371.0,0.00093121
TNB/BTC,1533529770563,2018-08-06T04:29:30.563Z,sell,2.51e-06,397.0,0.00099647
TNB/BTC,1533529770646,2018-08-06T04:29:30.646Z,sell,2.51e-06,72.0,0.00018072
TNB/BTC,1533529770711,2018-08-06T04:29:30.711Z,sell,2.51e-06,134.0,0.00033634
TNB/BTC,1533529770774,2018-08-06T04:29:30.774Z,sell,2.51e-06,152.0,0.00038152
TNB/BTC,1533529770827,2018-08-06T04:29:30.827Z,sell,2.51e-06,575.0,0.00144325
TNB/BTC,1533529770863,2018-08-06T04:29:30.863Z,sell,2.51e-06,177.0,0.00044427
TNB/BTC,1533529770875,2018-08-06T04:29:30.875Z,sell,2.51e-06,473.0,0.00118723
TNB/BTC,1533529770877,2018-08-06T04:29:30.877Z,sell,2.51e-06,270.0,0.0006777
TNB/BTC,1533529770904,2018-08-06T04:29:30.904Z,sell,2.51e-06,266.0,0.00066766
TNB/BTC,1533529770941,2018-08-06T04:29:30.941Z,sell,2.51e-06,85.0,0.00021335
TNB/BTC,1533529771278,2018-08-06T04:29:31.278Z,sell,2.51e-06,91.0,0.00022841
TNB/BTC,1533529771289,2018-08-06T04:29:31.289Z,buy,2.53e-06,3264.0,0.00825792
TNB/BTC,1533529771297,2018-08-06T04:29:31.297Z,buy,2.53e-06,3264.0,0.00825792
TNB/BTC,1533529771298,2018-08-06T04:29:31.298Z,buy,2.53e-06,4353.0,0.01101309
TNB/BTC,1533529771315,2018-08-06T04:29:31.315Z,sell,2.51e-06,112.0,0.00028112
TNB/BTC,1533529771350,2018-08-06T04:29:31.350Z,buy,2.53e-06,2.0,5.06e-06
TNB/BTC,1533529771350,2018-08-06T04:29:31.350Z,buy,2.54e-06,51.0,0.0001295399999999
TNB/BTC,1533529771410,2018-08-06T04:29:31.410Z,sell,2.51e-06,231.0,0.00057981
TNB/BTC,1533529771495,2018-08-06T04:29:31.495Z,sell,2.51e-06,212.0,0.00053212
TNB/BTC,1533529771560,2018-08-06T04:29:31.560Z,sell,2.51e-06,326.0,0.00081826
TNB/BTC,1533529771572,2018-08-06T04:29:31.572Z,sell,2.51e-06,148.0,0.00037148
TNB/BTC,1533529771586,2018-08-06T04:29:31.586Z,sell,2.51e-06,103.0,0.00025853
TNB/BTC,1533529771621,2018-08-06T04:29:31.621Z,sell,2.51e-06,183.0,0.00045933
TNB/BTC,1533529771651,2018-08-06T04:29:31.651Z,sell,2.51e-06,115.0,0.00028865
TNB/BTC,1533529771688,2018-08-06T04:29:31.688Z,sell,2.51e-06,178.0,0.00044678
TNB/BTC,1533529772468,2018-08-06T04:29:32.468Z,sell,2.53e-06,6000.0,0.0151799999999999
TNB/BTC,1533529773189,2018-08-06T04:29:33.189Z,sell,2.51e-06,278.0,0.00069778
TNB/BTC,1533529773214,2018-08-06T04:29:33.214Z,sell,2.51e-06,161.0,0.00040411
TNB/BTC,1533529773261,2018-08-06T04:29:33.261Z,buy,2.53e-06,666.0,0.00168498
TNB/BTC,1533529773268,2018-08-06T04:29:33.268Z,buy,2.53e-06,888.0,0.00224664
TNB/BTC,1533529773268,2018-08-06T04:29:33.268Z,buy,2.53e-06,666.0,0.00168498
TNB/BTC,1533529773270,2018-08-06T04:29:33.270Z,sell,2.51e-06,236.0,0.00059236
TNB/BTC,1533529773336,2018-08-06T04:29:33.336Z,sell,2.51e-06,240.0,0.0006024
TNB/BTC,1533529775141,2018-08-06T04:29:35.141Z,buy,2.53e-06,1.0,2.53e-06
TNB/BTC,1533529775388,2018-08-06T04:29:35.388Z,sell,2.53e-06,1109.0,0.00280577
TNB/BTC,1533529789388,2018-08-06T04:29:49.388Z,sell,2.52e-06,854.0,0.00215208
TNB/BTC,1533529791578,2018-08-06T04:29:51.578Z,buy,2.54e-06,793.0,0.0020142199999999
TNB/BTC,1533529792037,2018-08-06T04:29:52.037Z,buy,2.54e-06,793.0,0.0020142199999999
TNB/BTC,1533529792546,2018-08-06T04:29:52.546Z,buy,2.54e-06,397.0,0.00100838
TNB/BTC,1533529793327,2018-08-06T04:29:53.327Z,buy,2.54e-06,788.0,0.0020015199999999
TNB/BTC,1533529794386,2018-08-06T04:29:54.386Z,sell,2.53e-06,791.0,0.00200123
TNB/BTC,1533529795536,2018-08-06T04:29:55.536Z,sell,2.53e-06,791.0,0.00200123
TNB/BTC,1533529822534,2018-08-06T04:30:22.534Z,sell,2.53e-06,791.0,0.00200123
TNB/BTC,1533529824388,2018-08-06T04:30:24.388Z,sell,2.53e-06,6724.0,0.01701172
TNB/BTC,1533529863114,2018-08-06T04:31:03.114Z,buy,2.54e-06,4306.0,0.0109372399999999
TNB/BTC,1533529864173,2018-08-06T04:31:04.173Z,buy,2.54e-06,2583.0,0.0065608199999999
TNB/BTC,1533529865139,2018-08-06T04:31:05.139Z,buy,2.54e-06,1550.0,0.0039369999999999
TNB/BTC,1533529866143,2018-08-06T04:31:06.143Z,buy,2.54e-06,930.0,0.0023621999999999
TNB/BTC,1533529867153,2018-08-06T04:31:07.153Z,buy,2.54e-06,558.0,0.00141732
TNB/BTC,1533529869293,2018-08-06T04:31:09.293Z,sell,2.53e-06,3952.0,0.00999856
TNB/BTC,1533529869293,2018-08-06T04:31:09.293Z,sell,2.52e-06,36008.0,0.09074016
TNB/BTC,1533529870139,2018-08-06T04:31:10.139Z,sell,2.52e-06,5.0,1.26e-05
TNB/BTC,1533529884545,2018-08-06T04:31:24.545Z,buy,2.54e-06,47.0,0.0001193799999999
TNB/BTC,1533529955111,2018-08-06T04:32:35.111Z,buy,2.54e-06,512.0,0.00130048
TNB/BTC,1533530003615,2018-08-06T04:33:23.615Z,buy,2.54e-06,57.0,0.0001447799999999
TNB/BTC,1533530014399,2018-08-06T04:33:34.399Z,sell,2.53e-06,854.0,0.00216062
TNB/BTC,1533530044119,2018-08-06T04:34:04.119Z,buy,2.54e-06,394.0,0.0010007599999999
TNB/BTC,1533530057620,2018-08-06T04:34:17.620Z,buy,2.54e-06,162.0,0.00041148
TNB/BTC,1533530073964,2018-08-06T04:34:33.964Z,sell,2.53e-06,20000.0,0.0506
TNB/BTC,1533530074549,2018-08-06T04:34:34.549Z,sell,2.53e-06,6805.0,0.01721665
TNB/BTC,1533530076560,2018-08-06T04:34:36.560Z,sell,2.53e-06,3613.0,0.00914089
TNB/BTC,1533530109926,2018-08-06T04:35:09.926Z,buy,2.54e-06,2022.0,0.00513588
TNB/BTC,1533530110241,2018-08-06T04:35:10.241Z,buy,2.54e-06,2398.0,0.00609092
TNB/BTC,1533530110428,2018-08-06T04:35:10.428Z,buy,2.54e-06,2476.0,0.0062890399999999
TNB/BTC,1533530110729,2018-08-06T04:35:10.729Z,buy,2.54e-06,801.0,0.00203454
TNB/BTC,1533530111549,2018-08-06T04:35:11.549Z,sell,2.54e-06,4039.0,0.0102590599999999
TNB/BTC,1533530146166,2018-08-06T04:35:46.166Z,buy,2.54e-06,512.0,0.00130048
TNB/BTC,1533530147412,2018-08-06T04:35:47.412Z,sell,2.53e-06,854.0,0.00216062
TNB/BTC,1533530153820,2018-08-06T04:35:53.820Z,buy,2.54e-06,640.0,0.0016255999999999
TNB/BTC,1533530169703,2018-08-06T04:36:09.703Z,buy,2.53e-06,4000.0,0.01012
TNB/BTC,1533530169730,2018-08-06T04:36:09.730Z,buy,2.53e-06,3000.0,0.0075899999999999
TNB/BTC,1533530169731,2018-08-06T04:36:09.731Z,buy,2.53e-06,3000.0,0.0075899999999999
TNB/BTC,1533530239757,2018-08-06T04:37:19.757Z,buy,2.53e-06,1345.0,0.00340285
TNB/BTC,1533530242107,2018-08-06T04:37:22.107Z,buy,2.53e-06,502.0,0.00127006
TNB/BTC,1533530242949,2018-08-06T04:37:22.949Z,buy,2.53e-06,600.0,0.001518
TNB/BTC,1533530243083,2018-08-06T04:37:23.083Z,buy,2.53e-06,1554.0,0.00393162
TNB/BTC,1533530243085,2018-08-06T04:37:23.085Z,buy,2.53e-06,1165.0,0.00294745
TNB/BTC,1533530243092,2018-08-06T04:37:23.092Z,buy,2.53e-06,1165.0,0.00294745
TNB/BTC,1533530243356,2018-08-06T04:37:23.356Z,buy,2.53e-06,600.0,0.001518
TNB/BTC,1533530245104,2018-08-06T04:37:25.104Z,buy,2.53e-06,2953.0,0.00747109
TNB/BTC,1533530245108,2018-08-06T04:37:25.108Z,buy,2.53e-06,2953.0,0.00747109
TNB/BTC,1533530245121,2018-08-06T04:37:25.121Z,buy,2.53e-06,3938.0,0.00996314
TNB/BTC,1533530272489,2018-08-06T04:37:52.489Z,buy,2.53e-06,10002.0,0.02530506
TNB/BTC,1533530272496,2018-08-06T04:37:52.496Z,buy,2.54e-06,3000.0,0.0076199999999999
TNB/BTC,1533530272509,2018-08-06T04:37:52.509Z,buy,2.54e-06,4000.0,0.0101599999999999
TNB/BTC,1533530272509,2018-08-06T04:37:52.509Z,buy,2.54e-06,3000.0,0.0076199999999999
TNB/BTC,1533530291176,2018-08-06T04:38:11.176Z,buy,2.54e-06,428.0,0.00108712
TNB/BTC,1533530295865,2018-08-06T04:38:15.865Z,sell,2.53e-06,2.0,5.06e-06
TNB/BTC,1533530298983,2018-08-06T04:38:18.983Z,sell,2.53e-06,7819.0,0.01978207
TNB/BTC,1533530298996,2018-08-06T04:38:18.996Z,buy,2.53e-06,2181.0,0.00551793
TNB/BTC,1533530308270,2018-08-06T04:38:28.270Z,buy,2.54e-06,6842.0,0.0173786799999999
TNB/BTC,1533530322058,2018-08-06T04:38:42.058Z,buy,2.53e-06,3000.0,0.0075899999999999
TNB/BTC,1533530322078,2018-08-06T04:38:42.078Z,buy,2.53e-06,4000.0,0.01012
TNB/BTC,1533530323061,2018-08-06T04:38:43.061Z,buy,2.53e-06,1200.0,0.003036
TNB/BTC,1533530323062,2018-08-06T04:38:43.062Z,buy,2.53e-06,900.0,0.002277
TNB/BTC,1533530326060,2018-08-06T04:38:46.060Z,buy,2.53e-06,3049.0,0.00771397
TNB/BTC,1533530326069,2018-08-06T04:38:46.069Z,buy,2.53e-06,2287.0,0.00578611
TNB/BTC,1533530329111,2018-08-06T04:38:49.111Z,buy,2.53e-06,686.0,0.00173558
TNB/BTC,1533530329145,2018-08-06T04:38:49.145Z,buy,2.53e-06,686.0,0.00173558
TNB/BTC,1533530329195,2018-08-06T04:38:49.195Z,buy,2.53e-06,915.0,0.00231495
TNB/BTC,1533530329195,2018-08-06T04:38:49.195Z,buy,2.53e-06,915.0,0.00231495
TNB/BTC,1533530347082,2018-08-06T04:39:07.082Z,buy,2.53e-06,2726.0,0.00689678
TNB/BTC,1533530368518,2018-08-06T04:39:28.518Z,buy,2.53e-06,428.0,0.00108284
TNB/BTC,1533530398724,2018-08-06T04:39:58.724Z,buy,2.53e-06,500.0,0.001265
TNB/BTC,1533530404130,2018-08-06T04:40:04.130Z,buy,2.53e-06,2221.0,0.00561913
TNB/BTC,1533530404377,2018-08-06T04:40:04.377Z,buy,2.53e-06,1515.0,0.00383295
TNB/BTC,1533530405164,2018-08-06T04:40:05.164Z,buy,2.53e-06,397.0,0.00100441
TNB/BTC,1533530411923,2018-08-06T04:40:11.923Z,buy,2.53e-06,397.0,0.00100441
TNB/BTC,1533530427358,2018-08-06T04:40:27.358Z,buy,2.53e-06,429.0,0.00108537
TNB/BTC,1533530428134,2018-08-06T04:40:28.134Z,buy,2.53e-06,555.0,0.00140415
TNB/BTC,1533530428618,2018-08-06T04:40:28.618Z,buy,2.53e-06,428.0,0.00108284
TNB/BTC,1533530433388,2018-08-06T04:40:33.388Z,buy,2.53e-06,4162.0,0.01052986
TNB/BTC,1533530434400,2018-08-06T04:40:34.400Z,buy,2.53e-06,2497.0,0.00631741
TNB/BTC,1533530435396,2018-08-06T04:40:35.396Z,buy,2.53e-06,1498.0,0.00378994
TNB/BTC,1533530487373,2018-08-06T04:41:27.373Z,buy,2.53e-06,429.0,0.00108537
TNB/BTC,1533530487416,2018-08-06T04:41:27.416Z,buy,2.53e-06,727.0,0.00183931
TNB/BTC,1533530488403,2018-08-06T04:41:28.403Z,buy,2.53e-06,436.0,0.00110308
TNB/BTC,1533530488561,2018-08-06T04:41:28.561Z,buy,2.53e-06,428.0,0.00108284
TNB/BTC,1533530552996,2018-08-06T04:42:32.996Z,buy,2.53e-06,228.0,0.00057684
TNB/BTC,1533530552996,2018-08-06T04:42:32.996Z,buy,2.55e-06,201.0,0.00051255
TNB/BTC,1533530600952,2018-08-06T04:43:20.952Z,buy,2.53e-06,7091.0,0.0179402299999999
TNB/BTC,1533530600979,2018-08-06T04:43:20.979Z,buy,2.53e-06,5318.0,0.01345454
TNB/BTC,1533530601949,2018-08-06T04:43:21.949Z,buy,2.53e-06,1868.0,0.00472604
TNB/BTC,1533530601966,2018-08-06T04:43:21.966Z,buy,2.53e-06,2490.0,0.0062997
TNB/BTC,1533530602952,2018-08-06T04:43:22.952Z,buy,2.53e-06,560.0,0.0014168
TNB/BTC,1533530602952,2018-08-06T04:43:22.952Z,buy,2.53e-06,747.0,0.0018899099999999
TNB/BTC,1533530603182,2018-08-06T04:43:23.182Z,buy,2.53e-06,562.0,0.00142186
TNB/BTC,1533530603182,2018-08-06T04:43:23.182Z,buy,2.54e-06,476.0,0.00120904
TNB/BTC,1533530603869,2018-08-06T04:43:23.869Z,buy,2.54e-06,1730.0,0.0043942
TNB/BTC,1533530603977,2018-08-06T04:43:23.977Z,buy,2.54e-06,3461.0,0.0087909399999999
TNB/BTC,1533530604817,2018-08-06T04:43:24.817Z,buy,2.54e-06,4.0,1.016e-05
TNB/BTC,1533530605126,2018-08-06T04:43:25.126Z,buy,2.54e-06,424.0,0.0010769599999999
TNB/BTC,1533530613442,2018-08-06T04:43:33.442Z,buy,2.54e-06,429.0,0.0010896599999999
TNB/BTC,1533530638903,2018-08-06T04:43:58.903Z,buy,2.54e-06,2505.0,0.0063627
TNB/BTC,1533530646890,2018-08-06T04:44:06.890Z,buy,2.54e-06,2507.0,0.00636778
TNB/BTC,1533530646914,2018-08-06T04:44:06.914Z,buy,2.54e-06,752.0,0.0019100799999999
TNB/BTC,1533530646933,2018-08-06T04:44:06.933Z,buy,2.54e-06,1002.0,0.00254508
TNB/BTC,1533530647926,2018-08-06T04:44:07.926Z,buy,2.54e-06,752.0,0.0019100799999999
TNB/BTC,1533530699222,2018-08-06T04:44:59.222Z,buy,2.54e-06,784.0,0.0019913599999999
TNB/BTC,1533530699255,2018-08-06T04:44:59.255Z,buy,2.54e-06,514.0,0.0013055599999999
TNB/BTC,1533530714529,2018-08-06T04:45:14.529Z,sell,2.53e-06,17029.0,0.0430833699999999
TNB/BTC,1533530731131,2018-08-06T04:45:31.131Z,buy,2.53e-06,3071.0,0.00776963
TNB/BTC,1533530731203,2018-08-06T04:45:31.203Z,buy,2.53e-06,1774.0,0.00448822
TNB/BTC,1533530732152,2018-08-06T04:45:32.152Z,buy,2.53e-06,1133.0,0.0028664899999999
TNB/BTC,1533530733085,2018-08-06T04:45:33.085Z,buy,2.53e-06,680.0,0.0017204
TNB/BTC,1533530734114,2018-08-06T04:45:34.114Z,buy,2.53e-06,408.0,0.00103224
TNB/BTC,1533530736722,2018-08-06T04:45:36.722Z,buy,2.53e-06,612.0,0.00154836
TNB/BTC,1533530736722,2018-08-06T04:45:36.722Z,buy,2.54e-06,1888.0,0.0047955199999999
TNB/BTC,1533530736731,2018-08-06T04:45:36.731Z,buy,2.54e-06,2321.0,0.00589534
TNB/BTC,1533530737121,2018-08-06T04:45:37.121Z,buy,2.54e-06,15926.0,0.0404520399999999
TNB/BTC,1533530737121,2018-08-06T04:45:37.121Z,buy,2.55e-06,3415.0,0.00870825
TNB/BTC,1533530737134,2018-08-06T04:45:37.134Z,buy,2.55e-06,25788.0,0.0657594
TNB/BTC,1533530737138,2018-08-06T04:45:37.138Z,buy,2.55e-06,19341.0,0.04931955
TNB/BTC,1533530737154,2018-08-06T04:45:37.154Z,buy,2.55e-06,28800.0,0.07344
TNB/BTC,1533530737815,2018-08-06T04:45:37.815Z,buy,2.55e-06,655.0,0.00167025
TNB/BTC,1533530744885,2018-08-06T04:45:44.885Z,buy,2.55e-06,59.0,0.00015045
TNB/BTC,1533530746076,2018-08-06T04:45:46.076Z,buy,2.55e-06,2321.0,0.00591855
TNB/BTC,1533530746080,2018-08-06T04:45:46.080Z,buy,2.55e-06,3095.0,0.00789225
TNB/BTC,1533530746118,2018-08-06T04:45:46.118Z,buy,2.55e-06,2211.0,0.00563805
TNB/BTC,1533530746118,2018-08-06T04:45:46.118Z,buy,2.56e-06,110.0,0.0002816
TNB/BTC,1533530748400,2018-08-06T04:45:48.400Z,sell,2.53e-06,2.0,5.06e-06
TNB/BTC,1533530753113,2018-08-06T04:45:53.113Z,buy,2.56e-06,3096.0,0.00792576
TNB/BTC,1533530753128,2018-08-06T04:45:53.128Z,buy,2.56e-06,2322.0,0.00594432
TNB/BTC,1533530753149,2018-08-06T04:45:53.149Z,buy,2.56e-06,2322.0,0.00594432
TNB/BTC,1533530753942,2018-08-06T04:45:53.942Z,buy,2.56e-06,7742.0,0.01981952
TNB/BTC,1533530762083,2018-08-06T04:46:02.083Z,buy,2.56e-06,2322.0,0.00594432
TNB/BTC,1533530762132,2018-08-06T04:46:02.132Z,buy,2.56e-06,2322.0,0.00594432
