symbol,timestamp,datetime,side,price,amount,btc_volume
TNB/BTC,1583769602761,2020-03-09T16:00:02.761Z,sell,1.9e-07,6604.0,0.00125476
TNB/BTC,1583769649727,2020-03-09T16:00:49.727Z,buy,2e-07,18554.0,0.0037107999999999
TNB/BTC,1583769709446,2020-03-09T16:01:49.446Z,sell,1.9e-07,18535.0,0.00352165
TNB/BTC,1583769772208,2020-03-09T16:02:52.208Z,buy,2e-07,16499.0,0.0032998
TNB/BTC,1583769837091,2020-03-09T16:03:57.091Z,sell,1.9e-07,16482.0,0.00313158
TNB/BTC,1583769962920,2020-03-09T16:06:02.920Z,sell,1.9e-07,52373.0,0.00995087
TNB/BTC,1583771280052,2020-03-09T16:28:00.052Z,sell,1.9e-07,18819.0,0.00357561
TNB/BTC,1583771555262,2020-03-09T16:32:35.262Z,sell,1.9e-07,1656.0,0.00031464
TNB/BTC,1583772298569,2020-03-09T16:44:58.569Z,sell,1.9e-07,5258.0,0.00099902
TNB/BTC,1583772298569,2020-03-09T16:44:58.569Z,sell,1.9e-07,5258.0,0.00099902
TNB/BTC,1583773601802,2020-03-09T17:06:41.802Z,sell,1.9e-07,110332.0,0.02096308
TNB/BTC,1583774170494,2020-03-09T17:16:10.494Z,sell,1.9e-07,135000.0,0.02565
TNB/BTC,1583774414246,2020-03-09T17:20:14.246Z,sell,1.9e-07,2587316.0,0.49159004
TNB/BTC,1583774439604,2020-03-09T17:20:39.604Z,sell,1.9e-07,35275.0,0.00670225
TNB/BTC,1583774764062,2020-03-09T17:26:04.062Z,buy,2e-07,955.0,0.0001909999999999
TNB/BTC,1583775086332,2020-03-09T17:31:26.332Z,sell,1.9e-07,23785.0,0.00451915
TNB/BTC,1583775159312,2020-03-09T17:32:39.312Z,sell,1.9e-07,116194.0,0.02207686
TNB/BTC,1583775166600,2020-03-09T17:32:46.600Z,sell,1.9e-07,92499.0,0.01757481
TNB/BTC,1583775171872,2020-03-09T17:32:51.872Z,sell,1.9e-07,53517.0,0.01016823
TNB/BTC,1583775186405,2020-03-09T17:33:06.405Z,sell,1.9e-07,11411.0,0.00216809
TNB/BTC,1583775186405,2020-03-09T17:33:06.405Z,sell,1.9e-07,11411.0,0.00216809
TNB/BTC,1583777367067,2020-03-09T18:09:27.067Z,sell,1.9e-07,926.0,0.00017594
TNB/BTC,1583777437763,2020-03-09T18:10:37.763Z,sell,1.9e-07,876.0,0.00016644
TNB/BTC,1583777437763,2020-03-09T18:10:37.763Z,sell,1.9e-07,876.0,0.00016644
TNB/BTC,1583778892835,2020-03-09T18:34:52.835Z,sell,1.9e-07,35840.0,0.0068096
TNB/BTC,1583779399950,2020-03-09T18:43:19.950Z,sell,1.9e-07,25000.0,0.00475
TNB/BTC,1583780087894,2020-03-09T18:54:47.894Z,sell,1.9e-07,5245.0,0.00099655
TNB/BTC,1583780888817,2020-03-09T19:08:08.817Z,sell,1.9e-07,1050.0,0.0001995
TNB/BTC,1583780888817,2020-03-09T19:08:08.817Z,sell,1.9e-07,1050.0,0.0001995
TNB/BTC,1583781073168,2020-03-09T19:11:13.168Z,sell,1.9e-07,3356.0,0.00063764
TNB/BTC,1583783033999,2020-03-09T19:43:53.999Z,sell,1.9e-07,480664.0,0.09132616
TNB/BTC,1583783033999,2020-03-09T19:43:53.999Z,sell,1.9e-07,480664.0,0.09132616
TNB/BTC,1583787765021,2020-03-09T21:02:45.021Z,buy,2e-07,17914.0,0.0035827999999999
TNB/BTC,1583787765021,2020-03-09T21:02:45.021Z,buy,2e-07,17914.0,0.0035827999999999
TNB/BTC,1583788115670,2020-03-09T21:08:35.670Z,sell,1.9e-07,682.0,0.00012958
TNB/BTC,1583788115670,2020-03-09T21:08:35.670Z,sell,1.9e-07,682.0,0.00012958
TNB/BTC,1583791456215,2020-03-09T22:04:16.215Z,sell,1.9e-07,95090.0,0.0180671
TNB/BTC,1583791467822,2020-03-09T22:04:27.822Z,sell,1.9e-07,90818.0,0.01725542
TNB/BTC,1583791467822,2020-03-09T22:04:27.822Z,sell,1.9e-07,90818.0,0.01725542
TNB/BTC,1583792016103,2020-03-09T22:13:36.103Z,buy,2e-07,11682.0,0.0023363999999999
TNB/BTC,1583792433156,2020-03-09T22:20:33.156Z,buy,2e-07,505.0,0.000101
TNB/BTC,1583794985693,2020-03-09T23:03:05.693Z,sell,1.9e-07,784.0,0.00014896
TNB/BTC,1583794985693,2020-03-09T23:03:05.693Z,sell,1.9e-07,784.0,0.00014896
TNB/BTC,1583798242114,2020-03-09T23:57:22.114Z,buy,2e-07,7231.0,0.0014462
TNB/BTC,1583798242114,2020-03-09T23:57:22.114Z,buy,2e-07,7231.0,0.0014462
TNB/BTC,1583801162270,2020-03-10T00:46:02.270Z,sell,1.9e-07,45339.0,0.00861441
TNB/BTC,1583801162270,2020-03-10T00:46:02.270Z,sell,1.9e-07,45339.0,0.00861441
TNB/BTC,1583804337878,2020-03-10T01:38:57.878Z,sell,1.9e-07,7284.0,0.00138396
TNB/BTC,1583804337878,2020-03-10T01:38:57.878Z,sell,1.9e-07,7284.0,0.00138396
TNB/BTC,1583807721729,2020-03-10T02:35:21.729Z,sell,1.9e-07,8296.0,0.00157624
TNB/BTC,1583807721729,2020-03-10T02:35:21.729Z,sell,1.9e-07,8296.0,0.00157624
TNB/BTC,1583814662643,2020-03-10T04:31:02.643Z,buy,2e-07,20000.0,0.004
TNB/BTC,1583814770154,2020-03-10T04:32:50.154Z,sell,1.9e-07,15447.0,0.00293493
TNB/BTC,1583814770154,2020-03-10T04:32:50.154Z,sell,1.9e-07,15447.0,0.00293493
TNB/BTC,1583814966925,2020-03-10T04:36:06.925Z,buy,2e-07,8000.0,0.0015999999999999
TNB/BTC,1583815602018,2020-03-10T04:46:42.018Z,buy,2e-07,15232.0,0.0030464
TNB/BTC,1583815637990,2020-03-10T04:47:17.990Z,sell,1.9e-07,15216.0,0.00289104
TNB/BTC,1583816827631,2020-03-10T05:07:07.631Z,sell,1.9e-07,10000.0,0.0019
TNB/BTC,1583817654806,2020-03-10T05:20:54.806Z,buy,2e-07,27927.0,0.0055854
TNB/BTC,1583818008073,2020-03-10T05:26:48.073Z,buy,2e-07,15185.0,0.0030369999999999
TNB/BTC,1583818089629,2020-03-10T05:28:09.629Z,sell,1.9e-07,1310.0,0.0002489
TNB/BTC,1583818089629,2020-03-10T05:28:09.629Z,sell,1.9e-07,1310.0,0.0002489
TNB/BTC,1583820067343,2020-03-10T06:01:07.343Z,sell,1.9e-07,15170.0,0.0028823
TNB/BTC,1583820150764,2020-03-10T06:02:30.764Z,sell,1.9e-07,79010.0,0.0150119
TNB/BTC,1583821405855,2020-03-10T06:23:25.855Z,buy,2e-07,52536.0,0.0105072
TNB/BTC,1583821405855,2020-03-10T06:23:25.855Z,buy,2e-07,52536.0,0.0105072
TNB/BTC,1583822314944,2020-03-10T06:38:34.944Z,sell,1.9e-07,6834.0,0.00129846
TNB/BTC,1583822985206,2020-03-10T06:49:45.206Z,buy,2e-07,1469.0,0.0002938
TNB/BTC,1583823005259,2020-03-10T06:50:05.259Z,buy,2e-07,100000.0,0.02
TNB/BTC,1583823218577,2020-03-10T06:53:38.577Z,sell,1.9e-07,803333.0,0.15263327
TNB/BTC,1583824568946,2020-03-10T07:16:08.946Z,sell,1.9e-07,11515.0,0.00218785
TNB/BTC,1583824569167,2020-03-10T07:16:09.167Z,sell,1.9e-07,39420.0,0.0074898
TNB/BTC,1583824611476,2020-03-10T07:16:51.476Z,buy,2e-07,3775.0,0.0007549999999999
TNB/BTC,1583824611476,2020-03-10T07:16:51.476Z,buy,2e-07,3775.0,0.0007549999999999
TNB/BTC,1583825489157,2020-03-10T07:31:29.157Z,sell,1.9e-07,141849.0,0.02695131
TNB/BTC,1583827905910,2020-03-10T08:11:45.910Z,sell,1.9e-07,482622.0,0.09169818
TNB/BTC,1583827905910,2020-03-10T08:11:45.910Z,sell,1.9e-07,482622.0,0.09169818
TNB/BTC,1583829905393,2020-03-10T08:45:05.393Z,buy,2e-07,1157.0,0.0002314
TNB/BTC,1583830075813,2020-03-10T08:47:55.813Z,sell,1.9e-07,930258.0,0.17674902
TNB/BTC,1583830075813,2020-03-10T08:47:55.813Z,sell,1.9e-07,930258.0,0.17674902
TNB/BTC,1583837174079,2020-03-10T10:46:14.079Z,sell,1.9e-07,3798.0,0.00072162
TNB/BTC,1583837174079,2020-03-10T10:46:14.079Z,sell,1.9e-07,3798.0,0.00072162
TNB/BTC,1583837810255,2020-03-10T10:56:50.255Z,sell,1.9e-07,526972.0,0.10012468
TNB/BTC,1583837819088,2020-03-10T10:56:59.088Z,sell,1.9e-07,3797.0,0.00072143
TNB/BTC,1583838979068,2020-03-10T11:16:19.068Z,sell,1.9e-07,454545.0,0.08636355
TNB/BTC,1583839385426,2020-03-10T11:23:05.426Z,buy,2e-07,50183.0,0.0100366
TNB/BTC,1583839385426,2020-03-10T11:23:05.426Z,buy,2e-07,50183.0,0.0100366
TNB/BTC,1583841502310,2020-03-10T11:58:22.310Z,buy,2e-07,5000000.0,1.0
TNB/BTC,1583842701481,2020-03-10T12:18:21.481Z,sell,1.9e-07,7289.0,0.00138491
TNB/BTC,1583842701481,2020-03-10T12:18:21.481Z,sell,1.9e-07,7289.0,0.00138491
TNB/BTC,1583843074399,2020-03-10T12:24:34.399Z,buy,2e-07,17329.0,0.0034658
TNB/BTC,1583844389762,2020-03-10T12:46:29.762Z,buy,2e-07,32167.0,0.0064334
TNB/BTC,1583844594378,2020-03-10T12:49:54.378Z,sell,1.9e-07,40695.0,0.00773205
TNB/BTC,1583844669776,2020-03-10T12:51:09.776Z,buy,2e-07,10000.0,0.002
TNB/BTC,1583844669776,2020-03-10T12:51:09.776Z,buy,2e-07,10000.0,0.002
TNB/BTC,1583846813061,2020-03-10T13:26:53.061Z,sell,1.9e-07,1104.0,0.00020976
TNB/BTC,1583846813061,2020-03-10T13:26:53.061Z,sell,1.9e-07,1104.0,0.00020976
TNB/BTC,1583849429455,2020-03-10T14:10:29.455Z,buy,2e-07,26987.0,0.0053974
TNB/BTC,1583849774898,2020-03-10T14:16:14.898Z,buy,2e-07,77210.0,0.0154419999999999
TNB/BTC,1583849774898,2020-03-10T14:16:14.898Z,buy,2e-07,77210.0,0.0154419999999999
TNB/BTC,1583850692461,2020-03-10T14:31:32.461Z,buy,2e-07,455.0,9.1e-05
TNB/BTC,1583850737621,2020-03-10T14:32:17.621Z,sell,1.9e-07,2956600.0,0.561754
TNB/BTC,1583850737854,2020-03-10T14:32:17.854Z,sell,1.9e-07,2956599.0,0.56175381
TNB/BTC,1583852940026,2020-03-10T15:09:00.026Z,sell,1.9e-07,93246.0,0.01771674
TNB/BTC,1583852940026,2020-03-10T15:09:00.026Z,sell,1.9e-07,93246.0,0.01771674
TNB/BTC,1583854036233,2020-03-10T15:27:16.233Z,sell,1.9e-07,39944.0,0.00758936
TNB/BTC,1583854373359,2020-03-10T15:32:53.359Z,sell,1.9e-07,212378.0,0.04035182
TNB/BTC,1583855073681,2020-03-10T15:44:33.681Z,sell,1.9e-07,2524.0,0.00047956
TNB/BTC,1583855073681,2020-03-10T15:44:33.681Z,sell,1.9e-07,2524.0,0.00047956
TNB/BTC,1583858769245,2020-03-10T16:46:09.245Z,buy,2e-07,2500.0,0.0005
TNB/BTC,1583858769245,2020-03-10T16:46:09.245Z,buy,2e-07,2500.0,0.0005
TNB/BTC,1583859450647,2020-03-10T16:57:30.647Z,sell,1.9e-07,40415.0,0.00767885
TNB/BTC,1583860760229,2020-03-10T17:19:20.229Z,buy,2e-07,1271700.0,0.25434
TNB/BTC,1583861478554,2020-03-10T17:31:18.554Z,buy,2e-07,1000.0,0.0001999999999999
TNB/BTC,1583861478554,2020-03-10T17:31:18.554Z,buy,2e-07,1000.0,0.0001999999999999
TNB/BTC,1583862514487,2020-03-10T17:48:34.487Z,buy,2e-07,32000.0,0.0063999999999999
TNB/BTC,1583863704403,2020-03-10T18:08:24.403Z,sell,1.9e-07,2233.0,0.00042427
TNB/BTC,1583863704403,2020-03-10T18:08:24.403Z,sell,1.9e-07,2233.0,0.00042427
TNB/BTC,1583865988079,2020-03-10T18:46:28.079Z,buy,2e-07,1719.0,0.0003438
TNB/BTC,1583866208036,2020-03-10T18:50:08.036Z,buy,2e-07,54185.0,0.010837
TNB/BTC,1583866348563,2020-03-10T18:52:28.563Z,sell,1.9e-07,2021.0,0.00038399
TNB/BTC,1583866353033,2020-03-10T18:52:33.033Z,buy,2e-07,500.0,0.0001
TNB/BTC,1583866617981,2020-03-10T18:56:57.981Z,sell,1.9e-07,12000.0,0.00228
TNB/BTC,1583866738204,2020-03-10T18:58:58.204Z,sell,1.9e-07,2649.0,0.00050331
TNB/BTC,1583866772941,2020-03-10T18:59:32.941Z,buy,2e-07,1780.0,0.000356
TNB/BTC,1583866772941,2020-03-10T18:59:32.941Z,buy,2e-07,1780.0,0.000356
TNB/BTC,1583867362687,2020-03-10T19:09:22.687Z,buy,2e-07,5000000.0,1.0
TNB/BTC,1583867376828,2020-03-10T19:09:36.828Z,buy,2e-07,2352291.0,0.4704582
TNB/BTC,1583867377046,2020-03-10T19:09:37.046Z,sell,2e-07,36701.0,0.0073402
TNB/BTC,1583867377093,2020-03-10T19:09:37.093Z,sell,1.9e-07,1644.0,0.00031236
TNB/BTC,1583867381795,2020-03-10T19:09:41.795Z,buy,2e-07,36701.0,0.0073402
TNB/BTC,1583867383751,2020-03-10T19:09:43.751Z,buy,2e-07,94795.0,0.018959
TNB/BTC,1583867383842,2020-03-10T19:09:43.842Z,sell,2e-07,36700.0,0.0073399999999999
TNB/BTC,1583867383842,2020-03-10T19:09:43.842Z,sell,2e-07,36700.0,0.0073399999999999
TNB/BTC,1583867383842,2020-03-10T19:09:43.842Z,sell,2e-07,1.0,2e-07
TNB/BTC,1583867392943,2020-03-10T19:09:52.943Z,buy,2.1e-07,4522.0,0.00094962
TNB/BTC,1583867417772,2020-03-10T19:10:17.772Z,buy,2e-07,12254.0,0.0024508
TNB/BTC,1583867421770,2020-03-10T19:10:21.770Z,buy,2.1e-07,4555.0,0.00095655
TNB/BTC,1583867449409,2020-03-10T19:10:49.409Z,sell,2e-07,73860.0,0.0147719999999999
TNB/BTC,1583867449411,2020-03-10T19:10:49.411Z,sell,2e-07,91089.0,0.0182178
TNB/BTC,1583867449437,2020-03-10T19:10:49.437Z,sell,2e-07,78126.0,0.0156252
TNB/BTC,1583867450264,2020-03-10T19:10:50.264Z,sell,2e-07,9841.0,0.0019682
TNB/BTC,1583867509073,2020-03-10T19:11:49.073Z,buy,2.1e-07,545.0,0.00011445
TNB/BTC,1583867966822,2020-03-10T19:19:26.822Z,sell,2e-07,598.0,0.0001196
TNB/BTC,1583867969225,2020-03-10T19:19:29.225Z,sell,2e-07,598.0,0.0001196
TNB/BTC,1583867971446,2020-03-10T19:19:31.446Z,sell,2e-07,598.0,0.0001196
TNB/BTC,1583867973629,2020-03-10T19:19:33.629Z,sell,2e-07,598.0,0.0001196
TNB/BTC,1583867975792,2020-03-10T19:19:35.792Z,sell,2e-07,598.0,0.0001196
TNB/BTC,1583868002186,2020-03-10T19:20:02.186Z,buy,2.1e-07,5875.0,0.00123375
TNB/BTC,1583868215140,2020-03-10T19:23:35.140Z,buy,2.1e-07,4525.0,0.00095025
TNB/BTC,1583868216622,2020-03-10T19:23:36.622Z,buy,2.1e-07,5422.0,0.00113862
TNB/BTC,1583868218166,2020-03-10T19:23:38.166Z,buy,2.1e-07,4522.0,0.00094962
TNB/BTC,1583868219700,2020-03-10T19:23:39.700Z,buy,2.1e-07,782.0,0.00016422
TNB/BTC,1583868221478,2020-03-10T19:23:41.478Z,buy,2.1e-07,552.0,0.00011592
TNB/BTC,1583868222774,2020-03-10T19:23:42.774Z,buy,2.1e-07,999.0,0.00020979
TNB/BTC,1583868224919,2020-03-10T19:23:44.919Z,buy,2.1e-07,999.0,0.00020979
TNB/BTC,1583868226114,2020-03-10T19:23:46.114Z,buy,2.1e-07,999.0,0.00020979
TNB/BTC,1583868227461,2020-03-10T19:23:47.461Z,buy,2.1e-07,999.0,0.00020979
TNB/BTC,1583868358486,2020-03-10T19:25:58.486Z,sell,2e-07,22270.0,0.004454
TNB/BTC,1583868365829,2020-03-10T19:26:05.829Z,buy,2.1e-07,15968.0,0.00335328
TNB/BTC,1583868472765,2020-03-10T19:27:52.765Z,sell,2e-07,22270.0,0.004454
TNB/BTC,1583868477439,2020-03-10T19:27:57.439Z,buy,2.1e-07,8555.0,0.00179655
TNB/BTC,1583868543314,2020-03-10T19:29:03.314Z,buy,2.1e-07,4522.0,0.00094962
TNB/BTC,1583868544653,2020-03-10T19:29:04.653Z,buy,2.1e-07,2542.0,0.00053382
TNB/BTC,1583868546010,2020-03-10T19:29:06.010Z,buy,2.1e-07,542.0,0.00011382
TNB/BTC,1583868547211,2020-03-10T19:29:07.211Z,buy,2.1e-07,2542.0,0.00053382
TNB/BTC,1583868548697,2020-03-10T19:29:08.697Z,buy,2.1e-07,5422.0,0.00113862
TNB/BTC,1583868550481,2020-03-10T19:29:10.481Z,buy,2.1e-07,1242.0,0.00026082
TNB/BTC,1583868555257,2020-03-10T19:29:15.257Z,buy,2.1e-07,2421.0,0.00050841
TNB/BTC,1583868556526,2020-03-10T19:29:16.526Z,buy,2.1e-07,2542.0,0.00053382
TNB/BTC,1583868558599,2020-03-10T19:29:18.599Z,buy,2.1e-07,8875.0,0.00186375
TNB/BTC,1583868560088,2020-03-10T19:29:20.088Z,buy,2.1e-07,4522.0,0.00094962
TNB/BTC,1583868562678,2020-03-10T19:29:22.678Z,buy,2.1e-07,1221.0,0.00025641
TNB/BTC,1583868564614,2020-03-10T19:29:24.614Z,buy,2.1e-07,2222.0,0.00046662
TNB/BTC,1583868566411,2020-03-10T19:29:26.411Z,buy,2.1e-07,1222.0,0.00025662
TNB/BTC,1583868569796,2020-03-10T19:29:29.796Z,buy,2.1e-07,3222.0,0.00067662
TNB/BTC,1583868571267,2020-03-10T19:29:31.267Z,buy,2.1e-07,1222.0,0.00025662
TNB/BTC,1583868572921,2020-03-10T19:29:32.921Z,buy,2.1e-07,1222.0,0.00025662
TNB/BTC,1583868574613,2020-03-10T19:29:34.613Z,buy,2.1e-07,12222.0,0.00256662
TNB/BTC,1583868684496,2020-03-10T19:31:24.496Z,buy,2.1e-07,4222.0,0.00088662
TNB/BTC,1583868686367,2020-03-10T19:31:26.367Z,buy,2.1e-07,2122.0,0.00044562
TNB/BTC,1583868688095,2020-03-10T19:31:28.095Z,buy,2.1e-07,1222.0,0.00025662
TNB/BTC,1583868689643,2020-03-10T19:31:29.643Z,buy,2.1e-07,1222.0,0.00025662
TNB/BTC,1583868692079,2020-03-10T19:31:32.079Z,buy,2.1e-07,1244.0,0.00026124
TNB/BTC,1583868979420,2020-03-10T19:36:19.420Z,buy,2.1e-07,2542.0,0.00053382
TNB/BTC,1583868981339,2020-03-10T19:36:21.339Z,buy,2.1e-07,2542.0,0.00053382
TNB/BTC,1583868983564,2020-03-10T19:36:23.564Z,buy,2.1e-07,1222.0,0.00025662
TNB/BTC,1583868985282,2020-03-10T19:36:25.282Z,buy,2.1e-07,2522.0,0.00052962
TNB/BTC,1583868993234,2020-03-10T19:36:33.234Z,buy,2.1e-07,150000.0,0.0315
TNB/BTC,1583869149170,2020-03-10T19:39:09.170Z,buy,2.1e-07,152340.0,0.0319914
TNB/BTC,1583869153778,2020-03-10T19:39:13.778Z,buy,2.1e-07,23810.0,0.0050001
TNB/BTC,1583869206482,2020-03-10T19:40:06.482Z,sell,2e-07,22270.0,0.004454
TNB/BTC,1583869223252,2020-03-10T19:40:23.252Z,buy,2.1e-07,1598.0,0.00033558
TNB/BTC,1583869327076,2020-03-10T19:42:07.076Z,sell,2e-07,22270.0,0.004454
TNB/BTC,1583869332640,2020-03-10T19:42:12.640Z,buy,2.1e-07,1545.0,0.00032445
TNB/BTC,1583869411149,2020-03-10T19:43:31.149Z,buy,2.1e-07,15516.0,0.00325836
TNB/BTC,1583869898670,2020-03-10T19:51:38.670Z,buy,2.1e-07,2542.0,0.00053382
TNB/BTC,1583869904315,2020-03-10T19:51:44.315Z,buy,2.1e-07,1221.0,0.00025641
TNB/BTC,1583869906382,2020-03-10T19:51:46.382Z,buy,2.1e-07,1221.0,0.00025641
TNB/BTC,1583869908014,2020-03-10T19:51:48.014Z,buy,2.1e-07,1212.0,0.00025452
TNB/BTC,1583869909356,2020-03-10T19:51:49.356Z,buy,2.1e-07,1212.0,0.00025452
TNB/BTC,1583869911260,2020-03-10T19:51:51.260Z,buy,2.1e-07,1212.0,0.00025452
TNB/BTC,1583869912927,2020-03-10T19:51:52.927Z,buy,2.1e-07,1212.0,0.00025452
TNB/BTC,1583869914560,2020-03-10T19:51:54.560Z,buy,2.1e-07,1212.0,0.00025452
TNB/BTC,1583869916319,2020-03-10T19:51:56.319Z,buy,2.1e-07,1221.0,0.00025641
TNB/BTC,1583870139962,2020-03-10T19:55:39.962Z,buy,2.1e-07,1212.0,0.00025452
TNB/BTC,1583870144616,2020-03-10T19:55:44.616Z,buy,2.1e-07,2542.0,0.00053382
TNB/BTC,1583870144616,2020-03-10T19:55:44.616Z,buy,2.1e-07,2542.0,0.00053382
TNB/BTC,1583870989382,2020-03-10T20:09:49.382Z,buy,2.1e-07,1598.0,0.00033558
TNB/BTC,1583870992212,2020-03-10T20:09:52.212Z,buy,2.1e-07,1587.0,0.00033327
TNB/BTC,1583870994621,2020-03-10T20:09:54.621Z,buy,2.1e-07,1213.0,0.00025473
TNB/BTC,1583870997708,2020-03-10T20:09:57.708Z,buy,2.1e-07,1871.0,0.00039291
TNB/BTC,1583871000936,2020-03-10T20:10:00.936Z,buy,2.1e-07,1329.0,0.00027909
TNB/BTC,1583871003714,2020-03-10T20:10:03.714Z,buy,2.1e-07,1288.0,0.00027048
TNB/BTC,1583872207183,2020-03-10T20:30:07.183Z,sell,2e-07,689.0,0.0001378
TNB/BTC,1583872232276,2020-03-10T20:30:32.276Z,buy,2.1e-07,1581.0,0.00033201
TNB/BTC,1583873536834,2020-03-10T20:52:16.834Z,sell,2e-07,29425.0,0.005885
TNB/BTC,1583873552455,2020-03-10T20:52:32.455Z,buy,2.1e-07,1598.0,0.00033558
TNB/BTC,1583873612155,2020-03-10T20:53:32.155Z,sell,2e-07,152187.0,0.0304374
TNB/BTC,1583873625483,2020-03-10T20:53:45.483Z,buy,2.1e-07,1212.0,0.00025452
TNB/BTC,1583873627714,2020-03-10T20:53:47.714Z,buy,2.1e-07,2542.0,0.00053382
TNB/BTC,1583873631550,2020-03-10T20:53:51.550Z,buy,2.1e-07,2542.0,0.00053382
TNB/BTC,1583873643737,2020-03-10T20:54:03.737Z,buy,2.1e-07,9523.0,0.00199983
TNB/BTC,1583873708749,2020-03-10T20:55:08.749Z,sell,2e-07,11978.0,0.0023956
TNB/BTC,1583873726606,2020-03-10T20:55:26.606Z,buy,2.1e-07,1658.0,0.00034818
TNB/BTC,1583873726606,2020-03-10T20:55:26.606Z,buy,2.1e-07,1658.0,0.00034818
TNB/BTC,1583874474108,2020-03-10T21:07:54.108Z,sell,2e-07,2209.0,0.0004418
TNB/BTC,1583874485807,2020-03-10T21:08:05.807Z,buy,2.1e-07,1587.0,0.00033327
TNB/BTC,1583875089680,2020-03-10T21:18:09.680Z,buy,2.1e-07,35897.0,0.00753837
TNB/BTC,1583875108755,2020-03-10T21:18:28.755Z,buy,2.1e-07,12039.0,0.00252819
TNB/BTC,1583876946042,2020-03-10T21:49:06.042Z,buy,2.1e-07,10239.0,0.00215019
TNB/BTC,1583876946042,2020-03-10T21:49:06.042Z,buy,2.1e-07,10239.0,0.00215019
TNB/BTC,1583877633691,2020-03-10T22:00:33.691Z,buy,2.1e-07,2542.0,0.00053382
TNB/BTC,1583877633691,2020-03-10T22:00:33.691Z,buy,2.1e-07,2542.0,0.00053382
TNB/BTC,1583882417486,2020-03-10T23:20:17.486Z,buy,2.1e-07,8178.0,0.00171738
TNB/BTC,1583882417486,2020-03-10T23:20:17.486Z,buy,2.1e-07,8178.0,0.00171738
TNB/BTC,1583883695017,2020-03-10T23:41:35.017Z,sell,2e-07,932144.0,0.1864287999999999
TNB/BTC,1583883786492,2020-03-10T23:43:06.492Z,buy,2.1e-07,562.0,0.00011802
TNB/BTC,1583884806051,2020-03-11T00:00:06.051Z,buy,2.1e-07,238095.0,0.04999995
TNB/BTC,1583884898345,2020-03-11T00:01:38.345Z,sell,2e-07,10000.0,0.002
TNB/BTC,1583885034495,2020-03-11T00:03:54.495Z,buy,2.1e-07,545.0,0.00011445
TNB/BTC,1583885894068,2020-03-11T00:18:14.068Z,buy,2.1e-07,481.0,0.00010101
TNB/BTC,1583885980838,2020-03-11T00:19:40.838Z,buy,2.1e-07,4471.0,0.00093891
TNB/BTC,1583885980838,2020-03-11T00:19:40.838Z,buy,2.1e-07,4471.0,0.00093891
TNB/BTC,1583886391592,2020-03-11T00:26:31.592Z,sell,2e-07,340943.0,0.0681886
TNB/BTC,1583888649599,2020-03-11T01:04:09.599Z,buy,2.1e-07,666.0,0.00013986
TNB/BTC,1583888704007,2020-03-11T01:05:04.007Z,buy,2.1e-07,673.0,0.00014133
TNB/BTC,1583888724985,2020-03-11T01:05:24.985Z,buy,2.1e-07,81779.0,0.01717359
TNB/BTC,1583888724985,2020-03-11T01:05:24.985Z,buy,2.1e-07,81779.0,0.01717359
TNB/BTC,1583892196069,2020-03-11T02:03:16.069Z,buy,2.1e-07,8000.0,0.00168
TNB/BTC,1583892196069,2020-03-11T02:03:16.069Z,buy,2.1e-07,8000.0,0.00168
TNB/BTC,1583894465600,2020-03-11T02:41:05.600Z,sell,2e-07,130434.0,0.0260868
TNB/BTC,1583894718089,2020-03-11T02:45:18.089Z,buy,2.1e-07,5663.0,0.00118923
TNB/BTC,1583895378750,2020-03-11T02:56:18.750Z,sell,2e-07,2000.0,0.0003999999999999
TNB/BTC,1583895446082,2020-03-11T02:57:26.082Z,sell,2e-07,40000.0,0.008
TNB/BTC,1583895541983,2020-03-11T02:59:01.983Z,sell,2e-07,12000.0,0.0024
TNB/BTC,1583895541983,2020-03-11T02:59:01.983Z,sell,2e-07,12000.0,0.0024
TNB/BTC,1583897634250,2020-03-11T03:33:54.250Z,buy,2.1e-07,601.0,0.00012621
TNB/BTC,1583897774056,2020-03-11T03:36:14.056Z,sell,2e-07,550.0,0.0001099999999999
TNB/BTC,1583897942238,2020-03-11T03:39:02.238Z,buy,2.1e-07,601.0,0.00012621
TNB/BTC,1583898795325,2020-03-11T03:53:15.325Z,sell,2e-07,22270.0,0.004454
TNB/BTC,1583898856029,2020-03-11T03:54:16.029Z,buy,2.1e-07,930.0,0.0001953
TNB/BTC,1583899028815,2020-03-11T03:57:08.815Z,sell,2e-07,22270.0,0.004454
TNB/BTC,1583899028815,2020-03-11T03:57:08.815Z,sell,2e-07,22270.0,0.004454
TNB/BTC,1583899239528,2020-03-11T04:00:39.528Z,buy,2.1e-07,761.0,0.00015981
TNB/BTC,1583899932532,2020-03-11T04:12:12.532Z,sell,2e-07,7900.0,0.00158
TNB/BTC,1583900364173,2020-03-11T04:19:24.173Z,sell,2e-07,2000.0,0.0003999999999999
TNB/BTC,1583900364173,2020-03-11T04:19:24.173Z,sell,2e-07,2000.0,0.0003999999999999
TNB/BTC,1583903252613,2020-03-11T05:07:32.613Z,sell,2e-07,22270.0,0.004454
TNB/BTC,1583903367572,2020-03-11T05:09:27.572Z,sell,2e-07,30470.0,0.006094
TNB/BTC,1583903371167,2020-03-11T05:09:31.167Z,sell,2e-07,22270.0,0.004454
TNB/BTC,1583903490191,2020-03-11T05:11:30.191Z,sell,2e-07,22270.0,0.004454
TNB/BTC,1583903490191,2020-03-11T05:11:30.191Z,sell,2e-07,22270.0,0.004454
TNB/BTC,1583907597461,2020-03-11T06:19:57.461Z,sell,2e-07,100000.0,0.02
TNB/BTC,1583907597461,2020-03-11T06:19:57.461Z,sell,2e-07,100000.0,0.02
TNB/BTC,1583908469041,2020-03-11T06:34:29.041Z,sell,2e-07,105157.0,0.0210314
TNB/BTC,1583910869092,2020-03-11T07:14:29.092Z,sell,2e-07,20000.0,0.004
TNB/BTC,1583910869092,2020-03-11T07:14:29.092Z,sell,2e-07,20000.0,0.004
TNB/BTC,1583911796972,2020-03-11T07:29:56.972Z,sell,2e-07,33748.0,0.0067496
TNB/BTC,1583913563979,2020-03-11T07:59:23.979Z,sell,2e-07,2275.0,0.000455
TNB/BTC,1583914396281,2020-03-11T08:13:16.281Z,sell,2e-07,94382.0,0.0188763999999999
TNB/BTC,1583914396281,2020-03-11T08:13:16.281Z,sell,2e-07,94382.0,0.0188763999999999
TNB/BTC,1583915710829,2020-03-11T08:35:10.829Z,sell,2e-07,35329.0,0.0070658
TNB/BTC,1583915852738,2020-03-11T08:37:32.738Z,sell,2e-07,13055.0,0.002611
TNB/BTC,1583916540183,2020-03-11T08:49:00.183Z,sell,2e-07,12985.0,0.002597
TNB/BTC,1583917960444,2020-03-11T09:12:40.444Z,sell,2e-07,1272.0,0.0002544
TNB/BTC,1583917960444,2020-03-11T09:12:40.444Z,sell,2e-07,1272.0,0.0002544
TNB/BTC,1583918121104,2020-03-11T09:15:21.104Z,sell,2e-07,10213.0,0.0020426
TNB/BTC,1583918121248,2020-03-11T09:15:21.248Z,sell,2e-07,126798.0,0.0253596
TNB/BTC,1583918121333,2020-03-11T09:15:21.333Z,sell,2e-07,24055.0,0.004811
TNB/BTC,1583918121352,2020-03-11T09:15:21.352Z,sell,2e-07,59000.0,0.0118
TNB/BTC,1583918121419,2020-03-11T09:15:21.419Z,sell,2e-07,69600.0,0.01392
TNB/BTC,1583918121473,2020-03-11T09:15:21.473Z,sell,2e-07,44250.0,0.00885
TNB/BTC,1583918121623,2020-03-11T09:15:21.623Z,sell,2e-07,45298.0,0.0090596
TNB/BTC,1583918122063,2020-03-11T09:15:22.063Z,sell,2e-07,59000.0,0.0118
TNB/BTC,1583918122234,2020-03-11T09:15:22.234Z,sell,2e-07,174556.0,0.0349111999999999
TNB/BTC,1583918122294,2020-03-11T09:15:22.294Z,sell,2e-07,14103.0,0.0028206
TNB/BTC,1583918122479,2020-03-11T09:15:22.479Z,sell,2e-07,107250.0,0.02145
TNB/BTC,1583918122525,2020-03-11T09:15:22.525Z,sell,2e-07,133267.0,0.0266533999999999
TNB/BTC,1583918122675,2020-03-11T09:15:22.675Z,sell,2e-07,85800.0,0.0171599999999999
TNB/BTC,1583918122923,2020-03-11T09:15:22.923Z,sell,2e-07,15000.0,0.003
TNB/BTC,1583918123142,2020-03-11T09:15:23.142Z,sell,2e-07,59000.0,0.0118
TNB/BTC,1583918123255,2020-03-11T09:15:23.255Z,sell,2e-07,220796.0,0.0441591999999999
TNB/BTC,1583918123611,2020-03-11T09:15:23.611Z,sell,2e-07,101301.0,0.0202602
TNB/BTC,1583918123620,2020-03-11T09:15:23.620Z,sell,2e-07,24563.0,0.0049126
TNB/BTC,1583918124220,2020-03-11T09:15:24.220Z,sell,2e-07,106078.0,0.0212155999999999
TNB/BTC,1583918124652,2020-03-11T09:15:24.652Z,sell,2e-07,23487.0,0.0046974
TNB/BTC,1583918125477,2020-03-11T09:15:25.477Z,sell,2e-07,2000.0,0.0003999999999999
TNB/BTC,1583918126415,2020-03-11T09:15:26.415Z,sell,2e-07,9005.0,0.0018009999999999
TNB/BTC,1583918126446,2020-03-11T09:15:26.446Z,sell,2e-07,5747.0,0.0011493999999999
TNB/BTC,1583918126570,2020-03-11T09:15:26.570Z,sell,2e-07,20000.0,0.004
TNB/BTC,1583918127190,2020-03-11T09:15:27.190Z,sell,2e-07,2000.0,0.0003999999999999
TNB/BTC,1583918127211,2020-03-11T09:15:27.211Z,sell,2e-07,107693.0,0.0215385999999999
TNB/BTC,1583918127571,2020-03-11T09:15:27.571Z,sell,2e-07,87468.0,0.0174935999999999
TNB/BTC,1583918128139,2020-03-11T09:15:28.139Z,sell,2e-07,41083.0,0.0082166
TNB/BTC,1583918128379,2020-03-11T09:15:28.379Z,sell,2e-07,27963.0,0.0055926
TNB/BTC,1583918652542,2020-03-11T09:24:12.542Z,sell,2e-07,115814.0,0.0231627999999999
TNB/BTC,1583920683153,2020-03-11T09:58:03.153Z,sell,2e-07,896824.0,0.1793648
TNB/BTC,1583920683153,2020-03-11T09:58:03.153Z,sell,2e-07,896824.0,0.1793648
TNB/BTC,1583922418746,2020-03-11T10:26:58.746Z,sell,2e-07,1562.0,0.0003124
TNB/BTC,1583923245265,2020-03-11T10:40:45.265Z,buy,2.1e-07,52536.0,0.01103256
TNB/BTC,1583923507516,2020-03-11T10:45:07.516Z,sell,2e-07,15000.0,0.003
TNB/BTC,1583923638743,2020-03-11T10:47:18.743Z,sell,2e-07,1202.0,0.0002404
TNB/BTC,1583923640874,2020-03-11T10:47:20.874Z,sell,2e-07,11029.0,0.0022058
TNB/BTC,1583923640874,2020-03-11T10:47:20.874Z,sell,2e-07,11029.0,0.0022058
TNB/BTC,1583926229713,2020-03-11T11:30:29.713Z,buy,2.1e-07,5622.0,0.00118062
TNB/BTC,1583926441957,2020-03-11T11:34:01.957Z,buy,2.1e-07,4972.0,0.00104412
TNB/BTC,1583926532791,2020-03-11T11:35:32.791Z,sell,2e-07,761.0,0.0001521999999999
TNB/BTC,1583926532791,2020-03-11T11:35:32.791Z,sell,2e-07,761.0,0.0001521999999999
TNB/BTC,1583927499520,2020-03-11T11:51:39.520Z,sell,2e-07,47353.0,0.0094706
TNB/BTC,1583927616035,2020-03-11T11:53:36.035Z,sell,2e-07,59328.0,0.0118655999999999
TNB/BTC,1583929699484,2020-03-11T12:28:19.484Z,buy,2.1e-07,1542.0,0.00032382
TNB/BTC,1583929699484,2020-03-11T12:28:19.484Z,buy,2.1e-07,1542.0,0.00032382
TNB/BTC,1583930144404,2020-03-11T12:35:44.404Z,sell,2e-07,16825.0,0.003365
TNB/BTC,1583930271618,2020-03-11T12:37:51.618Z,buy,2.1e-07,1578.0,0.00033138
TNB/BTC,1583930469619,2020-03-11T12:41:09.619Z,sell,2e-07,1558.0,0.0003116
TNB/BTC,1583930561201,2020-03-11T12:42:41.201Z,buy,2.1e-07,1659.0,0.00034839
TNB/BTC,1583931095284,2020-03-11T12:51:35.284Z,sell,2e-07,8000.0,0.0015999999999999
TNB/BTC,1583931737196,2020-03-11T13:02:17.196Z,sell,2e-07,20000.0,0.004
TNB/BTC,1583931778257,2020-03-11T13:02:58.257Z,sell,2e-07,10951.0,0.0021902
TNB/BTC,1583933204067,2020-03-11T13:26:44.067Z,sell,2e-07,20000.0,0.004
TNB/BTC,1583933204067,2020-03-11T13:26:44.067Z,sell,2e-07,20000.0,0.004
TNB/BTC,1583933341060,2020-03-11T13:29:01.060Z,sell,2e-07,20000.0,0.004
TNB/BTC,1583933868007,2020-03-11T13:37:48.007Z,sell,2e-07,2035.0,0.0004069999999999
TNB/BTC,1583933883227,2020-03-11T13:38:03.227Z,sell,2e-07,20000.0,0.004
TNB/BTC,1583933983115,2020-03-11T13:39:43.115Z,sell,2e-07,750000.0,0.15
TNB/BTC,1583935339045,2020-03-11T14:02:19.045Z,sell,2e-07,24899.0,0.0049797999999999
TNB/BTC,1583935540619,2020-03-11T14:05:40.619Z,sell,2e-07,51254.0,0.0102508
TNB/BTC,1583935974797,2020-03-11T14:12:54.797Z,sell,2e-07,203490.0,0.040698
TNB/BTC,1583935974797,2020-03-11T14:12:54.797Z,sell,2e-07,203490.0,0.040698
TNB/BTC,1583936955901,2020-03-11T14:29:15.901Z,sell,2e-07,15500.0,0.0031
TNB/BTC,1583937492094,2020-03-11T14:38:12.094Z,sell,2e-07,20000.0,0.004
TNB/BTC,1583937492107,2020-03-11T14:38:12.107Z,sell,2e-07,8524.0,0.0017048
TNB/BTC,1583937493158,2020-03-11T14:38:13.158Z,sell,2e-07,18559.0,0.0037118
TNB/BTC,1583937601139,2020-03-11T14:40:01.139Z,sell,2e-07,22289.0,0.0044578
TNB/BTC,1583937706132,2020-03-11T14:41:46.132Z,buy,2.1e-07,5622.0,0.00118062
TNB/BTC,1583937717255,2020-03-11T14:41:57.255Z,buy,2.1e-07,627537.0,0.13178277
TNB/BTC,1583937890171,2020-03-11T14:44:50.171Z,buy,2.1e-07,238095.0,0.04999995
TNB/BTC,1583937906245,2020-03-11T14:45:06.245Z,sell,2e-07,237857.0,0.0475714
TNB/BTC,1583938020233,2020-03-11T14:47:00.233Z,sell,2e-07,4540.0,0.000908
TNB/BTC,1583938067052,2020-03-11T14:47:47.052Z,sell,2e-07,20000.0,0.004
TNB/BTC,1583938318434,2020-03-11T14:51:58.434Z,sell,2e-07,19501.0,0.0039002
TNB/BTC,1583938413921,2020-03-11T14:53:33.921Z,buy,2.1e-07,4762.0,0.00100002
TNB/BTC,1583938418273,2020-03-11T14:53:38.273Z,sell,2e-07,20000.0,0.004
TNB/BTC,1583938758186,2020-03-11T14:59:18.186Z,sell,2e-07,1469.0,0.0002938
TNB/BTC,1583939296164,2020-03-11T15:08:16.164Z,buy,2.1e-07,1598.0,0.00033558
TNB/BTC,1583939296164,2020-03-11T15:08:16.164Z,buy,2.1e-07,1598.0,0.00033558
TNB/BTC,1583940036063,2020-03-11T15:20:36.063Z,sell,2e-07,13000.0,0.0026
TNB/BTC,1583940313391,2020-03-11T15:25:13.391Z,sell,2e-07,325847.0,0.0651694
TNB/BTC,1583940335502,2020-03-11T15:25:35.502Z,sell,2e-07,12302.0,0.0024603999999999
TNB/BTC,1583941026292,2020-03-11T15:37:06.292Z,sell,2e-07,3964.0,0.0007928
TNB/BTC,1583941037219,2020-03-11T15:37:17.219Z,sell,2e-07,112049.0,0.0224098
TNB/BTC,1583941037470,2020-03-11T15:37:17.470Z,sell,2e-07,146000.0,0.0292
TNB/BTC,1583941037498,2020-03-11T15:37:17.498Z,sell,2e-07,93000.0,0.0186
TNB/BTC,1583941037579,2020-03-11T15:37:17.579Z,sell,2e-07,116250.0,0.02325
TNB/BTC,1583941037597,2020-03-11T15:37:17.597Z,sell,2e-07,8200.0,0.00164
TNB/BTC,1583941038191,2020-03-11T15:37:18.191Z,sell,2e-07,55914.0,0.0111828
TNB/BTC,1583941038325,2020-03-11T15:37:18.325Z,sell,2e-07,85853.0,0.0171705999999999
TNB/BTC,1583941038448,2020-03-11T15:37:18.448Z,sell,2e-07,8200.0,0.00164
TNB/BTC,1583941038514,2020-03-11T15:37:18.514Z,sell,2e-07,116250.0,0.02325
TNB/BTC,1583941038565,2020-03-11T15:37:18.565Z,sell,2e-07,40518.0,0.0081035999999999
TNB/BTC,1583941038862,2020-03-11T15:37:18.862Z,sell,2e-07,93000.0,0.0186
TNB/BTC,1583941040248,2020-03-11T15:37:20.248Z,sell,2e-07,123856.0,0.0247712
TNB/BTC,1583941040402,2020-03-11T15:37:20.402Z,sell,2e-07,119000.0,0.0237999999999999
TNB/BTC,1583941295107,2020-03-11T15:41:35.107Z,sell,2e-07,8400.0,0.0016799999999999
TNB/BTC,1583941418649,2020-03-11T15:43:38.649Z,sell,2e-07,4245.0,0.0008489999999999
TNB/BTC,1583941418649,2020-03-11T15:43:38.649Z,sell,2e-07,4245.0,0.0008489999999999
TNB/BTC,1583943271480,2020-03-11T16:14:31.480Z,sell,2e-07,87833.0,0.0175665999999999
TNB/BTC,1583943271496,2020-03-11T16:14:31.496Z,sell,2e-07,8400.0,0.0016799999999999
TNB/BTC,1583943271507,2020-03-11T16:14:31.507Z,sell,2e-07,59056.0,0.0118111999999999
TNB/BTC,1583943271522,2020-03-11T16:14:31.522Z,sell,2e-07,44611.0,0.0089222
TNB/BTC,1583943271575,2020-03-11T16:14:31.575Z,sell,2e-07,64690.0,0.012938
TNB/BTC,1583943271605,2020-03-11T16:14:31.605Z,sell,2e-07,104633.0,0.0209266
TNB/BTC,1583943271791,2020-03-11T16:14:31.791Z,sell,2e-07,89250.0,0.0178499999999999
TNB/BTC,1583943271809,2020-03-11T16:14:31.809Z,sell,2e-07,87040.0,0.017408
TNB/BTC,1583943272453,2020-03-11T16:14:32.453Z,sell,2e-07,87040.0,0.017408
TNB/BTC,1583943272614,2020-03-11T16:14:32.614Z,sell,2e-07,19596.0,0.0039191999999999
TNB/BTC,1583943272634,2020-03-11T16:14:32.634Z,sell,2e-07,87205.0,0.0174409999999999
TNB/BTC,1583943272637,2020-03-11T16:14:32.637Z,sell,2e-07,119000.0,0.0237999999999999
TNB/BTC,1583943272767,2020-03-11T16:14:32.767Z,sell,2e-07,71400.0,0.01428
TNB/BTC,1583943272781,2020-03-11T16:14:32.781Z,sell,2e-07,78225.0,0.015645
TNB/BTC,1583943272833,2020-03-11T16:14:32.833Z,sell,2e-07,89250.0,0.0178499999999999
TNB/BTC,1583943273105,2020-03-11T16:14:33.105Z,sell,2e-07,81465.0,0.016293
TNB/BTC,1583943273590,2020-03-11T16:14:33.590Z,sell,2e-07,137746.0,0.0275492
TNB/BTC,1583943299943,2020-03-11T16:14:59.943Z,sell,2e-07,101130.0,0.0202259999999999
TNB/BTC,1583943535861,2020-03-11T16:18:55.861Z,sell,2e-07,6246.0,0.0012492
TNB/BTC,1583943617084,2020-03-11T16:20:17.084Z,sell,2e-07,24954.0,0.0049908
TNB/BTC,1583943636772,2020-03-11T16:20:36.772Z,sell,2e-07,77132.0,0.0154264
TNB/BTC,1583943997948,2020-03-11T16:26:37.948Z,buy,2.1e-07,524.0,0.00011004
TNB/BTC,1583944153148,2020-03-11T16:29:13.148Z,sell,2e-07,22270.0,0.004454
TNB/BTC,1583944192397,2020-03-11T16:29:52.397Z,buy,2.1e-07,1565.0,0.00032865
TNB/BTC,1583944271711,2020-03-11T16:31:11.711Z,sell,2e-07,475858.0,0.0951716
TNB/BTC,1583944273449,2020-03-11T16:31:13.449Z,sell,2e-07,22270.0,0.004454
TNB/BTC,1583944326727,2020-03-11T16:32:06.727Z,sell,2e-07,300666.0,0.0601332
TNB/BTC,1583944416168,2020-03-11T16:33:36.168Z,sell,2e-07,22000.0,0.0043999999999999
TNB/BTC,1583944530192,2020-03-11T16:35:30.192Z,sell,2e-07,15438.0,0.0030876
TNB/BTC,1583944664653,2020-03-11T16:37:44.653Z,sell,2e-07,510734.0,0.1021468
TNB/BTC,1583944674808,2020-03-11T16:37:54.808Z,sell,2e-07,800000.0,0.16
TNB/BTC,1583944690091,2020-03-11T16:38:10.091Z,buy,2.1e-07,4848.0,0.00101808
TNB/BTC,1583944807693,2020-03-11T16:40:07.693Z,sell,2e-07,126106.0,0.0252212
TNB/BTC,1583944807693,2020-03-11T16:40:07.693Z,sell,2e-07,126106.0,0.0252212
TNB/BTC,1583946379290,2020-03-11T17:06:19.290Z,buy,2e-07,25827.0,0.0051654
TNB/BTC,1583946379976,2020-03-11T17:06:19.976Z,buy,2e-07,29020.0,0.005804
TNB/BTC,1583946737345,2020-03-11T17:12:17.345Z,buy,2e-07,64866.0,0.0129731999999999
TNB/BTC,1583947103077,2020-03-11T17:18:23.077Z,buy,2e-07,55738.0,0.0111475999999999
TNB/BTC,1583947103077,2020-03-11T17:18:23.077Z,buy,2e-07,55738.0,0.0111475999999999
TNB/BTC,1583949127691,2020-03-11T17:52:07.691Z,buy,2e-07,8400.0,0.0016799999999999
TNB/BTC,1583949127691,2020-03-11T17:52:07.691Z,buy,2e-07,8400.0,0.0016799999999999
TNB/BTC,1583950768426,2020-03-11T18:19:28.426Z,sell,1.9e-07,23810.0,0.0045239
TNB/BTC,1583950776802,2020-03-11T18:19:36.802Z,buy,2e-07,12653.0,0.0025306
TNB/BTC,1583951156373,2020-03-11T18:25:56.373Z,buy,2e-07,2627.0,0.0005254
TNB/BTC,1583951156373,2020-03-11T18:25:56.373Z,buy,2e-07,2627.0,0.0005254
TNB/BTC,1583954187642,2020-03-11T19:16:27.642Z,buy,2e-07,500000.0,0.0999999999999999
TNB/BTC,1583954187642,2020-03-11T19:16:27.642Z,buy,2e-07,500000.0,0.0999999999999999
TNB/BTC,1583955331304,2020-03-11T19:35:31.304Z,buy,2e-07,2250.0,0.00045
TNB/BTC,1583956291115,2020-03-11T19:51:31.115Z,sell,1.9e-07,3373.0,0.00064087
TNB/BTC,1583956291115,2020-03-11T19:51:31.115Z,sell,1.9e-07,3373.0,0.00064087
TNB/BTC,1583958062388,2020-03-11T20:21:02.388Z,buy,2e-07,5000.0,0.001
TNB/BTC,1583958204187,2020-03-11T20:23:24.187Z,sell,1.9e-07,41745.0,0.00793155
TNB/BTC,1583958585652,2020-03-11T20:29:45.652Z,buy,2e-07,5000.0,0.001
TNB/BTC,1583958693022,2020-03-11T20:31:33.022Z,buy,2e-07,44024.0,0.0088048
TNB/BTC,1583958693068,2020-03-11T20:31:33.068Z,buy,2e-07,6000.0,0.0012
TNB/BTC,1583958693068,2020-03-11T20:31:33.068Z,buy,2e-07,6000.0,0.0012
TNB/BTC,1583960046218,2020-03-11T20:54:06.218Z,buy,2e-07,555.0,0.000111
TNB/BTC,1583960299737,2020-03-11T20:58:19.737Z,buy,2e-07,555.0,0.000111
TNB/BTC,1583960544297,2020-03-11T21:02:24.297Z,buy,2e-07,555.0,0.000111
TNB/BTC,1583960544297,2020-03-11T21:02:24.297Z,buy,2e-07,555.0,0.000111
TNB/BTC,1583963985459,2020-03-11T21:59:45.459Z,sell,1.9e-07,49950.0,0.0094905
TNB/BTC,1583963985459,2020-03-11T21:59:45.459Z,sell,1.9e-07,49950.0,0.0094905
TNB/BTC,1583964320419,2020-03-11T22:05:20.419Z,buy,2e-07,1527.0,0.0003054
TNB/BTC,1583966741854,2020-03-11T22:45:41.854Z,sell,1.9e-07,43979.0,0.00835601
TNB/BTC,1583967085952,2020-03-11T22:51:25.952Z,sell,1.9e-07,2497922.0,0.47460518
TNB/BTC,1583967085952,2020-03-11T22:51:25.952Z,sell,1.9e-07,2497922.0,0.47460518
TNB/BTC,1583967921889,2020-03-11T23:05:21.889Z,buy,2e-07,1589.0,0.0003177999999999
TNB/BTC,1583968010650,2020-03-11T23:06:50.650Z,buy,2e-07,2000.0,0.0003999999999999
TNB/BTC,1583970055116,2020-03-11T23:40:55.116Z,sell,1.9e-07,142202.0,0.02701838
TNB/BTC,1583970055116,2020-03-11T23:40:55.116Z,sell,1.9e-07,142202.0,0.02701838
TNB/BTC,1583978596719,2020-03-12T02:03:16.719Z,sell,1.9e-07,244047.0,0.04636893
TNB/BTC,1583978596719,2020-03-12T02:03:16.719Z,sell,1.9e-07,244047.0,0.04636893
TNB/BTC,1583982135872,2020-03-12T03:02:15.872Z,buy,2e-07,2536.0,0.0005072
TNB/BTC,1583982167110,2020-03-12T03:02:47.110Z,buy,2e-07,1000.0,0.0001999999999999
TNB/BTC,1583982167110,2020-03-12T03:02:47.110Z,buy,2e-07,1000.0,0.0001999999999999
TNB/BTC,1583985305408,2020-03-12T03:55:05.408Z,buy,2e-07,5000.0,0.001
TNB/BTC,1583985520578,2020-03-12T03:58:40.578Z,buy,2e-07,821.0,0.0001641999999999
TNB/BTC,1583985520578,2020-03-12T03:58:40.578Z,buy,2e-07,821.0,0.0001641999999999
TNB/BTC,1583986067416,2020-03-12T04:07:47.416Z,buy,2e-07,2929.0,0.0005857999999999
TNB/BTC,1583986398601,2020-03-12T04:13:18.601Z,buy,2e-07,505.0,0.000101
TNB/BTC,1583986550071,2020-03-12T04:15:50.071Z,sell,1.9e-07,5000.0,0.00095
TNB/BTC,1583987303293,2020-03-12T04:28:23.293Z,buy,2e-07,3000.0,0.0006
TNB/BTC,1583987699107,2020-03-12T04:34:59.107Z,sell,1.9e-07,7493769.0,1.42381611
TNB/BTC,1583987964104,2020-03-12T04:39:24.104Z,sell,1.9e-07,594.0,0.00011286
TNB/BTC,1583987964104,2020-03-12T04:39:24.104Z,sell,1.9e-07,594.0,0.00011286
TNB/BTC,1583989231704,2020-03-12T05:00:31.704Z,sell,1.9e-07,1069759.0,0.20325421
TNB/BTC,1583989231741,2020-03-12T05:00:31.741Z,buy,1.9e-07,68904.0,0.01309176
TNB/BTC,1583989231747,2020-03-12T05:00:31.747Z,buy,1.9e-07,362862.0,0.06894378
TNB/BTC,1583989231752,2020-03-12T05:00:31.752Z,buy,1.9e-07,21397.0,0.00406543
TNB/BTC,1583989231754,2020-03-12T05:00:31.754Z,buy,1.9e-07,5772.0,0.00109668
TNB/BTC,1583989231755,2020-03-12T05:00:31.755Z,buy,1.9e-07,5828.0,0.00110732
TNB/BTC,1583989231764,2020-03-12T05:00:31.764Z,buy,1.9e-07,87040.0,0.0165376
TNB/BTC,1583989231764,2020-03-12T05:00:31.764Z,buy,1.9e-07,3515.0,0.00066785
TNB/BTC,1583989231914,2020-03-12T05:00:31.914Z,buy,1.9e-07,20000.0,0.0038
TNB/BTC,1583989231964,2020-03-12T05:00:31.964Z,buy,1.9e-07,43850.0,0.0083315
TNB/BTC,1583989232679,2020-03-12T05:00:32.679Z,buy,1.9e-07,45970.0,0.0087343
TNB/BTC,1583989233256,2020-03-12T05:00:33.256Z,buy,1.9e-07,31955.0,0.00607145
TNB/BTC,1583989233393,2020-03-12T05:00:33.393Z,sell,1.8e-07,21769.0,0.00391842
TNB/BTC,1583989240630,2020-03-12T05:00:40.630Z,buy,1.9e-07,39701.0,0.00754319
TNB/BTC,1583989242317,2020-03-12T05:00:42.317Z,sell,1.8e-07,2748.0,0.00049464
TNB/BTC,1583989243268,2020-03-12T05:00:43.268Z,sell,1.8e-07,4995.0,0.0008991
TNB/BTC,1583989243387,2020-03-12T05:00:43.387Z,buy,1.9e-07,6499.0,0.00123481
TNB/BTC,1583989247571,2020-03-12T05:00:47.571Z,buy,1.9e-07,15853.0,0.00301207
TNB/BTC,1583989264102,2020-03-12T05:01:04.102Z,buy,1.9e-07,21430.0,0.0040717
TNB/BTC,1583989264102,2020-03-12T05:01:04.102Z,buy,1.9e-07,8587.0,0.00163153
TNB/BTC,1583989264147,2020-03-12T05:01:04.147Z,buy,1.9e-07,21430.0,0.0040717
TNB/BTC,1583989264162,2020-03-12T05:01:04.162Z,buy,1.9e-07,21430.0,0.0040717
TNB/BTC,1583989264315,2020-03-12T05:01:04.315Z,buy,1.9e-07,20000.0,0.0038
TNB/BTC,1583989269505,2020-03-12T05:01:09.505Z,buy,1.9e-07,562080.0,0.1067952
TNB/BTC,1583989270949,2020-03-12T05:01:10.949Z,sell,1.9e-07,36701.0,0.00697319
TNB/BTC,1583989273446,2020-03-12T05:01:13.446Z,buy,1.9e-07,55051.0,0.01045969
TNB/BTC,1583989279197,2020-03-12T05:01:19.197Z,buy,2e-07,1556.0,0.0003112
TNB/BTC,1583989465240,2020-03-12T05:04:25.240Z,sell,1.9e-07,6280.0,0.0011932
TNB/BTC,1583989554512,2020-03-12T05:05:54.512Z,buy,2e-07,1658.0,0.0003316
TNB/BTC,1583989953632,2020-03-12T05:12:33.632Z,sell,1.9e-07,323104.0,0.06138976
TNB/BTC,1583989963556,2020-03-12T05:12:43.556Z,buy,2e-07,2542.0,0.0005084
TNB/BTC,1583990399082,2020-03-12T05:19:59.082Z,sell,1.9e-07,29482.0,0.00560158
TNB/BTC,1583990597698,2020-03-12T05:23:17.698Z,sell,1.9e-07,827000.0,0.15713
TNB/BTC,1583990727774,2020-03-12T05:25:27.774Z,sell,1.9e-07,32900.0,0.006251
TNB/BTC,1583990733711,2020-03-12T05:25:33.711Z,sell,1.9e-07,296384.0,0.05631296
TNB/BTC,1583990733748,2020-03-12T05:25:33.748Z,buy,1.9e-07,20000.0,0.0038
TNB/BTC,1583990733842,2020-03-12T05:25:33.842Z,buy,1.9e-07,11007.0,0.00209133
TNB/BTC,1583990734755,2020-03-12T05:25:34.755Z,buy,1.9e-07,24009.0,0.00456171
TNB/BTC,1583990735448,2020-03-12T05:25:35.448Z,buy,1.9e-07,15643.0,0.00297217
TNB/BTC,1583990769043,2020-03-12T05:26:09.043Z,buy,1.9e-07,6954.0,0.00132126
TNB/BTC,1583990788500,2020-03-12T05:26:28.500Z,buy,1.9e-07,7585.0,0.00144115
TNB/BTC,1583991013674,2020-03-12T05:30:13.674Z,sell,1.8e-07,77752.0,0.01399536
TNB/BTC,1583991079049,2020-03-12T05:31:19.049Z,buy,1.9e-07,30813.0,0.00585447
TNB/BTC,1583991080071,2020-03-12T05:31:20.071Z,buy,1.9e-07,13697.0,0.00260243
TNB/BTC,1583991081104,2020-03-12T05:31:21.104Z,buy,1.9e-07,6089.0,0.00115691
TNB/BTC,1583991120178,2020-03-12T05:32:00.178Z,buy,1.9e-07,3375.0,0.00064125
TNB/BTC,1583991122094,2020-03-12T05:32:02.094Z,buy,1.9e-07,16149.0,0.00306831
TNB/BTC,1583991122094,2020-03-12T05:32:02.094Z,buy,1.9e-07,16149.0,0.00306831
TNB/BTC,1583991977855,2020-03-12T05:46:17.855Z,buy,1.9e-07,32182.0,0.00611458
TNB/BTC,1583992197342,2020-03-12T05:49:57.342Z,buy,1.9e-07,3584.0,0.00068096
TNB/BTC,1583992323290,2020-03-12T05:52:03.290Z,buy,1.9e-07,100000.0,0.019
TNB/BTC,1583992507505,2020-03-12T05:55:07.505Z,buy,1.9e-07,964.0,0.00018316
TNB/BTC,1583993232190,2020-03-12T06:07:12.190Z,buy,1.9e-07,1331.0,0.00025289
TNB/BTC,1583993441253,2020-03-12T06:10:41.253Z,sell,1.8e-07,13127.0,0.00236286
TNB/BTC,1583993627770,2020-03-12T06:13:47.770Z,sell,1.8e-07,14396.0,0.00259128
TNB/BTC,1583994060908,2020-03-12T06:21:00.908Z,buy,1.9e-07,2423.0,0.00046037
TNB/BTC,1583994399472,2020-03-12T06:26:39.472Z,buy,1.9e-07,8400.0,0.001596
TNB/BTC,1583994413074,2020-03-12T06:26:53.074Z,buy,1.9e-07,913.0,0.00017347
TNB/BTC,1583994413488,2020-03-12T06:26:53.488Z,buy,1.9e-07,4425.0,0.00084075
TNB/BTC,1583994497023,2020-03-12T06:28:17.023Z,buy,1.9e-07,5200.0,0.000988
TNB/BTC,1583994504775,2020-03-12T06:28:24.775Z,buy,1.9e-07,2220.0,0.0004218
TNB/BTC,1583994508263,2020-03-12T06:28:28.263Z,buy,1.9e-07,2355.0,0.00044745
TNB/BTC,1583994536782,2020-03-12T06:28:56.782Z,buy,1.9e-07,2116.0,0.00040204
TNB/BTC,1583994540548,2020-03-12T06:29:00.548Z,buy,1.9e-07,3711.0,0.00070509
TNB/BTC,1583994558140,2020-03-12T06:29:18.140Z,buy,1.9e-07,6000.0,0.00114
TNB/BTC,1583994586141,2020-03-12T06:29:46.141Z,buy,1.9e-07,2376.0,0.00045144
TNB/BTC,1583994615162,2020-03-12T06:30:15.162Z,sell,1.8e-07,1293.0,0.00023274
TNB/BTC,1583994618532,2020-03-12T06:30:18.532Z,buy,1.9e-07,3555.0,0.00067545
TNB/BTC,1583994622631,2020-03-12T06:30:22.631Z,buy,1.9e-07,2180.0,0.0004142
TNB/BTC,1583994680883,2020-03-12T06:31:20.883Z,buy,1.9e-07,2832.0,0.00053808
TNB/BTC,1583994693073,2020-03-12T06:31:33.073Z,buy,1.9e-07,5974.0,0.00113506
TNB/BTC,1583994696941,2020-03-12T06:31:36.941Z,buy,1.9e-07,12675.0,0.00240825
TNB/BTC,1583994707630,2020-03-12T06:31:47.630Z,buy,1.9e-07,6902.0,0.00131138
TNB/BTC,1583994712627,2020-03-12T06:31:52.627Z,buy,1.9e-07,16529.0,0.00314051
TNB/BTC,1583994716580,2020-03-12T06:31:56.580Z,buy,1.9e-07,11588.0,0.00220172
TNB/BTC,1583994716580,2020-03-12T06:31:56.580Z,buy,1.9e-07,11588.0,0.00220172
TNB/BTC,1583994733023,2020-03-12T06:32:13.023Z,buy,1.9e-07,4270.0,0.0008113
TNB/BTC,1583994737104,2020-03-12T06:32:17.104Z,buy,1.9e-07,5847.0,0.00111093
TNB/BTC,1583994752540,2020-03-12T06:32:32.540Z,buy,1.9e-07,25303.0,0.00480757
TNB/BTC,1583994770496,2020-03-12T06:32:50.496Z,buy,1.9e-07,12072.0,0.00229368
TNB/BTC,1583994773311,2020-03-12T06:32:53.311Z,buy,1.9e-07,8639.0,0.00164141
TNB/BTC,1583994773491,2020-03-12T06:32:53.491Z,buy,1.9e-07,38370.0,0.0072903
TNB/BTC,1583994776873,2020-03-12T06:32:56.873Z,buy,1.9e-07,12619.0,0.00239761
TNB/BTC,1583995055674,2020-03-12T06:37:35.674Z,buy,1.9e-07,34425.0,0.00654075
TNB/BTC,1583995077999,2020-03-12T06:37:57.999Z,buy,1.9e-07,52534.0,0.00998146
TNB/BTC,1583996035285,2020-03-12T06:53:55.285Z,buy,1.9e-07,52631.0,0.00999989
TNB/BTC,1583996432757,2020-03-12T07:00:32.757Z,buy,1.9e-07,30698.0,0.00583262
TNB/BTC,1583996469843,2020-03-12T07:01:09.843Z,sell,1.8e-07,967.0,0.00017406
TNB/BTC,1583997163587,2020-03-12T07:12:43.587Z,sell,1.8e-07,5994.0,0.00107892
TNB/BTC,1583997371790,2020-03-12T07:16:11.790Z,buy,1.9e-07,1912.0,0.00036328
TNB/BTC,1583997432609,2020-03-12T07:17:12.609Z,sell,1.8e-07,2287.0,0.00041166
TNB/BTC,1583997450972,2020-03-12T07:17:30.972Z,buy,1.9e-07,2058.0,0.00039102
TNB/BTC,1583997508946,2020-03-12T07:18:28.946Z,sell,1.8e-07,2388.0,0.00042984
TNB/BTC,1583997734086,2020-03-12T07:22:14.086Z,buy,1.9e-07,40040.0,0.0076076
TNB/BTC,1583997918524,2020-03-12T07:25:18.524Z,buy,1.9e-07,3222.0,0.00061218
TNB/BTC,1583997918524,2020-03-12T07:25:18.524Z,buy,1.9e-07,3222.0,0.00061218
TNB/BTC,1583998733234,2020-03-12T07:38:53.234Z,sell,1.8e-07,81428.0,0.01465704
TNB/BTC,1583999482381,2020-03-12T07:51:22.381Z,sell,1.8e-07,149700.0,0.026946
TNB/BTC,1584000017460,2020-03-12T08:00:17.460Z,sell,1.8e-07,26288.0,0.00473184
TNB/BTC,1584000155370,2020-03-12T08:02:35.370Z,sell,1.8e-07,50000.0,0.009
TNB/BTC,1584000444679,2020-03-12T08:07:24.679Z,sell,1.8e-07,1630707.0,0.29352726
TNB/BTC,1584000446193,2020-03-12T08:07:26.193Z,sell,1.8e-07,51142.0,0.00920556
TNB/BTC,1584001408464,2020-03-12T08:23:28.464Z,sell,1.8e-07,2016.0,0.00036288
TNB/BTC,1584001408464,2020-03-12T08:23:28.464Z,sell,1.8e-07,2016.0,0.00036288
TNB/BTC,1584001556306,2020-03-12T08:25:56.306Z,buy,1.9e-07,1500.0,0.000285
TNB/BTC,1584001635246,2020-03-12T08:27:15.246Z,sell,1.8e-07,120569.0,0.02170242
TNB/BTC,1584001901682,2020-03-12T08:31:41.682Z,sell,1.8e-07,100000.0,0.018
TNB/BTC,1584003398627,2020-03-12T08:56:38.627Z,buy,1.9e-07,382311.0,0.07263909
TNB/BTC,1584003796464,2020-03-12T09:03:16.464Z,sell,1.8e-07,1158.0,0.00020844
TNB/BTC,1584003831801,2020-03-12T09:03:51.801Z,sell,1.8e-07,752258.0,0.13540644
TNB/BTC,1584004703601,2020-03-12T09:18:23.601Z,buy,1.9e-07,315789.0,0.05999991
TNB/BTC,1584004703601,2020-03-12T09:18:23.601Z,buy,1.9e-07,315789.0,0.05999991
TNB/BTC,1584005278467,2020-03-12T09:27:58.467Z,buy,1.9e-07,29631.0,0.00562989
TNB/BTC,1584005278467,2020-03-12T09:27:58.467Z,buy,1.9e-07,29631.0,0.00562989
TNB/BTC,1584008785638,2020-03-12T10:26:25.638Z,sell,1.8e-07,250613.0,0.04511034
TNB/BTC,1584008785638,2020-03-12T10:26:25.638Z,sell,1.8e-07,250613.0,0.04511034
TNB/BTC,1584009435624,2020-03-12T10:37:15.624Z,buy,1.9e-07,28127.0,0.00534413
TNB/BTC,1584009441129,2020-03-12T10:37:21.129Z,buy,1.9e-07,25510.0,0.0048469
TNB/BTC,1584009446713,2020-03-12T10:37:26.713Z,buy,1.9e-07,24371.0,0.00463049
TNB/BTC,1584009452178,2020-03-12T10:37:32.178Z,buy,1.9e-07,30606.0,0.00581514
TNB/BTC,1584009457652,2020-03-12T10:37:37.652Z,buy,1.9e-07,14569.0,0.00276811
TNB/BTC,1584009463368,2020-03-12T10:37:43.368Z,buy,1.9e-07,40081.0,0.00761539
TNB/BTC,1584009468869,2020-03-12T10:37:48.869Z,buy,1.9e-07,40902.0,0.00777138
TNB/BTC,1584009474374,2020-03-12T10:37:54.374Z,buy,1.9e-07,28799.0,0.00547181
TNB/BTC,1584009479839,2020-03-12T10:37:59.839Z,buy,1.9e-07,41476.0,0.00788044
TNB/BTC,1584009480875,2020-03-12T10:38:00.875Z,buy,1.9e-07,626.0,0.00011894
TNB/BTC,1584009485301,2020-03-12T10:38:05.301Z,buy,1.9e-07,19662.0,0.00373578
TNB/BTC,1584009490897,2020-03-12T10:38:10.897Z,buy,1.9e-07,33154.0,0.00629926
TNB/BTC,1584009496496,2020-03-12T10:38:16.496Z,buy,1.9e-07,34589.0,0.00657191
TNB/BTC,1584009502364,2020-03-12T10:38:22.364Z,buy,1.9e-07,27697.0,0.00526243
TNB/BTC,1584009507847,2020-03-12T10:38:27.847Z,buy,1.9e-07,42951.0,0.00816069
TNB/BTC,1584009513326,2020-03-12T10:38:33.326Z,buy,1.9e-07,42776.0,0.00812744
TNB/BTC,1584009519056,2020-03-12T10:38:39.056Z,buy,1.9e-07,41980.0,0.0079762
TNB/BTC,1584009522451,2020-03-12T10:38:42.451Z,sell,1.8e-07,250613.0,0.04511034
TNB/BTC,1584009524695,2020-03-12T10:38:44.695Z,buy,1.9e-07,65988.0,0.01253772
TNB/BTC,1584009530169,2020-03-12T10:38:50.169Z,buy,1.9e-07,34857.0,0.00662283
TNB/BTC,1584009535688,2020-03-12T10:38:55.688Z,buy,1.9e-07,25045.0,0.00475855
TNB/BTC,1584009539034,2020-03-12T10:38:59.034Z,sell,1.8e-07,15213.0,0.00273834
TNB/BTC,1584009541179,2020-03-12T10:39:01.179Z,buy,1.9e-07,65342.0,0.01241498
TNB/BTC,1584009546663,2020-03-12T10:39:06.663Z,buy,1.9e-07,6358.0,0.00120802
TNB/BTC,1584009566906,2020-03-12T10:39:26.906Z,sell,1.8e-07,832.0,0.00014976
TNB/BTC,1584009580142,2020-03-12T10:39:40.142Z,buy,1.9e-07,2228.0,0.00042332
TNB/BTC,1584009593406,2020-03-12T10:39:53.406Z,sell,1.8e-07,2277.0,0.00040986
TNB/BTC,1584009610009,2020-03-12T10:40:10.009Z,buy,1.9e-07,2049.0,0.00038931
TNB/BTC,1584009625110,2020-03-12T10:40:25.110Z,sell,1.8e-07,1991.0,0.00035838
TNB/BTC,1584009631567,2020-03-12T10:40:31.567Z,buy,1.9e-07,956.0,0.00018164
TNB/BTC,1584009712479,2020-03-12T10:41:52.479Z,sell,1.8e-07,903.0,0.00016254
TNB/BTC,1584009730745,2020-03-12T10:42:10.745Z,sell,1.8e-07,1869565.0,0.3365217
TNB/BTC,1584009767237,2020-03-12T10:42:47.237Z,buy,1.9e-07,861.0,0.00016359
TNB/BTC,1584009867069,2020-03-12T10:44:27.069Z,sell,1.8e-07,334194.0,0.06015492
TNB/BTC,1584009896492,2020-03-12T10:44:56.492Z,sell,1.8e-07,145197.0,0.02613546
TNB/BTC,1584009908953,2020-03-12T10:45:08.953Z,buy,1.9e-07,11744.0,0.00223136
TNB/BTC,1584009969929,2020-03-12T10:46:09.929Z,sell,1.8e-07,237448.0,0.0427406399999999
TNB/BTC,1584010000501,2020-03-12T10:46:40.501Z,sell,1.8e-07,4609.0,0.00082962
TNB/BTC,1584010032790,2020-03-12T10:47:12.790Z,buy,1.9e-07,673.0,0.00012787
TNB/BTC,1584010041064,2020-03-12T10:47:21.064Z,sell,1.8e-07,77796.0,0.01400328
TNB/BTC,1584010092889,2020-03-12T10:48:12.889Z,sell,1.8e-07,2743661.0,0.49385898
TNB/BTC,1584010133074,2020-03-12T10:48:53.074Z,sell,1.8e-07,328773.0,0.05917914
TNB/BTC,1584010263254,2020-03-12T10:51:03.254Z,sell,1.8e-07,17896.0,0.00322128
TNB/BTC,1584010269695,2020-03-12T10:51:09.695Z,buy,1.9e-07,1908.0,0.00036252
TNB/BTC,1584010287757,2020-03-12T10:51:27.757Z,sell,1.8e-07,962.0,0.00017316
TNB/BTC,1584010310585,2020-03-12T10:51:50.585Z,sell,1.8e-07,1824214.0,0.32835852
TNB/BTC,1584010342125,2020-03-12T10:52:22.125Z,buy,1.9e-07,776.0,0.00014744
TNB/BTC,1584010408826,2020-03-12T10:53:28.826Z,sell,1.8e-07,4892123.0,0.88058214
TNB/BTC,1584010409379,2020-03-12T10:53:29.379Z,sell,1.8e-07,386944.0,0.06964992
TNB/BTC,1584010409419,2020-03-12T10:53:29.419Z,sell,1.8e-07,704609.0,0.12682962
TNB/BTC,1584010409976,2020-03-12T10:53:29.976Z,buy,1.8e-07,6150.0,0.001107
TNB/BTC,1584010411237,2020-03-12T10:53:31.237Z,buy,1.8e-07,14103.0,0.00253854
TNB/BTC,1584010412193,2020-03-12T10:53:32.193Z,buy,1.8e-07,10398.0,0.00187164
TNB/BTC,1584010412695,2020-03-12T10:53:32.695Z,sell,1.7e-07,27729.0,0.00471393
TNB/BTC,1584010413045,2020-03-12T10:53:33.045Z,buy,1.8e-07,4444.0,0.00079992
TNB/BTC,1584010413389,2020-03-12T10:53:33.389Z,buy,1.8e-07,4004.0,0.00072072
TNB/BTC,1584010414270,2020-03-12T10:53:34.270Z,buy,1.8e-07,13777.0,0.00247986
TNB/BTC,1584010415493,2020-03-12T10:53:35.493Z,buy,1.8e-07,4613.0,0.0008303399999999
TNB/BTC,1584010415658,2020-03-12T10:53:35.658Z,buy,1.8e-07,13777.0,0.00247986
TNB/BTC,1584010416157,2020-03-12T10:53:36.157Z,buy,1.8e-07,9168.0,0.0016502399999999
TNB/BTC,1584010416664,2020-03-12T10:53:36.664Z,buy,1.8e-07,15286.0,0.00275148
TNB/BTC,1584010417063,2020-03-12T10:53:37.063Z,buy,1.8e-07,10561.0,0.00190098
TNB/BTC,1584010417482,2020-03-12T10:53:37.482Z,buy,1.8e-07,7059.0,0.00127062
TNB/BTC,1584010417793,2020-03-12T10:53:37.793Z,buy,1.8e-07,11987.0,0.00215766
TNB/BTC,1584010417813,2020-03-12T10:53:37.813Z,buy,1.8e-07,22740.0,0.0040932
TNB/BTC,1584010418207,2020-03-12T10:53:38.207Z,buy,1.8e-07,14842.0,0.00267156
TNB/BTC,1584010418318,2020-03-12T10:53:38.318Z,buy,1.8e-07,6353.0,0.00114354
TNB/BTC,1584010418974,2020-03-12T10:53:38.974Z,buy,1.8e-07,5111.0,0.00091998
TNB/BTC,1584010419583,2020-03-12T10:53:39.583Z,buy,1.8e-07,2504.0,0.00045072
TNB/BTC,1584010433894,2020-03-12T10:53:53.894Z,sell,1.7e-07,30000.0,0.0050999999999999
TNB/BTC,1584010437166,2020-03-12T10:53:57.166Z,sell,1.7e-07,30000.0,0.0050999999999999
TNB/BTC,1584010439018,2020-03-12T10:53:59.018Z,sell,1.7e-07,1499231.0,0.25486927
TNB/BTC,1584010464482,2020-03-12T10:54:24.482Z,buy,1.9e-07,477.0,9.063e-05
TNB/BTC,1584010551272,2020-03-12T10:55:51.272Z,buy,1.8e-07,14552.0,0.00261936
TNB/BTC,1584010558059,2020-03-12T10:55:58.059Z,buy,1.9e-07,3617.0,0.00068723
TNB/BTC,1584010570761,2020-03-12T10:56:10.761Z,sell,1.8e-07,2088.0,0.00037584
TNB/BTC,1584010589976,2020-03-12T10:56:29.976Z,sell,1.8e-07,23505.0,0.0042309
TNB/BTC,1584010670782,2020-03-12T10:57:50.782Z,sell,1.8e-07,5994.0,0.00107892
TNB/BTC,1584010696613,2020-03-12T10:58:16.613Z,sell,1.8e-07,296609.0,0.05338962
TNB/BTC,1584010703617,2020-03-12T10:58:23.617Z,buy,1.8e-07,16831.0,0.00302958
TNB/BTC,1584010717159,2020-03-12T10:58:37.159Z,buy,1.8e-07,557.0,0.0001002599999999
TNB/BTC,1584010801016,2020-03-12T11:00:01.016Z,buy,1.8e-07,61111.0,0.01099998
TNB/BTC,1584010804598,2020-03-12T11:00:04.598Z,buy,1.8e-07,44444.0,0.00799992
TNB/BTC,1584010807245,2020-03-12T11:00:07.245Z,buy,1.8e-07,44444.0,0.00799992
TNB/BTC,1584010807595,2020-03-12T11:00:07.595Z,buy,1.8e-07,15187.0,0.00273366
TNB/BTC,1584010820533,2020-03-12T11:00:20.533Z,buy,1.8e-07,998.0,0.00017964
TNB/BTC,1584010834507,2020-03-12T11:00:34.507Z,sell,1.7e-07,53362.0,0.00907154
TNB/BTC,1584010873270,2020-03-12T11:01:13.270Z,buy,1.8e-07,3537.0,0.0006366599999999
TNB/BTC,1584010941169,2020-03-12T11:02:21.169Z,sell,1.7e-07,4086.0,0.00069462
TNB/BTC,1584010976511,2020-03-12T11:02:56.511Z,sell,1.7e-07,66666.0,0.01133322
TNB/BTC,1584011039326,2020-03-12T11:03:59.326Z,sell,1.7e-07,1437.0,0.00024429
TNB/BTC,1584011110510,2020-03-12T11:05:10.510Z,sell,1.7e-07,89817.0,0.0152688899999999
TNB/BTC,1584011124537,2020-03-12T11:05:24.537Z,sell,1.7e-07,1168.0,0.00019856
TNB/BTC,1584011334682,2020-03-12T11:08:54.682Z,sell,1.7e-07,76000.0,0.01292
TNB/BTC,1584011399934,2020-03-12T11:09:59.934Z,buy,1.8e-07,6179.0,0.00111222
TNB/BTC,1584011403418,2020-03-12T11:10:03.418Z,buy,1.8e-07,2824.0,0.00050832
TNB/BTC,1584011418042,2020-03-12T11:10:18.042Z,buy,1.8e-07,6675.0,0.0012014999999999
TNB/BTC,1584011418561,2020-03-12T11:10:18.561Z,buy,1.8e-07,90254.0,0.0162457199999999
TNB/BTC,1584011418789,2020-03-12T11:10:18.789Z,buy,1.8e-07,47713.0,0.00858834
TNB/BTC,1584011420168,2020-03-12T11:10:20.168Z,buy,1.8e-07,3128.0,0.00056304
TNB/BTC,1584011421135,2020-03-12T11:10:21.135Z,buy,1.8e-07,4005.0,0.0007209
TNB/BTC,1584011424882,2020-03-12T11:10:24.882Z,buy,1.8e-07,10094.0,0.0018169199999999
TNB/BTC,1584011431442,2020-03-12T11:10:31.442Z,buy,1.8e-07,13804.0,0.00248472
TNB/BTC,1584011431856,2020-03-12T11:10:31.856Z,buy,1.8e-07,12418.0,0.00223524
TNB/BTC,1584011431866,2020-03-12T11:10:31.866Z,buy,1.8e-07,20213.0,0.00363834
TNB/BTC,1584011431901,2020-03-12T11:10:31.901Z,buy,1.8e-07,16293.0,0.00293274
TNB/BTC,1584011452214,2020-03-12T11:10:52.214Z,sell,1.7e-07,952.0,0.0001618399999999
TNB/BTC,1584011452766,2020-03-12T11:10:52.766Z,buy,1.8e-07,100000.0,0.018
TNB/BTC,1584011454254,2020-03-12T11:10:54.254Z,buy,1.8e-07,200000.0,0.036
TNB/BTC,1584011783848,2020-03-12T11:16:23.848Z,buy,1.8e-07,404077.0,0.07273386
TNB/BTC,1584011889872,2020-03-12T11:18:09.872Z,buy,1.8e-07,739.0,0.00013302
TNB/BTC,1584012057184,2020-03-12T11:20:57.184Z,sell,1.7e-07,5167.0,0.0008783899999999
TNB/BTC,1584012287408,2020-03-12T11:24:47.408Z,sell,1.7e-07,589.0,0.0001001299999999
TNB/BTC,1584012372198,2020-03-12T11:26:12.198Z,sell,1.7e-07,25000.0,0.0042499999999999
TNB/BTC,1584012372198,2020-03-12T11:26:12.198Z,sell,1.7e-07,25000.0,0.0042499999999999
TNB/BTC,1584012573912,2020-03-12T11:29:33.912Z,buy,1.8e-07,57138.0,0.01028484
TNB/BTC,1584012590070,2020-03-12T11:29:50.070Z,buy,1.8e-07,8960.0,0.0016128
TNB/BTC,1584012594358,2020-03-12T11:29:54.358Z,buy,1.8e-07,2189.0,0.0003940199999999
TNB/BTC,1584012611344,2020-03-12T11:30:11.344Z,buy,1.8e-07,737.0,0.00013266
TNB/BTC,1584013033451,2020-03-12T11:37:13.451Z,sell,1.7e-07,45651.0,0.0077606699999999
TNB/BTC,1584013574011,2020-03-12T11:46:14.011Z,sell,1.7e-07,32134.0,0.0054627799999999
TNB/BTC,1584013725471,2020-03-12T11:48:45.471Z,buy,1.8e-07,11102.0,0.00199836
TNB/BTC,1584013746197,2020-03-12T11:49:06.197Z,buy,1.8e-07,22849.0,0.00411282
TNB/BTC,1584013763625,2020-03-12T11:49:23.625Z,buy,1.8e-07,22849.0,0.00411282
TNB/BTC,1584013788901,2020-03-12T11:49:48.901Z,sell,1.7e-07,1280.0,0.0002175999999999
TNB/BTC,1584013838689,2020-03-12T11:50:38.689Z,sell,1.7e-07,8007.0,0.00136119
TNB/BTC,1584013865892,2020-03-12T11:51:05.892Z,sell,1.7e-07,1162.0,0.0001975399999999
TNB/BTC,1584013917361,2020-03-12T11:51:57.361Z,sell,1.7e-07,208948.0,0.0355211599999999
TNB/BTC,1584014020660,2020-03-12T11:53:40.660Z,sell,1.7e-07,10000.0,0.0017
TNB/BTC,1584014062057,2020-03-12T11:54:22.057Z,sell,1.7e-07,9711.0,0.0016508699999999
TNB/BTC,1584014236006,2020-03-12T11:57:16.006Z,sell,1.7e-07,153949.0,0.02617133
TNB/BTC,1584014527627,2020-03-12T12:02:07.627Z,buy,1.8e-07,4746.0,0.00085428
TNB/BTC,1584014672610,2020-03-12T12:04:32.610Z,sell,1.7e-07,3884.0,0.00066028
TNB/BTC,1584014851556,2020-03-12T12:07:31.556Z,buy,1.8e-07,2543.0,0.00045774
TNB/BTC,1584014924005,2020-03-12T12:08:44.005Z,sell,1.7e-07,2733.0,0.0004646099999999
TNB/BTC,1584015088188,2020-03-12T12:11:28.188Z,buy,1.8e-07,2154.0,0.00038772
TNB/BTC,1584015094244,2020-03-12T12:11:34.244Z,buy,1.8e-07,182319.0,0.03281742
TNB/BTC,1584015142313,2020-03-12T12:12:22.313Z,sell,1.7e-07,2791.0,0.0004744699999999
TNB/BTC,1584015144104,2020-03-12T12:12:24.104Z,buy,1.8e-07,181569.0,0.03268242
TNB/BTC,1584015198697,2020-03-12T12:13:18.697Z,sell,1.7e-07,2459.0,0.0004180299999999
TNB/BTC,1584015214675,2020-03-12T12:13:34.675Z,buy,1.8e-07,2273.0,0.00040914
TNB/BTC,1584015243916,2020-03-12T12:14:03.916Z,buy,1.8e-07,1803241.0,0.32458338
TNB/BTC,1584015243978,2020-03-12T12:14:03.978Z,sell,1.8e-07,2174.0,0.00039132
TNB/BTC,1584015245702,2020-03-12T12:14:05.702Z,sell,1.8e-07,16495.0,0.0029691
TNB/BTC,1584015246437,2020-03-12T12:14:06.437Z,sell,1.8e-07,69929.0,0.01258722
TNB/BTC,1584015496089,2020-03-12T12:18:16.089Z,buy,1.9e-07,1280.0,0.0002432
TNB/BTC,1584015568816,2020-03-12T12:19:28.816Z,sell,1.8e-07,2661.0,0.00047898
TNB/BTC,1584015742218,2020-03-12T12:22:22.218Z,sell,1.8e-07,16038.0,0.00288684
TNB/BTC,1584015800051,2020-03-12T12:23:20.051Z,sell,1.8e-07,3398.0,0.00061164
TNB/BTC,1584015800051,2020-03-12T12:23:20.051Z,sell,1.8e-07,3398.0,0.00061164
TNB/BTC,1584015989814,2020-03-12T12:26:29.814Z,buy,1.9e-07,1111.0,0.00021109
TNB/BTC,1584016129579,2020-03-12T12:28:49.579Z,sell,1.8e-07,1718.0,0.00030924
TNB/BTC,1584016203097,2020-03-12T12:30:03.097Z,buy,1.9e-07,2751.0,0.00052269
TNB/BTC,1584016225920,2020-03-12T12:30:25.920Z,buy,1.9e-07,34482.0,0.00655158
TNB/BTC,1584016334385,2020-03-12T12:32:14.385Z,sell,1.8e-07,595.0,0.0001071
TNB/BTC,1584016348518,2020-03-12T12:32:28.518Z,buy,1.9e-07,2410.0,0.0004579
TNB/BTC,1584016421256,2020-03-12T12:33:41.256Z,sell,1.8e-07,2375.0,0.0004275
TNB/BTC,1584016466106,2020-03-12T12:34:26.106Z,sell,1.8e-07,9235.0,0.0016623
TNB/BTC,1584016466758,2020-03-12T12:34:26.758Z,sell,1.8e-07,55682.0,0.01002276
TNB/BTC,1584016697204,2020-03-12T12:38:17.204Z,sell,1.8e-07,974.0,0.00017532
TNB/BTC,1584016897605,2020-03-12T12:41:37.605Z,buy,1.9e-07,4091.0,0.00077729
TNB/BTC,1584016982163,2020-03-12T12:43:02.163Z,sell,1.8e-07,2039.0,0.00036702
TNB/BTC,1584017027275,2020-03-12T12:43:47.275Z,sell,1.8e-07,629675.0,0.1133415
TNB/BTC,1584017027290,2020-03-12T12:43:47.290Z,buy,1.8e-07,237151.0,0.04268718
TNB/BTC,1584017027293,2020-03-12T12:43:47.293Z,buy,1.8e-07,8400.0,0.0015119999999999
TNB/BTC,1584017027297,2020-03-12T12:43:47.297Z,buy,1.8e-07,2566.0,0.00046188
TNB/BTC,1584017027309,2020-03-12T12:43:47.309Z,buy,1.8e-07,3799.0,0.00068382
TNB/BTC,1584017027315,2020-03-12T12:43:47.315Z,buy,1.8e-07,36700.0,0.006606
TNB/BTC,1584017027321,2020-03-12T12:43:47.321Z,buy,1.8e-07,87040.0,0.0156672
TNB/BTC,1584017027499,2020-03-12T12:43:47.499Z,buy,1.8e-07,15000.0,0.0027
TNB/BTC,1584017027594,2020-03-12T12:43:47.594Z,buy,1.8e-07,12000.0,0.00216
TNB/BTC,1584017027620,2020-03-12T12:43:47.620Z,buy,1.8e-07,20000.0,0.0036
TNB/BTC,1584017028148,2020-03-12T12:43:48.148Z,buy,1.8e-07,6000.0,0.00108
TNB/BTC,1584017028160,2020-03-12T12:43:48.160Z,buy,1.8e-07,75968.0,0.0136742399999999
TNB/BTC,1584017028338,2020-03-12T12:43:48.338Z,buy,1.8e-07,12000.0,0.00216
TNB/BTC,1584017028517,2020-03-12T12:43:48.517Z,buy,1.8e-07,20000.0,0.0036
TNB/BTC,1584017028572,2020-03-12T12:43:48.572Z,buy,1.8e-07,63710.0,0.0114678
TNB/BTC,1584017028584,2020-03-12T12:43:48.584Z,buy,1.8e-07,15000.0,0.0027
TNB/BTC,1584017028660,2020-03-12T12:43:48.660Z,buy,1.8e-07,44465.0,0.0080036999999999
TNB/BTC,1584017028864,2020-03-12T12:43:48.864Z,buy,1.8e-07,20000.0,0.0036
TNB/BTC,1584017029065,2020-03-12T12:43:49.065Z,buy,1.8e-07,49027.0,0.00882486
TNB/BTC,1584017029448,2020-03-12T12:43:49.448Z,buy,1.8e-07,4000.0,0.0007199999999999
TNB/BTC,1584017029627,2020-03-12T12:43:49.627Z,buy,1.8e-07,20016.0,0.00360288
TNB/BTC,1584017029666,2020-03-12T12:43:49.666Z,buy,1.8e-07,15000.0,0.0027
TNB/BTC,1584017029685,2020-03-12T12:43:49.685Z,buy,1.8e-07,20000.0,0.0036
TNB/BTC,1584017030409,2020-03-12T12:43:50.409Z,buy,1.8e-07,10000.0,0.0018
TNB/BTC,1584017030428,2020-03-12T12:43:50.428Z,buy,1.8e-07,38836.0,0.00699048
TNB/BTC,1584017030805,2020-03-12T12:43:50.805Z,buy,1.8e-07,18063.0,0.00325134
TNB/BTC,1584017032302,2020-03-12T12:43:52.302Z,buy,1.8e-07,3513.0,0.00063234
TNB/BTC,1584017032500,2020-03-12T12:43:52.500Z,buy,1.8e-07,3513.0,0.00063234
TNB/BTC,1584017034316,2020-03-12T12:43:54.316Z,buy,1.8e-07,6324.0,0.00113832
TNB/BTC,1584017034491,2020-03-12T12:43:54.491Z,buy,1.8e-07,6324.0,0.00113832
TNB/BTC,1584017142933,2020-03-12T12:45:42.933Z,buy,1.8e-07,6136.0,0.00110448
TNB/BTC,1584017464767,2020-03-12T12:51:04.767Z,buy,1.8e-07,11111.0,0.00199998
TNB/BTC,1584017493889,2020-03-12T12:51:33.889Z,sell,1.7e-07,199800.0,0.0339659999999999
TNB/BTC,1584017812116,2020-03-12T12:56:52.116Z,buy,1.8e-07,1715.0,0.0003086999999999
TNB/BTC,1584017986981,2020-03-12T12:59:46.981Z,buy,1.8e-07,914.0,0.00016452
TNB/BTC,1584019085664,2020-03-12T13:18:05.664Z,sell,1.7e-07,1372.0,0.0002332399999999
TNB/BTC,1584019317377,2020-03-12T13:21:57.377Z,buy,1.8e-07,2825.0,0.0005085
TNB/BTC,1584019343919,2020-03-12T13:22:23.919Z,sell,1.7e-07,830881.0,0.14124977
TNB/BTC,1584019345338,2020-03-12T13:22:25.338Z,sell,1.7e-07,237070.0,0.0403018999999999
TNB/BTC,1584019345338,2020-03-12T13:22:25.338Z,sell,1.7e-07,237070.0,0.0403018999999999
TNB/BTC,1584019796779,2020-03-12T13:29:56.779Z,sell,1.7e-07,200000.0,0.0339999999999999
TNB/BTC,1584019899991,2020-03-12T13:31:39.991Z,sell,1.7e-07,3784566.0,0.6433762199999999
TNB/BTC,1584019900399,2020-03-12T13:31:40.399Z,sell,1.7e-07,2936.0,0.0004991199999999
TNB/BTC,1584020066723,2020-03-12T13:34:26.723Z,sell,1.7e-07,828008.0,0.14076136
TNB/BTC,1584020155959,2020-03-12T13:35:55.959Z,sell,1.7e-07,11517.0,0.00195789
TNB/BTC,1584020156252,2020-03-12T13:35:56.252Z,sell,1.7e-07,50708.0,0.0086203599999999
TNB/BTC,1584020344733,2020-03-12T13:39:04.733Z,sell,1.7e-07,27190.0,0.0046222999999999
TNB/BTC,1584020421957,2020-03-12T13:40:21.957Z,sell,1.7e-07,3005.0,0.00051085
TNB/BTC,1584020565874,2020-03-12T13:42:45.874Z,sell,1.7e-07,41180.0,0.0070005999999999
TNB/BTC,1584020786864,2020-03-12T13:46:26.864Z,sell,1.7e-07,475357.0,0.0808106899999999
TNB/BTC,1584020882228,2020-03-12T13:48:02.228Z,sell,1.7e-07,174505.0,0.0296658499999999
TNB/BTC,1584020898003,2020-03-12T13:48:18.003Z,sell,1.7e-07,14103.0,0.00239751
TNB/BTC,1584020922187,2020-03-12T13:48:42.187Z,sell,1.7e-07,9881.0,0.00167977
TNB/BTC,1584020993198,2020-03-12T13:49:53.198Z,sell,1.7e-07,11987.0,0.00203779
TNB/BTC,1584020993253,2020-03-12T13:49:53.253Z,sell,1.7e-07,20038.0,0.0034064599999999
TNB/BTC,1584021051148,2020-03-12T13:50:51.148Z,sell,1.7e-07,37775.0,0.0064217499999999
TNB/BTC,1584021053629,2020-03-12T13:50:53.629Z,sell,1.7e-07,16494.0,0.0028039799999999
TNB/BTC,1584021222285,2020-03-12T13:53:42.285Z,sell,1.7e-07,409706.0,0.0696500199999999
TNB/BTC,1584021222661,2020-03-12T13:53:42.661Z,sell,1.7e-07,169576.0,0.0288279199999999
TNB/BTC,1584021223195,2020-03-12T13:53:43.195Z,sell,1.7e-07,44185.0,0.0075114499999999
TNB/BTC,1584021223725,2020-03-12T13:53:43.725Z,sell,1.7e-07,20356.0,0.00346052
TNB/BTC,1584021237332,2020-03-12T13:53:57.332Z,sell,1.7e-07,8639.0,0.0014686299999999
TNB/BTC,1584021262310,2020-03-12T13:54:22.310Z,sell,1.7e-07,310445.0,0.0527756499999999
TNB/BTC,1584021265464,2020-03-12T13:54:25.464Z,sell,1.7e-07,478986.0,0.0814276199999999
TNB/BTC,1584021268834,2020-03-12T13:54:28.834Z,sell,1.7e-07,119746.0,0.0203568199999999
TNB/BTC,1584021272571,2020-03-12T13:54:32.571Z,sell,1.7e-07,89810.0,0.0152676999999999
TNB/BTC,1584021277305,2020-03-12T13:54:37.305Z,sell,1.7e-07,269431.0,0.0458032699999999
TNB/BTC,1584021290402,2020-03-12T13:54:50.402Z,sell,1.7e-07,4032.0,0.0006854399999999
TNB/BTC,1584021309046,2020-03-12T13:55:09.046Z,sell,1.7e-07,859211.0,0.14606587
TNB/BTC,1584021376379,2020-03-12T13:56:16.379Z,sell,1.7e-07,498900.0,0.084813
TNB/BTC,1584021943603,2020-03-12T14:05:43.603Z,sell,1.7e-07,12244.0,0.0020814799999999
TNB/BTC,1584022213976,2020-03-12T14:10:13.976Z,sell,1.7e-07,3511.0,0.00059687
TNB/BTC,1584022336933,2020-03-12T14:12:16.933Z,sell,1.7e-07,445391.0,0.07571647
TNB/BTC,1584022491277,2020-03-12T14:14:51.277Z,buy,1.8e-07,39044.0,0.00702792
TNB/BTC,1584022492070,2020-03-12T14:14:52.070Z,buy,1.8e-07,20000.0,0.0036
TNB/BTC,1584022492386,2020-03-12T14:14:52.386Z,buy,1.8e-07,105600.0,0.019008
TNB/BTC,1584022492394,2020-03-12T14:14:52.394Z,buy,1.8e-07,43457.0,0.00782226
TNB/BTC,1584022492435,2020-03-12T14:14:52.435Z,buy,1.8e-07,12000.0,0.00216
TNB/BTC,1584022492439,2020-03-12T14:14:52.439Z,buy,1.8e-07,15000.0,0.0027
TNB/BTC,1584022492470,2020-03-12T14:14:52.470Z,buy,1.8e-07,22829.0,0.00410922
TNB/BTC,1584022492474,2020-03-12T14:14:52.474Z,buy,1.8e-07,62831.0,0.01130958
TNB/BTC,1584022492688,2020-03-12T14:14:52.688Z,buy,1.8e-07,55734.0,0.01003212
TNB/BTC,1584022492753,2020-03-12T14:14:52.753Z,buy,1.8e-07,20000.0,0.0036
TNB/BTC,1584022492795,2020-03-12T14:14:52.795Z,buy,1.8e-07,1036.0,0.00018648
TNB/BTC,1584022493017,2020-03-12T14:14:53.017Z,buy,1.8e-07,49470.0,0.0089046
TNB/BTC,1584022493372,2020-03-12T14:14:53.372Z,buy,1.8e-07,28869.0,0.00519642
TNB/BTC,1584022493506,2020-03-12T14:14:53.506Z,buy,1.8e-07,12000.0,0.00216
TNB/BTC,1584022493516,2020-03-12T14:14:53.516Z,buy,1.8e-07,79136.0,0.01424448
TNB/BTC,1584022493642,2020-03-12T14:14:53.642Z,buy,1.8e-07,15000.0,0.0027
TNB/BTC,1584022493668,2020-03-12T14:14:53.668Z,buy,1.8e-07,27849.0,0.00501282
TNB/BTC,1584022493678,2020-03-12T14:14:53.678Z,buy,1.8e-07,35751.0,0.0064351799999999
TNB/BTC,1584022493689,2020-03-12T14:14:53.689Z,buy,1.8e-07,9312.0,0.0016761599999999
TNB/BTC,1584022493693,2020-03-12T14:14:53.693Z,buy,1.8e-07,61341.0,0.01104138
TNB/BTC,1584022493847,2020-03-12T14:14:53.847Z,buy,1.8e-07,20000.0,0.0036
TNB/BTC,1584022493877,2020-03-12T14:14:53.877Z,buy,1.8e-07,20022.0,0.00360396
TNB/BTC,1584022494049,2020-03-12T14:14:54.049Z,buy,1.8e-07,20000.0,0.0036
TNB/BTC,1584022494062,2020-03-12T14:14:54.062Z,buy,1.8e-07,31250.0,0.005625
TNB/BTC,1584022494118,2020-03-12T14:14:54.118Z,buy,1.8e-07,14103.0,0.00253854
TNB/BTC,1584022494202,2020-03-12T14:14:54.202Z,buy,1.8e-07,49615.0,0.0089307
TNB/BTC,1584022494348,2020-03-12T14:14:54.348Z,buy,1.8e-07,37775.0,0.0067995
TNB/BTC,1584022494391,2020-03-12T14:14:54.391Z,buy,1.8e-07,2430.0,0.0004374
TNB/BTC,1584022494558,2020-03-12T14:14:54.558Z,buy,1.8e-07,11987.0,0.00215766
TNB/BTC,1584022494694,2020-03-12T14:14:54.694Z,buy,1.8e-07,15000.0,0.0027
TNB/BTC,1584022494780,2020-03-12T14:14:54.780Z,buy,1.8e-07,67854.0,0.0122137199999999
TNB/BTC,1584022494783,2020-03-12T14:14:54.783Z,buy,1.8e-07,12000.0,0.00216
TNB/BTC,1584022494916,2020-03-12T14:14:54.916Z,buy,1.8e-07,20000.0,0.0036
TNB/BTC,1584022495090,2020-03-12T14:14:55.090Z,buy,1.8e-07,20000.0,0.0036
TNB/BTC,1584022495411,2020-03-12T14:14:55.411Z,buy,1.8e-07,65234.0,0.01174212
TNB/BTC,1584022495505,2020-03-12T14:14:55.505Z,buy,1.8e-07,18020.0,0.0032436
TNB/BTC,1584022495754,2020-03-12T14:14:55.754Z,buy,1.8e-07,15000.0,0.0027
TNB/BTC,1584022495889,2020-03-12T14:14:55.889Z,buy,1.8e-07,20038.0,0.00360684
TNB/BTC,1584022495902,2020-03-12T14:14:55.902Z,buy,1.8e-07,12000.0,0.00216
TNB/BTC,1584022496041,2020-03-12T14:14:56.041Z,buy,1.8e-07,49246.0,0.00886428
TNB/BTC,1584022496390,2020-03-12T14:14:56.390Z,buy,1.8e-07,29105.0,0.0052389
TNB/BTC,1584022496540,2020-03-12T14:14:56.540Z,buy,1.8e-07,16537.0,0.00297666
TNB/BTC,1584022496768,2020-03-12T14:14:56.768Z,buy,1.8e-07,20000.0,0.0036
TNB/BTC,1584022496931,2020-03-12T14:14:56.931Z,buy,1.8e-07,15000.0,0.0027
TNB/BTC,1584022496952,2020-03-12T14:14:56.952Z,buy,1.8e-07,12000.0,0.00216
TNB/BTC,1584022497078,2020-03-12T14:14:57.078Z,buy,1.8e-07,46561.0,0.00838098
TNB/BTC,1584022497091,2020-03-12T14:14:57.091Z,buy,1.8e-07,20000.0,0.0036
TNB/BTC,1584022497337,2020-03-12T14:14:57.337Z,buy,1.8e-07,34156.0,0.00614808
TNB/BTC,1584022497750,2020-03-12T14:14:57.750Z,buy,1.8e-07,9011.0,0.00162198
TNB/BTC,1584022497943,2020-03-12T14:14:57.943Z,buy,1.8e-07,56637.0,0.01019466
TNB/BTC,1584022497974,2020-03-12T14:14:57.974Z,buy,1.8e-07,47797.0,0.00860346
TNB/BTC,1584022497984,2020-03-12T14:14:57.984Z,buy,1.8e-07,20000.0,0.0036
TNB/BTC,1584022498047,2020-03-12T14:14:58.047Z,buy,1.8e-07,15000.0,0.0027
TNB/BTC,1584022498160,2020-03-12T14:14:58.160Z,buy,1.8e-07,12000.0,0.00216
TNB/BTC,1584022498284,2020-03-12T14:14:58.284Z,buy,1.8e-07,4000.0,0.0007199999999999
TNB/BTC,1584022499377,2020-03-12T14:14:59.377Z,buy,1.8e-07,48062.0,0.00865116
TNB/BTC,1584022499444,2020-03-12T14:14:59.444Z,buy,1.8e-07,20000.0,0.0036
TNB/BTC,1584022499752,2020-03-12T14:14:59.752Z,buy,1.8e-07,13405.0,0.0024129
TNB/BTC,1584022499828,2020-03-12T14:14:59.828Z,buy,1.8e-07,15000.0,0.0027
TNB/BTC,1584022500061,2020-03-12T14:15:00.061Z,buy,1.8e-07,20000.0,0.0036
TNB/BTC,1584022500380,2020-03-12T14:15:00.380Z,buy,1.8e-07,10919.0,0.00196542
TNB/BTC,1584022500688,2020-03-12T14:15:00.688Z,buy,1.8e-07,45004.0,0.00810072
TNB/BTC,1584022500756,2020-03-12T14:15:00.756Z,buy,1.8e-07,15000.0,0.0027
TNB/BTC,1584022500892,2020-03-12T14:15:00.892Z,buy,1.8e-07,20000.0,0.0036
TNB/BTC,1584022502032,2020-03-12T14:15:02.032Z,buy,1.8e-07,20031.0,0.00360558
TNB/BTC,1584022502288,2020-03-12T14:15:02.288Z,buy,1.8e-07,3857.0,0.00069426
TNB/BTC,1584022502449,2020-03-12T14:15:02.449Z,buy,1.8e-07,43580.0,0.0078444
TNB/BTC,1584022502460,2020-03-12T14:15:02.460Z,buy,1.8e-07,15000.0,0.0027
TNB/BTC,1584022502654,2020-03-12T14:15:02.654Z,buy,1.8e-07,64220.0,0.0115596
TNB/BTC,1584022502796,2020-03-12T14:15:02.796Z,buy,1.8e-07,9316.0,0.00167688
TNB/BTC,1584022502924,2020-03-12T14:15:02.924Z,buy,1.8e-07,20031.0,0.00360558
TNB/BTC,1584022503057,2020-03-12T14:15:03.057Z,buy,1.8e-07,20000.0,0.0036
TNB/BTC,1584022503414,2020-03-12T14:15:03.414Z,buy,1.8e-07,39684.0,0.00714312
TNB/BTC,1584022503448,2020-03-12T14:15:03.448Z,buy,1.8e-07,15000.0,0.0027
TNB/BTC,1584022503570,2020-03-12T14:15:03.570Z,buy,1.8e-07,5263.0,0.00094734
TNB/BTC,1584022504063,2020-03-12T14:15:04.063Z,buy,1.8e-07,20000.0,0.0036
TNB/BTC,1584022504064,2020-03-12T14:15:04.064Z,buy,1.8e-07,20000.0,0.0036
TNB/BTC,1584022504367,2020-03-12T14:15:04.367Z,buy,1.8e-07,4310.0,0.0007758
TNB/BTC,1584022504370,2020-03-12T14:15:04.370Z,buy,1.8e-07,36584.0,0.00658512
TNB/BTC,1584022504400,2020-03-12T14:15:04.400Z,buy,1.8e-07,64143.0,0.01154574
TNB/BTC,1584022504477,2020-03-12T14:15:04.477Z,buy,1.8e-07,15000.0,0.0027
TNB/BTC,1584022504690,2020-03-12T14:15:04.690Z,buy,1.8e-07,20000.0,0.0036
TNB/BTC,1584022505348,2020-03-12T14:15:05.348Z,buy,1.8e-07,64545.0,0.0116181
TNB/BTC,1584022505670,2020-03-12T14:15:05.670Z,buy,1.8e-07,15000.0,0.0027
TNB/BTC,1584022505808,2020-03-12T14:15:05.808Z,buy,1.8e-07,62387.0,0.01122966
TNB/BTC,1584022505995,2020-03-12T14:15:05.995Z,buy,1.8e-07,33796.0,0.00608328
TNB/BTC,1584022506122,2020-03-12T14:15:06.122Z,buy,1.8e-07,20000.0,0.0036
TNB/BTC,1584022506670,2020-03-12T14:15:06.670Z,buy,1.8e-07,20000.0,0.0036
TNB/BTC,1584022506691,2020-03-12T14:15:06.691Z,buy,1.8e-07,84919.0,0.01528542
TNB/BTC,1584022506704,2020-03-12T14:15:06.704Z,buy,1.8e-07,6400.0,0.001152
TNB/BTC,1584022506760,2020-03-12T14:15:06.760Z,buy,1.8e-07,20000.0,0.0036
TNB/BTC,1584022506816,2020-03-12T14:15:06.816Z,buy,1.8e-07,15000.0,0.0027
TNB/BTC,1584022506931,2020-03-12T14:15:06.931Z,buy,1.8e-07,67954.0,0.01223172
TNB/BTC,1584022506998,2020-03-12T14:15:06.998Z,buy,1.8e-07,23497.0,0.00422946
TNB/BTC,1584022508115,2020-03-12T14:15:08.115Z,buy,1.8e-07,20000.0,0.0036
TNB/BTC,1584022508227,2020-03-12T14:15:08.227Z,buy,1.8e-07,9981.0,0.0017965799999999
TNB/BTC,1584022508287,2020-03-12T14:15:08.287Z,buy,1.8e-07,20000.0,0.0036
TNB/BTC,1584022509389,2020-03-12T14:15:09.389Z,buy,1.8e-07,20000.0,0.0036
TNB/BTC,1584022509452,2020-03-12T14:15:09.452Z,buy,1.8e-07,20000.0,0.0036
TNB/BTC,1584022509689,2020-03-12T14:15:09.689Z,buy,1.8e-07,15556.0,0.00280008
TNB/BTC,1584022510528,2020-03-12T14:15:10.528Z,buy,1.8e-07,20000.0,0.0036
TNB/BTC,1584022511067,2020-03-12T14:15:11.067Z,buy,1.8e-07,20000.0,0.0036
TNB/BTC,1584022511136,2020-03-12T14:15:11.136Z,buy,1.8e-07,20000.0,0.0036
TNB/BTC,1584022511422,2020-03-12T14:15:11.422Z,buy,1.8e-07,9414.0,0.00169452
TNB/BTC,1584022511571,2020-03-12T14:15:11.571Z,buy,1.8e-07,20000.0,0.0036
TNB/BTC,1584022512011,2020-03-12T14:15:12.011Z,buy,1.8e-07,20000.0,0.0036
TNB/BTC,1584022513104,2020-03-12T14:15:13.104Z,buy,1.8e-07,20000.0,0.0036
TNB/BTC,1584022513333,2020-03-12T14:15:13.333Z,buy,1.8e-07,20000.0,0.0036
TNB/BTC,1584022513499,2020-03-12T14:15:13.499Z,buy,1.8e-07,20000.0,0.0036
TNB/BTC,1584022513715,2020-03-12T14:15:13.715Z,buy,1.8e-07,25664.0,0.00461952
TNB/BTC,1584022514428,2020-03-12T14:15:14.428Z,buy,1.8e-07,47813.0,0.00860634
TNB/BTC,1584022514576,2020-03-12T14:15:14.576Z,buy,1.8e-07,20000.0,0.0036
TNB/BTC,1584022514761,2020-03-12T14:15:14.761Z,buy,1.8e-07,22123.0,0.00398214
TNB/BTC,1584022514894,2020-03-12T14:15:14.894Z,buy,1.8e-07,20000.0,0.0036
TNB/BTC,1584022515082,2020-03-12T14:15:15.082Z,buy,1.8e-07,20028.0,0.00360504
TNB/BTC,1584022516293,2020-03-12T14:15:16.293Z,buy,1.8e-07,20029.0,0.00360522
TNB/BTC,1584022516396,2020-03-12T14:15:16.396Z,buy,1.8e-07,20000.0,0.0036
TNB/BTC,1584022516694,2020-03-12T14:15:16.694Z,buy,1.8e-07,18674.0,0.00336132
TNB/BTC,1584022516867,2020-03-12T14:15:16.867Z,buy,1.8e-07,77754.0,0.01399572
TNB/BTC,1584022517286,2020-03-12T14:15:17.286Z,buy,1.8e-07,20000.0,0.0036
TNB/BTC,1584022517415,2020-03-12T14:15:17.415Z,buy,1.8e-07,20000.0,0.0036
TNB/BTC,1584022517449,2020-03-12T14:15:17.449Z,buy,1.8e-07,20026.0,0.00360468
TNB/BTC,1584022517502,2020-03-12T14:15:17.502Z,buy,1.8e-07,7567.0,0.00136206
TNB/BTC,1584022517611,2020-03-12T14:15:17.611Z,buy,1.8e-07,56755.0,0.0102159
TNB/BTC,1584022517720,2020-03-12T14:15:17.720Z,buy,1.8e-07,14977.0,0.00269586
TNB/BTC,1584022518114,2020-03-12T14:15:18.114Z,buy,1.8e-07,15819.0,0.00284742
TNB/BTC,1584022518224,2020-03-12T14:15:18.224Z,buy,1.8e-07,51316.0,0.00923688
TNB/BTC,1584022518473,2020-03-12T14:15:18.473Z,buy,1.8e-07,20000.0,0.0036
TNB/BTC,1584022519033,2020-03-12T14:15:19.033Z,buy,1.8e-07,20000.0,0.0036
TNB/BTC,1584022519167,2020-03-12T14:15:19.167Z,buy,1.8e-07,20000.0,0.0036
TNB/BTC,1584022519294,2020-03-12T14:15:19.294Z,buy,1.8e-07,5116.0,0.00092088
TNB/BTC,1584022519516,2020-03-12T14:15:19.516Z,buy,1.8e-07,20000.0,0.0036
TNB/BTC,1584022519810,2020-03-12T14:15:19.810Z,buy,1.8e-07,47239.0,0.00850302
TNB/BTC,1584022520327,2020-03-12T14:15:20.327Z,buy,1.8e-07,45960.0,0.0082728
TNB/BTC,1584022520361,2020-03-12T14:15:20.361Z,buy,1.8e-07,20000.0,0.0036
TNB/BTC,1584022520560,2020-03-12T14:15:20.560Z,buy,1.8e-07,20000.0,0.0036
TNB/BTC,1584022520722,2020-03-12T14:15:20.722Z,buy,1.8e-07,70309.0,0.01265562
TNB/BTC,1584022520748,2020-03-12T14:15:20.748Z,buy,1.8e-07,3829.0,0.0006892199999999
TNB/BTC,1584022521155,2020-03-12T14:15:21.155Z,buy,1.8e-07,20000.0,0.0036
TNB/BTC,1584022522373,2020-03-12T14:15:22.373Z,buy,1.8e-07,20000.0,0.0036
TNB/BTC,1584022522651,2020-03-12T14:15:22.651Z,buy,1.8e-07,20000.0,0.0036
TNB/BTC,1584022522945,2020-03-12T14:15:22.945Z,buy,1.8e-07,17755.0,0.0031958999999999
TNB/BTC,1584022523162,2020-03-12T14:15:23.162Z,buy,1.8e-07,2774.0,0.00049932
TNB/BTC,1584022523440,2020-03-12T14:15:23.440Z,buy,1.8e-07,20000.0,0.0036
TNB/BTC,1584022524237,2020-03-12T14:15:24.237Z,buy,1.8e-07,19304.0,0.00347472
TNB/BTC,1584022524524,2020-03-12T14:15:24.524Z,buy,1.8e-07,20000.0,0.0036
TNB/BTC,1584022524845,2020-03-12T14:15:24.845Z,buy,1.8e-07,15020.0,0.0027036
TNB/BTC,1584022525661,2020-03-12T14:15:25.661Z,buy,1.8e-07,20000.0,0.0036
TNB/BTC,1584022525856,2020-03-12T14:15:25.856Z,buy,1.8e-07,19089.0,0.00343602
TNB/BTC,1584022526035,2020-03-12T14:15:26.035Z,buy,1.8e-07,20000.0,0.0036
TNB/BTC,1584022526231,2020-03-12T14:15:26.231Z,buy,1.8e-07,12425.0,0.0022364999999999
TNB/BTC,1584022526673,2020-03-12T14:15:26.673Z,buy,1.8e-07,18247.0,0.00328446
TNB/BTC,1584022526897,2020-03-12T14:15:26.897Z,buy,1.8e-07,4375.0,0.0007875
TNB/BTC,1584022526914,2020-03-12T14:15:26.914Z,buy,1.8e-07,20019.0,0.00360342
TNB/BTC,1584022527195,2020-03-12T14:15:27.195Z,buy,1.8e-07,14444.0,0.00259992
TNB/BTC,1584022527494,2020-03-12T14:15:27.494Z,buy,1.8e-07,2706.0,0.00048708
TNB/BTC,1584022527604,2020-03-12T14:15:27.604Z,buy,1.8e-07,34218.0,0.00615924
TNB/BTC,1584022527809,2020-03-12T14:15:27.809Z,buy,1.8e-07,20027.0,0.00360486
TNB/BTC,1584022527822,2020-03-12T14:15:27.822Z,buy,1.8e-07,9965.0,0.0017937
TNB/BTC,1584022528042,2020-03-12T14:15:28.042Z,buy,1.8e-07,2000.0,0.0003599999999999
TNB/BTC,1584022528272,2020-03-12T14:15:28.272Z,buy,1.8e-07,13564.0,0.00244152
TNB/BTC,1584022528744,2020-03-12T14:15:28.744Z,buy,1.8e-07,45175.0,0.0081315
TNB/BTC,1584022528961,2020-03-12T14:15:28.961Z,buy,1.8e-07,9749.0,0.00175482
TNB/BTC,1584022529079,2020-03-12T14:15:29.079Z,buy,1.8e-07,2003.0,0.00036054
TNB/BTC,1584022529285,2020-03-12T14:15:29.285Z,buy,1.8e-07,12858.0,0.00231444
TNB/BTC,1584022529398,2020-03-12T14:15:29.398Z,buy,1.8e-07,12000.0,0.00216
TNB/BTC,1584022530160,2020-03-12T14:15:30.160Z,buy,1.8e-07,49652.0,0.00893736
TNB/BTC,1584022530432,2020-03-12T14:15:30.432Z,buy,1.8e-07,11615.0,0.0020907
TNB/BTC,1584022530436,2020-03-12T14:15:30.436Z,buy,1.8e-07,9306.0,0.00167508
TNB/BTC,1584022530644,2020-03-12T14:15:30.644Z,buy,1.8e-07,13737.0,0.00247266
TNB/BTC,1584022530679,2020-03-12T14:15:30.679Z,buy,1.8e-07,2000.0,0.0003599999999999
TNB/BTC,1584022530753,2020-03-12T14:15:30.753Z,buy,1.8e-07,12000.0,0.00216
TNB/BTC,1584022531253,2020-03-12T14:15:31.253Z,buy,1.8e-07,49076.0,0.00883368
TNB/BTC,1584022531385,2020-03-12T14:15:31.385Z,buy,1.8e-07,8694.0,0.00156492
TNB/BTC,1584022531532,2020-03-12T14:15:31.532Z,buy,1.8e-07,11486.0,0.00206748
TNB/BTC,1584022531713,2020-03-12T14:15:31.713Z,buy,1.8e-07,2000.0,0.0003599999999999
TNB/BTC,1584022531852,2020-03-12T14:15:31.852Z,buy,1.8e-07,12000.0,0.00216
TNB/BTC,1584022531874,2020-03-12T14:15:31.874Z,buy,1.8e-07,11017.0,0.00198306
TNB/BTC,1584022532015,2020-03-12T14:15:32.015Z,buy,1.8e-07,31541.0,0.00567738
TNB/BTC,1584022532028,2020-03-12T14:15:32.028Z,buy,1.8e-07,2003.0,0.00036054
TNB/BTC,1584022532031,2020-03-12T14:15:32.031Z,buy,1.8e-07,20000.0,0.0036
TNB/BTC,1584022532130,2020-03-12T14:15:32.130Z,buy,1.8e-07,7823.0,0.00140814
TNB/BTC,1584022532170,2020-03-12T14:15:32.170Z,buy,1.8e-07,615.0,0.0001107
TNB/BTC,1584022532181,2020-03-12T14:15:32.181Z,buy,1.8e-07,55969.0,0.01007442
TNB/BTC,1584022532337,2020-03-12T14:15:32.337Z,buy,1.8e-07,2596.0,0.00046728
TNB/BTC,1584022532517,2020-03-12T14:15:32.517Z,buy,1.8e-07,7529.0,0.00135522
TNB/BTC,1584022532581,2020-03-12T14:15:32.581Z,buy,1.8e-07,10679.0,0.0019222199999999
TNB/BTC,1584022532958,2020-03-12T14:15:32.958Z,buy,1.8e-07,12000.0,0.00216
TNB/BTC,1584022532961,2020-03-12T14:15:32.961Z,buy,1.8e-07,7445.0,0.0013400999999999
TNB/BTC,1584022533086,2020-03-12T14:15:33.086Z,buy,1.8e-07,20000.0,0.0036
TNB/BTC,1584022533106,2020-03-12T14:15:33.106Z,buy,1.8e-07,20029.0,0.00360522
TNB/BTC,1584022533345,2020-03-12T14:15:33.345Z,buy,1.8e-07,68475.0,0.0123255
TNB/BTC,1584022533370,2020-03-12T14:15:33.370Z,buy,1.8e-07,9907.0,0.00178326
TNB/BTC,1584022533588,2020-03-12T14:15:33.588Z,buy,1.8e-07,22341.0,0.00402138
TNB/BTC,1584022534242,2020-03-12T14:15:34.242Z,buy,1.8e-07,4237.0,0.00076266
TNB/BTC,1584022534431,2020-03-12T14:15:34.431Z,buy,1.8e-07,6936.0,0.00124848
TNB/BTC,1584022534441,2020-03-12T14:15:34.441Z,buy,1.8e-07,31250.0,0.005625
TNB/BTC,1584022534580,2020-03-12T14:15:34.580Z,buy,1.8e-07,68394.0,0.01231092
TNB/BTC,1584022534605,2020-03-12T14:15:34.605Z,buy,1.8e-07,12000.0,0.00216
TNB/BTC,1584022534729,2020-03-12T14:15:34.729Z,buy,1.8e-07,9417.0,0.00169506
TNB/BTC,1584022534801,2020-03-12T14:15:34.801Z,buy,1.8e-07,20029.0,0.00360522
TNB/BTC,1584022534860,2020-03-12T14:15:34.860Z,buy,1.8e-07,65570.0,0.0118026
TNB/BTC,1584022535479,2020-03-12T14:15:35.479Z,buy,1.8e-07,6484.0,0.00116712
TNB/BTC,1584022535617,2020-03-12T14:15:35.617Z,buy,1.8e-07,65283.0,0.01175094
TNB/BTC,1584022535825,2020-03-12T14:15:35.825Z,buy,1.8e-07,8702.0,0.00156636
TNB/BTC,1584022535837,2020-03-12T14:15:35.837Z,buy,1.8e-07,12000.0,0.00216
TNB/BTC,1584022536073,2020-03-12T14:15:36.073Z,buy,1.8e-07,20000.0,0.0036
TNB/BTC,1584022536497,2020-03-12T14:15:36.497Z,buy,1.8e-07,62119.0,0.01118142
TNB/BTC,1584022536770,2020-03-12T14:15:36.770Z,buy,1.8e-07,8116.0,0.00146088
TNB/BTC,1584022536921,2020-03-12T14:15:36.921Z,buy,1.8e-07,12000.0,0.00216
TNB/BTC,1584022537156,2020-03-12T14:15:37.156Z,buy,1.8e-07,20022.0,0.00360396
TNB/BTC,1584022537406,2020-03-12T14:15:37.406Z,buy,1.8e-07,6318.0,0.00113724
TNB/BTC,1584022537454,2020-03-12T14:15:37.454Z,buy,1.8e-07,3048.0,0.00054864
TNB/BTC,1584022537521,2020-03-12T14:15:37.521Z,buy,1.8e-07,15000.0,0.0027
TNB/BTC,1584022537714,2020-03-12T14:15:37.714Z,buy,1.8e-07,25551.0,0.00459918
TNB/BTC,1584022537796,2020-03-12T14:15:37.796Z,buy,1.8e-07,7161.0,0.00128898
TNB/BTC,1584022537911,2020-03-12T14:15:37.911Z,buy,1.8e-07,31250.0,0.005625
TNB/BTC,1584022537919,2020-03-12T14:15:37.919Z,buy,1.8e-07,12000.0,0.00216
TNB/BTC,1584022538095,2020-03-12T14:15:38.095Z,buy,1.8e-07,20023.0,0.00360414
TNB/BTC,1584022538268,2020-03-12T14:15:38.268Z,buy,1.8e-07,79462.0,0.01430316
TNB/BTC,1584022538578,2020-03-12T14:15:38.578Z,buy,1.8e-07,15000.0,0.0027
TNB/BTC,1584022538963,2020-03-12T14:15:38.963Z,buy,1.8e-07,6724.0,0.00121032
TNB/BTC,1584022539084,2020-03-12T14:15:39.084Z,buy,1.8e-07,12000.0,0.00216
TNB/BTC,1584022539337,2020-03-12T14:15:39.337Z,buy,1.8e-07,20021.0,0.00360378
TNB/BTC,1584022539650,2020-03-12T14:15:39.650Z,buy,1.8e-07,15000.0,0.0027
TNB/BTC,1584022539676,2020-03-12T14:15:39.676Z,buy,1.8e-07,90340.0,0.0162612
TNB/BTC,1584022539763,2020-03-12T14:15:39.763Z,buy,1.8e-07,51954.0,0.0093517199999999
TNB/BTC,1584022539972,2020-03-12T14:15:39.972Z,buy,1.8e-07,6325.0,0.0011385
TNB/BTC,1584022540120,2020-03-12T14:15:40.120Z,buy,1.8e-07,12000.0,0.00216
TNB/BTC,1584022540129,2020-03-12T14:15:40.129Z,buy,1.8e-07,50704.0,0.00912672
TNB/BTC,1584022540189,2020-03-12T14:15:40.189Z,buy,1.8e-07,8928.0,0.00160704
TNB/BTC,1584022540243,2020-03-12T14:15:40.243Z,buy,1.8e-07,11202.0,0.00201636
TNB/BTC,1584022540246,2020-03-12T14:15:40.246Z,buy,1.8e-07,8400.0,0.0015119999999999
TNB/BTC,1584022540246,2020-03-12T14:15:40.246Z,buy,1.8e-07,6502.0,0.00117036
TNB/BTC,1584022540247,2020-03-12T14:15:40.247Z,buy,1.8e-07,35825.0,0.0064485
TNB/BTC,1584022540324,2020-03-12T14:15:40.324Z,buy,1.8e-07,36700.0,0.006606
TNB/BTC,1584022540359,2020-03-12T14:15:40.359Z,buy,1.8e-07,2684.0,0.0004831199999999
TNB/BTC,1584022540468,2020-03-12T14:15:40.468Z,buy,1.8e-07,31250.0,0.005625
TNB/BTC,1584022540645,2020-03-12T14:15:40.645Z,buy,1.8e-07,15000.0,0.0027
TNB/BTC,1584022541201,2020-03-12T14:15:41.201Z,buy,1.8e-07,83800.0,0.015084
TNB/BTC,1584022541509,2020-03-12T14:15:41.509Z,buy,1.8e-07,12000.0,0.00216
TNB/BTC,1584022541784,2020-03-12T14:15:41.784Z,buy,1.8e-07,15000.0,0.0027
TNB/BTC,1584022542008,2020-03-12T14:15:42.008Z,buy,1.8e-07,6150.0,0.001107
TNB/BTC,1584022543038,2020-03-12T14:15:43.038Z,buy,1.8e-07,92354.0,0.0166237199999999
TNB/BTC,1584022543298,2020-03-12T14:15:43.298Z,buy,1.8e-07,12000.0,0.00216
TNB/BTC,1584022543349,2020-03-12T14:15:43.349Z,buy,1.8e-07,15000.0,0.0027
TNB/BTC,1584022543896,2020-03-12T14:15:43.896Z,buy,1.8e-07,5263.0,0.00094734
TNB/BTC,1584022544099,2020-03-12T14:15:44.099Z,buy,1.8e-07,5263.0,0.00094734
TNB/BTC,1584022544448,2020-03-12T14:15:44.448Z,buy,1.8e-07,15000.0,0.0027
TNB/BTC,1584022544486,2020-03-12T14:15:44.486Z,buy,1.8e-07,12000.0,0.00216
TNB/BTC,1584022544623,2020-03-12T14:15:44.623Z,buy,1.8e-07,2000.0,0.0003599999999999
TNB/BTC,1584022544868,2020-03-12T14:15:44.868Z,buy,1.8e-07,98312.0,0.01769616
TNB/BTC,1584022545353,2020-03-12T14:15:45.353Z,buy,1.8e-07,1427553.0,0.25695954
TNB/BTC,1584022578303,2020-03-12T14:16:18.303Z,sell,1.8e-07,197018.0,0.03546324
TNB/BTC,1584022660717,2020-03-12T14:17:40.717Z,sell,1.8e-07,288632.0,0.05195376
TNB/BTC,1584022660733,2020-03-12T14:17:40.733Z,buy,1.8e-07,8400.0,0.0015119999999999
TNB/BTC,1584022716865,2020-03-12T14:18:36.865Z,buy,1.8e-07,54255.0,0.0097659
TNB/BTC,1584022721945,2020-03-12T14:18:41.945Z,buy,1.8e-07,1296.0,0.00023328
TNB/BTC,1584022797564,2020-03-12T14:19:57.564Z,sell,1.7e-07,5550.0,0.0009434999999999
TNB/BTC,1584022797564,2020-03-12T14:19:57.564Z,sell,1.7e-07,5550.0,0.0009434999999999
TNB/BTC,1584023040069,2020-03-12T14:24:00.069Z,buy,1.8e-07,560000.0,0.1008
TNB/BTC,1584023047936,2020-03-12T14:24:07.936Z,buy,1.8e-07,1456671.0,0.26220078
TNB/BTC,1584023048122,2020-03-12T14:24:08.122Z,sell,1.8e-07,913.0,0.00016434
TNB/BTC,1584023048755,2020-03-12T14:24:08.755Z,sell,1.8e-07,61175.0,0.0110115
TNB/BTC,1584023052302,2020-03-12T14:24:12.302Z,buy,1.8e-07,10672.0,0.00192096
TNB/BTC,1584023264166,2020-03-12T14:27:44.166Z,buy,1.8e-07,149221.0,0.02685978
TNB/BTC,1584023282982,2020-03-12T14:28:02.982Z,sell,1.8e-07,126191.0,0.02271438
TNB/BTC,1584023285205,2020-03-12T14:28:05.205Z,sell,1.8e-07,76983.0,0.01385694
TNB/BTC,1584023498099,2020-03-12T14:31:38.099Z,buy,1.8e-07,20000.0,0.0036
TNB/BTC,1584023572060,2020-03-12T14:32:52.060Z,sell,1.7e-07,2326.0,0.0003954199999999
TNB/BTC,1584023602916,2020-03-12T14:33:22.916Z,buy,1.8e-07,24098.0,0.00433764
TNB/BTC,1584023604326,2020-03-12T14:33:24.326Z,buy,1.8e-07,9488.0,0.00170784
TNB/BTC,1584023782664,2020-03-12T14:36:22.664Z,sell,1.7e-07,136519.0,0.02320823
TNB/BTC,1584023850643,2020-03-12T14:37:30.643Z,buy,1.8e-07,2472.0,0.00044496
TNB/BTC,1584024403643,2020-03-12T14:46:43.643Z,buy,1.8e-07,589.0,0.00010602
TNB/BTC,1584024430425,2020-03-12T14:47:10.425Z,buy,1.8e-07,187312.0,0.03371616
TNB/BTC,1584024500984,2020-03-12T14:48:20.984Z,buy,1.8e-07,52426.0,0.00943668
TNB/BTC,1584024500996,2020-03-12T14:48:20.996Z,sell,1.8e-07,9684.0,0.00174312
TNB/BTC,1584024502335,2020-03-12T14:48:22.335Z,sell,1.8e-07,37029.0,0.0066652199999999
TNB/BTC,1584025354127,2020-03-12T15:02:34.127Z,sell,1.7e-07,4206.0,0.0007150199999999
TNB/BTC,1584025585593,2020-03-12T15:06:25.593Z,sell,1.7e-07,123881.0,0.02105977
TNB/BTC,1584026260724,2020-03-12T15:17:40.724Z,buy,1.8e-07,55051.0,0.00990918
TNB/BTC,1584026335400,2020-03-12T15:18:55.400Z,sell,1.8e-07,36701.0,0.00660618
TNB/BTC,1584026388079,2020-03-12T15:19:48.079Z,buy,1.8e-07,55051.0,0.00990918
TNB/BTC,1584026389974,2020-03-12T15:19:49.974Z,sell,1.8e-07,152314.0,0.02741652
TNB/BTC,1584026391763,2020-03-12T15:19:51.763Z,sell,1.8e-07,84504.0,0.01521072
TNB/BTC,1584026393583,2020-03-12T15:19:53.583Z,sell,1.8e-07,68940.0,0.0124092
TNB/BTC,1584026395036,2020-03-12T15:19:55.036Z,sell,1.8e-07,66146.0,0.01190628
TNB/BTC,1584026395657,2020-03-12T15:19:55.657Z,sell,1.8e-07,55893.0,0.01006074
TNB/BTC,1584026396466,2020-03-12T15:19:56.466Z,sell,1.8e-07,55805.0,0.0100449
TNB/BTC,1584026397247,2020-03-12T15:19:57.247Z,sell,1.8e-07,49115.0,0.0088407
TNB/BTC,1584026397247,2020-03-12T15:19:57.247Z,sell,1.8e-07,49115.0,0.0088407
TNB/BTC,1584026398057,2020-03-12T15:19:58.057Z,sell,1.8e-07,47225.0,0.0085005
TNB/BTC,1584026655816,2020-03-12T15:24:15.816Z,sell,1.8e-07,490309.0,0.0882556199999999
TNB/BTC,1584027323000,2020-03-12T15:35:23.000Z,sell,1.8e-07,1051578.0,0.18928404
TNB/BTC,1584027387353,2020-03-12T15:36:27.353Z,sell,1.8e-07,182810.0,0.0329058
TNB/BTC,1584027394937,2020-03-12T15:36:34.937Z,sell,1.8e-07,228714.0,0.04116852
TNB/BTC,1584027394939,2020-03-12T15:36:34.939Z,sell,1.8e-07,10690.0,0.0019242
TNB/BTC,1584027394941,2020-03-12T15:36:34.941Z,sell,1.8e-07,92006.0,0.01656108
TNB/BTC,1584027640778,2020-03-12T15:40:40.778Z,buy,1.9e-07,527.0,0.00010013
TNB/BTC,1584028457564,2020-03-12T15:54:17.564Z,buy,1.9e-07,47108.0,0.00895052
TNB/BTC,1584028631263,2020-03-12T15:57:11.263Z,sell,1.8e-07,1944.0,0.00034992
TNB/BTC,1584028678717,2020-03-12T15:57:58.717Z,buy,1.9e-07,2000.0,0.00038
TNB/BTC,1584029405433,2020-03-12T16:10:05.433Z,sell,1.8e-07,51485.0,0.0092673
TNB/BTC,1584029408293,2020-03-12T16:10:08.293Z,sell,1.8e-07,45491.0,0.00818838
TNB/BTC,1584029409885,2020-03-12T16:10:09.885Z,sell,1.8e-07,51195.0,0.0092151
TNB/BTC,1584029410533,2020-03-12T16:10:10.533Z,sell,1.8e-07,56362.0,0.01014516
TNB/BTC,1584029411944,2020-03-12T16:10:11.944Z,sell,1.8e-07,70074.0,0.0126133199999999
TNB/BTC,1584029413236,2020-03-12T16:10:13.236Z,sell,1.8e-07,64641.0,0.0116353799999999
TNB/BTC,1584029414303,2020-03-12T16:10:14.303Z,sell,1.8e-07,92215.0,0.0165987
TNB/BTC,1584029415593,2020-03-12T16:10:15.593Z,sell,1.8e-07,51896.0,0.00934128
TNB/BTC,1584029417106,2020-03-12T16:10:17.106Z,sell,1.8e-07,63885.0,0.0114993
TNB/BTC,1584029418546,2020-03-12T16:10:18.546Z,sell,1.8e-07,66836.0,0.01203048
TNB/BTC,1584029419310,2020-03-12T16:10:19.310Z,sell,1.8e-07,74392.0,0.01339056
TNB/BTC,1584029420519,2020-03-12T16:10:20.519Z,sell,1.8e-07,81560.0,0.0146807999999999
TNB/BTC,1584029422218,2020-03-12T16:10:22.218Z,sell,1.8e-07,91359.0,0.01644462
TNB/BTC,1584029431270,2020-03-12T16:10:31.270Z,sell,1.8e-07,53323.0,0.00959814
TNB/BTC,1584029704854,2020-03-12T16:15:04.854Z,sell,1.8e-07,495724.0,0.08923032
TNB/BTC,1584029704854,2020-03-12T16:15:04.854Z,sell,1.8e-07,495724.0,0.08923032
TNB/BTC,1584030682531,2020-03-12T16:31:22.531Z,buy,1.9e-07,477.0,9.063e-05
TNB/BTC,1584031303663,2020-03-12T16:41:43.663Z,sell,1.8e-07,2572.0,0.00046296
TNB/BTC,1584032707872,2020-03-12T17:05:07.872Z,sell,1.8e-07,2886.0,0.00051948
TNB/BTC,1584033150313,2020-03-12T17:12:30.313Z,buy,1.9e-07,4030.0,0.0007657
TNB/BTC,1584033150313,2020-03-12T17:12:30.313Z,buy,1.9e-07,4030.0,0.0007657
TNB/BTC,1584033394655,2020-03-12T17:16:34.655Z,buy,1.9e-07,155000.0,0.02945
TNB/BTC,1584033423341,2020-03-12T17:17:03.341Z,buy,1.9e-07,215524.0,0.04094956
TNB/BTC,1584033969258,2020-03-12T17:26:09.258Z,buy,1.9e-07,532.0,0.00010108
TNB/BTC,1584034680066,2020-03-12T17:38:00.066Z,sell,1.8e-07,901.0,0.00016218
TNB/BTC,1584034742092,2020-03-12T17:39:02.092Z,sell,1.8e-07,445131.0,0.08012358
TNB/BTC,1584034784587,2020-03-12T17:39:44.587Z,sell,1.8e-07,2070281.0,0.37265058
TNB/BTC,1584034784606,2020-03-12T17:39:44.606Z,buy,1.8e-07,153283.0,0.02759094
TNB/BTC,1584034784620,2020-03-12T17:39:44.620Z,buy,1.8e-07,4973.0,0.00089514
TNB/BTC,1584034784647,2020-03-12T17:39:44.647Z,buy,1.8e-07,36700.0,0.006606
TNB/BTC,1584034787499,2020-03-12T17:39:47.499Z,buy,1.8e-07,612.0,0.00011016
TNB/BTC,1584034789755,2020-03-12T17:39:49.755Z,buy,1.8e-07,5443.0,0.00097974
TNB/BTC,1584034804904,2020-03-12T17:40:04.904Z,buy,1.8e-07,5446.0,0.00098028
TNB/BTC,1584034819773,2020-03-12T17:40:19.773Z,buy,1.8e-07,5446.0,0.00098028
TNB/BTC,1584034936006,2020-03-12T17:42:16.006Z,buy,1.8e-07,1089514.0,0.1961125199999999
TNB/BTC,1584034940973,2020-03-12T17:42:20.973Z,buy,1.8e-07,673.0,0.00012114
TNB/BTC,1584035447106,2020-03-12T17:50:47.106Z,buy,1.8e-07,30769.0,0.00553842
TNB/BTC,1584035483098,2020-03-12T17:51:23.098Z,buy,1.8e-07,85608.0,0.01540944
TNB/BTC,1584035496185,2020-03-12T17:51:36.185Z,buy,1.8e-07,77048.0,0.01386864
TNB/BTC,1584035516946,2020-03-12T17:51:56.946Z,buy,1.8e-07,32051.0,0.00576918
TNB/BTC,1584035547530,2020-03-12T17:52:27.530Z,buy,1.8e-07,29487.0,0.00530766
TNB/BTC,1584036520412,2020-03-12T18:08:40.412Z,buy,1.8e-07,4968.0,0.00089424
TNB/BTC,1584036635197,2020-03-12T18:10:35.197Z,buy,1.8e-07,86532.0,0.01557576
TNB/BTC,1584036640783,2020-03-12T18:10:40.783Z,buy,1.8e-07,31646.0,0.00569628
TNB/BTC,1584036646134,2020-03-12T18:10:46.134Z,buy,1.8e-07,54213.0,0.0097583399999999
TNB/BTC,1584036652202,2020-03-12T18:10:52.202Z,buy,1.8e-07,87542.0,0.01575756
TNB/BTC,1584036661227,2020-03-12T18:11:01.227Z,buy,1.8e-07,54213.0,0.0097583399999999
TNB/BTC,1584036667571,2020-03-12T18:11:07.571Z,buy,1.8e-07,42134.0,0.00758412
TNB/BTC,1584036677783,2020-03-12T18:11:17.783Z,buy,1.8e-07,64512.0,0.01161216
TNB/BTC,1584036684681,2020-03-12T18:11:24.681Z,buy,1.8e-07,90138.0,0.01622484
TNB/BTC,1584036684681,2020-03-12T18:11:24.681Z,buy,1.8e-07,90138.0,0.01622484
TNB/BTC,1584036796519,2020-03-12T18:13:16.519Z,buy,1.8e-07,2000.0,0.0003599999999999
TNB/BTC,1584037142494,2020-03-12T18:19:02.494Z,buy,1.8e-07,556111.0,0.10009998
TNB/BTC,1584037593295,2020-03-12T18:26:33.295Z,sell,1.7e-07,10323.0,0.00175491
TNB/BTC,1584037593295,2020-03-12T18:26:33.295Z,sell,1.7e-07,47060.0,0.0080001999999999
TNB/BTC,1584037597876,2020-03-12T18:26:37.876Z,buy,1.8e-07,6111.0,0.00109998
TNB/BTC,1584037897462,2020-03-12T18:31:37.462Z,buy,1.8e-07,2000.0,0.0003599999999999
TNB/BTC,1584037899290,2020-03-12T18:31:39.290Z,buy,1.8e-07,2000.0,0.0003599999999999
TNB/BTC,1584037984734,2020-03-12T18:33:04.734Z,buy,1.8e-07,48388.0,0.00870984
TNB/BTC,1584038050591,2020-03-12T18:34:10.591Z,buy,1.8e-07,12857.0,0.00231426
TNB/BTC,1584038238314,2020-03-12T18:37:18.314Z,buy,1.8e-07,36509.0,0.00657162
TNB/BTC,1584039273795,2020-03-12T18:54:33.795Z,buy,1.8e-07,5361.0,0.0009649799999999
TNB/BTC,1584039628297,2020-03-12T19:00:28.297Z,buy,1.8e-07,53333.0,0.00959994
TNB/BTC,1584039628574,2020-03-12T19:00:28.574Z,sell,1.8e-07,6851.0,0.00123318
TNB/BTC,1584039628588,2020-03-12T19:00:28.588Z,sell,1.8e-07,59855.0,0.0107739
TNB/BTC,1584039628613,2020-03-12T19:00:28.613Z,sell,1.8e-07,6695.0,0.0012051
TNB/BTC,1584039774361,2020-03-12T19:02:54.361Z,buy,1.8e-07,10000.0,0.0018
TNB/BTC,1584040239327,2020-03-12T19:10:39.327Z,buy,1.8e-07,84001.0,0.01512018
TNB/BTC,1584040284617,2020-03-12T19:11:24.617Z,buy,1.8e-07,5428.0,0.00097704
TNB/BTC,1584040284617,2020-03-12T19:11:24.617Z,buy,1.8e-07,5428.0,0.00097704
TNB/BTC,1584040446782,2020-03-12T19:14:06.782Z,buy,1.8e-07,37352.0,0.00672336
TNB/BTC,1584040520687,2020-03-12T19:15:20.687Z,buy,1.8e-07,1357.0,0.00024426
TNB/BTC,1584040931834,2020-03-12T19:22:11.834Z,buy,1.8e-07,5434.0,0.00097812
TNB/BTC,1584041236836,2020-03-12T19:27:16.836Z,buy,1.8e-07,20000.0,0.0036
TNB/BTC,1584041257453,2020-03-12T19:27:37.453Z,buy,1.8e-07,87762.0,0.01579716
TNB/BTC,1584041257466,2020-03-12T19:27:37.466Z,sell,1.8e-07,33033.0,0.00594594
TNB/BTC,1584041261951,2020-03-12T19:27:41.951Z,sell,1.8e-07,46608.0,0.00838944
TNB/BTC,1584042234366,2020-03-12T19:43:54.366Z,sell,1.8e-07,40368.0,0.00726624
TNB/BTC,1584042260810,2020-03-12T19:44:20.810Z,buy,1.8e-07,5434.0,0.00097812
TNB/BTC,1584042275838,2020-03-12T19:44:35.838Z,buy,1.8e-07,5422.0,0.00097596
TNB/BTC,1584042290840,2020-03-12T19:44:50.840Z,buy,1.8e-07,5420.0,0.0009756
TNB/BTC,1584042305855,2020-03-12T19:45:05.855Z,buy,1.8e-07,3865.0,0.0006956999999999
TNB/BTC,1584042577552,2020-03-12T19:49:37.552Z,buy,1.8e-07,780.0,0.0001404
TNB/BTC,1584042792675,2020-03-12T19:53:12.675Z,buy,1.8e-07,5411.0,0.0009739799999999
TNB/BTC,1584042792675,2020-03-12T19:53:12.675Z,buy,1.8e-07,5411.0,0.0009739799999999
TNB/BTC,1584044355357,2020-03-12T20:19:15.357Z,buy,1.8e-07,123449.0,0.02222082
TNB/BTC,1584044587648,2020-03-12T20:23:07.648Z,buy,1.8e-07,68540.0,0.0123372
TNB/BTC,1584044734566,2020-03-12T20:25:34.566Z,sell,1.8e-07,369113.0,0.06644034
TNB/BTC,1584044734566,2020-03-12T20:25:34.566Z,sell,1.7e-07,2544747.0,0.4326069899999999
TNB/BTC,1584044738171,2020-03-12T20:25:38.171Z,sell,1.7e-07,6111.0,0.00103887
TNB/BTC,1584045437208,2020-03-12T20:37:17.208Z,buy,1.8e-07,36818.0,0.0066272399999999
TNB/BTC,1584045599960,2020-03-12T20:39:59.960Z,buy,1.8e-07,3565.0,0.0006417
TNB/BTC,1584046259583,2020-03-12T20:50:59.583Z,buy,1.8e-07,5420.0,0.0009756
TNB/BTC,1584046304600,2020-03-12T20:51:44.600Z,buy,1.8e-07,5414.0,0.00097452
TNB/BTC,1584046319609,2020-03-12T20:51:59.609Z,buy,1.8e-07,5414.0,0.00097452
TNB/BTC,1584046334628,2020-03-12T20:52:14.628Z,buy,1.8e-07,5414.0,0.00097452
TNB/BTC,1584046349738,2020-03-12T20:52:29.738Z,buy,1.8e-07,5414.0,0.00097452
TNB/BTC,1584046349738,2020-03-12T20:52:29.738Z,buy,1.8e-07,5414.0,0.00097452
TNB/BTC,1584046502810,2020-03-12T20:55:02.810Z,sell,1.7e-07,46536.0,0.0079111199999999
TNB/BTC,1584047172382,2020-03-12T21:06:12.382Z,buy,1.8e-07,12568.0,0.00226224
TNB/BTC,1584047763713,2020-03-12T21:16:03.713Z,sell,1.7e-07,47724.0,0.00811308
TNB/BTC,1584047951321,2020-03-12T21:19:11.321Z,buy,1.8e-07,5434.0,0.00097812
TNB/BTC,1584048489054,2020-03-12T21:28:09.054Z,sell,1.7e-07,12568.0,0.00213656
TNB/BTC,1584049176276,2020-03-12T21:39:36.276Z,buy,1.8e-07,5405.0,0.0009729
TNB/BTC,1584049176276,2020-03-12T21:39:36.276Z,buy,1.8e-07,5405.0,0.0009729
TNB/BTC,1584050398731,2020-03-12T21:59:58.731Z,sell,1.7e-07,8591579.0,1.46056843
TNB/BTC,1584050399552,2020-03-12T21:59:59.552Z,sell,1.7e-07,11754.0,0.00199818
TNB/BTC,1584050400301,2020-03-12T22:00:00.301Z,sell,1.7e-07,4090.0,0.0006952999999999
TNB/BTC,1584050401302,2020-03-12T22:00:01.302Z,sell,1.7e-07,11100.0,0.0018869999999999
TNB/BTC,1584050401809,2020-03-12T22:00:01.809Z,sell,1.7e-07,4207.0,0.00071519
TNB/BTC,1584050406313,2020-03-12T22:00:06.313Z,sell,1.7e-07,11736.0,0.00199512
TNB/BTC,1584050407070,2020-03-12T22:00:07.070Z,sell,1.7e-07,7986.0,0.00135762
TNB/BTC,1584050407315,2020-03-12T22:00:07.315Z,sell,1.7e-07,9245.0,0.00157165
TNB/BTC,1584050469653,2020-03-12T22:01:09.653Z,sell,1.7e-07,61464.0,0.0104488799999999
TNB/BTC,1584050469669,2020-03-12T22:01:09.669Z,buy,1.7e-07,13396.0,0.0022773199999999
TNB/BTC,1584050469682,2020-03-12T22:01:09.682Z,buy,1.7e-07,13396.0,0.0022773199999999
TNB/BTC,1584050470136,2020-03-12T22:01:10.136Z,buy,1.7e-07,65358.0,0.0111108599999999
TNB/BTC,1584050470238,2020-03-12T22:01:10.238Z,buy,1.7e-07,2082.0,0.0003539399999999
TNB/BTC,1584050471279,2020-03-12T22:01:11.279Z,buy,1.7e-07,2450.0,0.0004165
TNB/BTC,1584050471326,2020-03-12T22:01:11.326Z,buy,1.7e-07,314628.0,0.0534867599999999
TNB/BTC,1584050471362,2020-03-12T22:01:11.362Z,buy,1.7e-07,133264.0,0.02265488
TNB/BTC,1584050472052,2020-03-12T22:01:12.052Z,buy,1.7e-07,14482.0,0.0024619399999999
TNB/BTC,1584050477278,2020-03-12T22:01:17.278Z,sell,1.7e-07,36701.0,0.00623917
TNB/BTC,1584050478856,2020-03-12T22:01:18.856Z,buy,1.7e-07,168659.0,0.0286720299999999
TNB/BTC,1584050589976,2020-03-12T22:03:09.976Z,buy,1.8e-07,3177.0,0.00057186
TNB/BTC,1584050777326,2020-03-12T22:06:17.326Z,sell,1.7e-07,133131.0,0.02263227
TNB/BTC,1584051121987,2020-03-12T22:12:01.987Z,sell,1.7e-07,90818.0,0.01543906
TNB/BTC,1584051453636,2020-03-12T22:17:33.636Z,sell,1.7e-07,18202.0,0.0030943399999999
TNB/BTC,1584051460986,2020-03-12T22:17:40.986Z,sell,1.7e-07,10285.0,0.00174845
TNB/BTC,1584051828705,2020-03-12T22:23:48.705Z,buy,1.8e-07,5446.0,0.00098028
TNB/BTC,1584052215681,2020-03-12T22:30:15.681Z,sell,1.7e-07,4660.0,0.0007922
TNB/BTC,1584052215681,2020-03-12T22:30:15.681Z,sell,1.7e-07,4660.0,0.0007922
TNB/BTC,1584054752030,2020-03-12T23:12:32.030Z,buy,1.8e-07,5392.0,0.00097056
TNB/BTC,1584054753426,2020-03-12T23:12:33.426Z,buy,1.8e-07,11458.0,0.00206244
TNB/BTC,1584054756138,2020-03-12T23:12:36.138Z,sell,1.7e-07,366460.0,0.0622982
TNB/BTC,1584055013366,2020-03-12T23:16:53.366Z,sell,1.7e-07,9129.0,0.00155193
TNB/BTC,1584055721206,2020-03-12T23:28:41.206Z,sell,1.7e-07,888904.0,0.15111368
TNB/BTC,1584055771416,2020-03-12T23:29:31.416Z,sell,1.7e-07,666679.0,0.1133354299999999
TNB/BTC,1584055771416,2020-03-12T23:29:31.416Z,sell,1.7e-07,666679.0,0.1133354299999999
TNB/BTC,1584055835152,2020-03-12T23:30:35.152Z,buy,1.8e-07,2275.0,0.0004095
TNB/BTC,1584055880919,2020-03-12T23:31:20.919Z,sell,1.7e-07,14985.0,0.0025474499999999
TNB/BTC,1584055906798,2020-03-12T23:31:46.798Z,sell,1.7e-07,83000.0,0.01411
TNB/BTC,1584055922470,2020-03-12T23:32:02.470Z,sell,1.7e-07,66198.0,0.0112536599999999
TNB/BTC,1584055952404,2020-03-12T23:32:32.404Z,sell,1.7e-07,750358.0,0.12756086
TNB/BTC,1584056175844,2020-03-12T23:36:15.844Z,buy,1.8e-07,26012.0,0.00468216
TNB/BTC,1584056212339,2020-03-12T23:36:52.339Z,buy,1.8e-07,5705.0,0.0010269
TNB/BTC,1584056264376,2020-03-12T23:37:44.376Z,buy,1.8e-07,12467.0,0.00224406
TNB/BTC,1584056269858,2020-03-12T23:37:49.858Z,buy,1.8e-07,49174.0,0.00885132
TNB/BTC,1584056807527,2020-03-12T23:46:47.527Z,sell,1.7e-07,13828.0,0.00235076
TNB/BTC,1584056975577,2020-03-12T23:49:35.577Z,sell,1.7e-07,79936.0,0.01358912
TNB/BTC,1584057049871,2020-03-12T23:50:49.871Z,sell,1.7e-07,866.0,0.00014722
TNB/BTC,1584057062198,2020-03-12T23:51:02.198Z,sell,1.7e-07,602898.0,0.1024926599999999
TNB/BTC,1584057062218,2020-03-12T23:51:02.218Z,buy,1.7e-07,101142.0,0.01719414
TNB/BTC,1584057062218,2020-03-12T23:51:02.218Z,buy,1.7e-07,72494.0,0.0123239799999999
