symbol,timestamp,datetime,side,price,amount,btc_volume
VIA/BTC,1564934689923,2019-08-04T16:04:49.923Z,sell,2.78e-05,572.48,0.015914944
VIA/BTC,1564934852094,2019-08-04T16:07:32.094Z,sell,2.78e-05,2407.81,0.066937118
VIA/BTC,1564934853264,2019-08-04T16:07:33.264Z,sell,2.77e-05,11.41,0.000316057
VIA/BTC,1564934915132,2019-08-04T16:08:35.132Z,sell,2.76e-05,4.91,0.000135516
VIA/BTC,1564934915393,2019-08-04T16:08:35.393Z,buy,2.76e-05,700.0,0.01932
VIA/BTC,1564934929314,2019-08-04T16:08:49.314Z,buy,2.76e-05,7.21,0.000198996
VIA/BTC,1564934929314,2019-08-04T16:08:49.314Z,buy,2.77e-05,147.07,0.004073839
VIA/BTC,1564934929684,2019-08-04T16:08:49.684Z,sell,2.77e-05,94.3,0.00261211
VIA/BTC,1564935151238,2019-08-04T16:12:31.238Z,sell,2.76e-05,21.48,0.000592848
VIA/BTC,1564936348160,2019-08-04T16:32:28.160Z,sell,2.76e-05,445.66,0.012300216
VIA/BTC,1564936348773,2019-08-04T16:32:28.773Z,buy,2.77e-05,158.46,0.004389342
VIA/BTC,1564937232110,2019-08-04T16:47:12.110Z,buy,2.78e-05,667.72,0.018562616
VIA/BTC,1564937260182,2019-08-04T16:47:40.182Z,buy,2.79e-05,117.05,0.003265695
VIA/BTC,1564937390314,2019-08-04T16:49:50.314Z,sell,2.78e-05,4.36,0.000121208
VIA/BTC,1564937974733,2019-08-04T16:59:34.733Z,buy,2.79e-05,11.4,0.00031806
VIA/BTC,1564937974733,2019-08-04T16:59:34.733Z,buy,2.79e-05,11.4,0.00031806
VIA/BTC,1564938019822,2019-08-04T17:00:19.822Z,sell,2.78e-05,240.75,0.00669285
VIA/BTC,1564938020303,2019-08-04T17:00:20.303Z,buy,2.79e-05,7.18,0.0002003219999999
VIA/BTC,1564938034450,2019-08-04T17:00:34.450Z,buy,2.79e-05,11.84,0.000330336
VIA/BTC,1564938034821,2019-08-04T17:00:34.821Z,sell,2.78e-05,11.8,0.00032804
VIA/BTC,1564938096121,2019-08-04T17:01:36.121Z,buy,2.79e-05,11.54,0.000321966
VIA/BTC,1564938096600,2019-08-04T17:01:36.600Z,sell,2.78e-05,11.8,0.00032804
VIA/BTC,1564938153925,2019-08-04T17:02:33.925Z,buy,2.79e-05,11.84,0.000330336
VIA/BTC,1564938154806,2019-08-04T17:02:34.806Z,sell,2.78e-05,11.8,0.00032804
VIA/BTC,1564938394956,2019-08-04T17:06:34.956Z,sell,2.78e-05,11.1,0.00030858
VIA/BTC,1564939182858,2019-08-04T17:19:42.858Z,sell,2.78e-05,719.42,0.019999876
VIA/BTC,1564939186465,2019-08-04T17:19:46.465Z,sell,2.78e-05,719.42,0.019999876
VIA/BTC,1564939190062,2019-08-04T17:19:50.062Z,sell,2.78e-05,719.42,0.019999876
VIA/BTC,1564939193621,2019-08-04T17:19:53.621Z,sell,2.78e-05,719.42,0.019999876
VIA/BTC,1564939204259,2019-08-04T17:20:04.259Z,sell,2.78e-05,719.42,0.019999876
VIA/BTC,1564939204812,2019-08-04T17:20:04.812Z,sell,2.78e-05,2500.0,0.0695
VIA/BTC,1564939212007,2019-08-04T17:20:12.007Z,sell,2.78e-05,5561.15,0.15459997
VIA/BTC,1564939214023,2019-08-04T17:20:14.023Z,sell,2.77e-05,170.44,0.0047211879999999
VIA/BTC,1564939788246,2019-08-04T17:29:48.246Z,sell,2.76e-05,162.93,0.004496868
VIA/BTC,1564939788271,2019-08-04T17:29:48.271Z,sell,2.76e-05,0.01,2.76e-07
VIA/BTC,1564939788271,2019-08-04T17:29:48.271Z,sell,2.75e-05,94.43,0.002596825
VIA/BTC,1564939788699,2019-08-04T17:29:48.699Z,sell,2.76e-05,77.22,0.002131272
VIA/BTC,1564939788984,2019-08-04T17:29:48.984Z,sell,2.76e-05,115.8,0.00319608
VIA/BTC,1564939789475,2019-08-04T17:29:49.475Z,sell,2.77e-05,158.5,0.00439045
VIA/BTC,1564939789475,2019-08-04T17:29:49.475Z,sell,2.76e-05,206.98,0.005712648
VIA/BTC,1564939789952,2019-08-04T17:29:49.952Z,sell,2.75e-05,158.5,0.00435875
VIA/BTC,1564939790298,2019-08-04T17:29:50.298Z,sell,2.75e-05,182.74,0.00502535
VIA/BTC,1564939803629,2019-08-04T17:30:03.629Z,sell,2.76e-05,115.8,0.00319608
VIA/BTC,1564939804319,2019-08-04T17:30:04.319Z,sell,2.76e-05,62.53,0.001725828
VIA/BTC,1564939805125,2019-08-04T17:30:05.125Z,sell,2.76e-05,0.01,2.76e-07
VIA/BTC,1564939806078,2019-08-04T17:30:06.078Z,buy,2.76e-05,49.79,0.001374204
VIA/BTC,1564939808111,2019-08-04T17:30:08.111Z,buy,2.76e-05,43.48,0.001200048
VIA/BTC,1564939808505,2019-08-04T17:30:08.505Z,sell,2.75e-05,110.52,0.0030393
VIA/BTC,1564939811606,2019-08-04T17:30:11.606Z,sell,2.75e-05,115.8,0.0031845
VIA/BTC,1564939820902,2019-08-04T17:30:20.902Z,sell,2.75e-05,115.8,0.0031845
VIA/BTC,1564939827084,2019-08-04T17:30:27.084Z,sell,2.75e-05,28.67,0.000788425
VIA/BTC,1564939836610,2019-08-04T17:30:36.610Z,sell,2.75e-05,115.8,0.0031845
VIA/BTC,1564939839728,2019-08-04T17:30:39.728Z,sell,2.75e-05,115.8,0.0031845
VIA/BTC,1564939855186,2019-08-04T17:30:55.186Z,sell,2.75e-05,7.32,0.0002013
VIA/BTC,1564939903455,2019-08-04T17:31:43.455Z,buy,2.77e-05,207.03,0.005734731
VIA/BTC,1564940409959,2019-08-04T17:40:09.959Z,buy,2.77e-05,12.81,0.000354837
VIA/BTC,1564940601146,2019-08-04T17:43:21.146Z,sell,2.76e-05,32.29,0.0008912039999999
VIA/BTC,1564940823997,2019-08-04T17:47:03.997Z,sell,2.76e-05,434.79,0.012000204
VIA/BTC,1564940826014,2019-08-04T17:47:06.014Z,sell,2.76e-05,4.42,0.000121992
VIA/BTC,1564941434107,2019-08-04T17:57:14.107Z,sell,2.75e-05,7250.76,0.1993959
VIA/BTC,1564941434107,2019-08-04T17:57:14.107Z,sell,2.74e-05,205.04,0.0056180959999999
VIA/BTC,1564941434133,2019-08-04T17:57:14.133Z,buy,2.74e-05,44.2,0.00121108
VIA/BTC,1564941435306,2019-08-04T17:57:15.306Z,sell,2.73e-05,46.0,0.0012558
VIA/BTC,1564941436591,2019-08-04T17:57:16.591Z,sell,2.74e-05,46.0,0.0012603999999999
VIA/BTC,1564941439557,2019-08-04T17:57:19.557Z,buy,2.74e-05,10.13,0.000277562
VIA/BTC,1564941475433,2019-08-04T17:57:55.433Z,buy,2.74e-05,78.35,0.0021467899999999
VIA/BTC,1564941475433,2019-08-04T17:57:55.433Z,buy,2.75e-05,1544.97,0.042486675
VIA/BTC,1564941497261,2019-08-04T17:58:17.261Z,buy,2.75e-05,148.37,0.004080175
VIA/BTC,1564941497261,2019-08-04T17:58:17.261Z,buy,2.76e-05,412.77,0.0113924519999999
VIA/BTC,1564941497261,2019-08-04T17:58:17.261Z,buy,2.77e-05,910.54,0.025221958
VIA/BTC,1564941497422,2019-08-04T17:58:17.422Z,sell,2.77e-05,26.8,0.00074236
VIA/BTC,1564941497499,2019-08-04T17:58:17.499Z,sell,2.77e-05,76.78,0.0021268059999999
VIA/BTC,1564941497629,2019-08-04T17:58:17.629Z,sell,2.77e-05,44.65,0.001236805
VIA/BTC,1564941498195,2019-08-04T17:58:18.195Z,sell,2.77e-05,814.82,0.022570514
VIA/BTC,1564941498195,2019-08-04T17:58:18.195Z,sell,2.77e-05,814.82,0.022570514
VIA/BTC,1564941766782,2019-08-04T18:02:46.782Z,buy,2.76e-05,178.34,0.004922184
VIA/BTC,1564941766782,2019-08-04T18:02:46.782Z,buy,2.77e-05,433.94,0.012020138
VIA/BTC,1564941767216,2019-08-04T18:02:47.216Z,sell,2.77e-05,1413.89,0.039164753
VIA/BTC,1564941781216,2019-08-04T18:03:01.216Z,sell,2.77e-05,2026.81,0.0561426369999999
VIA/BTC,1564942529708,2019-08-04T18:15:29.708Z,buy,2.77e-05,5.0,0.0001385
VIA/BTC,1564942530258,2019-08-04T18:15:30.258Z,sell,2.77e-05,96.6,0.0026758199999999
VIA/BTC,1564942645755,2019-08-04T18:17:25.755Z,buy,2.78e-05,4.16,0.000115648
VIA/BTC,1564942669110,2019-08-04T18:17:49.110Z,buy,2.78e-05,45.21,0.001256838
VIA/BTC,1564943126021,2019-08-04T18:25:26.021Z,sell,2.76e-05,1607.66,0.044371416
VIA/BTC,1564943620867,2019-08-04T18:33:40.867Z,buy,2.77e-05,22.73,0.000629621
VIA/BTC,1564944889721,2019-08-04T18:54:49.721Z,buy,2.77e-05,48.33,0.0013387409999999
VIA/BTC,1564944891255,2019-08-04T18:54:51.255Z,buy,2.77e-05,108.3,0.0029999099999999
VIA/BTC,1564944891255,2019-08-04T18:54:51.255Z,buy,2.77e-05,108.3,0.0029999099999999
VIA/BTC,1564945146286,2019-08-04T18:59:06.286Z,sell,2.76e-05,7.13,0.000196788
VIA/BTC,1564945561519,2019-08-04T19:06:01.519Z,sell,2.76e-05,0.01,2.76e-07
VIA/BTC,1564945741585,2019-08-04T19:09:01.585Z,sell,2.75e-05,1610.7,0.04429425
VIA/BTC,1564945741585,2019-08-04T19:09:01.585Z,sell,2.74e-05,156.4,0.00428536
VIA/BTC,1564945988331,2019-08-04T19:13:08.331Z,sell,2.74e-05,199.8,0.00547452
VIA/BTC,1564946009483,2019-08-04T19:13:29.483Z,sell,2.75e-05,66.5,0.00182875
VIA/BTC,1564946012654,2019-08-04T19:13:32.654Z,sell,2.75e-05,459.71,0.012642025
VIA/BTC,1564946179663,2019-08-04T19:16:19.663Z,sell,2.75e-05,116.16,0.0031944
VIA/BTC,1564946181528,2019-08-04T19:16:21.528Z,buy,2.76e-05,12.07,0.000333132
VIA/BTC,1564946185541,2019-08-04T19:16:25.541Z,buy,2.75e-05,87.0,0.0023925
VIA/BTC,1564946191542,2019-08-04T19:16:31.542Z,buy,2.75e-05,115.8,0.0031845
VIA/BTC,1564946262871,2019-08-04T19:17:42.871Z,buy,2.76e-05,3.74,0.000103224
VIA/BTC,1564946611762,2019-08-04T19:23:31.762Z,sell,2.74e-05,729.93,0.020000082
VIA/BTC,1564946615306,2019-08-04T19:23:35.306Z,sell,2.74e-05,438.16,0.012005584
VIA/BTC,1564947275299,2019-08-04T19:34:35.299Z,sell,2.75e-05,952.0,0.02618
VIA/BTC,1564947275617,2019-08-04T19:34:35.617Z,buy,2.76e-05,81.31,0.002244156
VIA/BTC,1564947277612,2019-08-04T19:34:37.612Z,sell,2.75e-05,80.94,0.00222585
VIA/BTC,1564947277618,2019-08-04T19:34:37.618Z,buy,2.76e-05,158.79,0.004382604
VIA/BTC,1564947277991,2019-08-04T19:34:37.991Z,sell,2.75e-05,96.25,0.002646875
VIA/BTC,1564947278915,2019-08-04T19:34:38.915Z,sell,2.75e-05,19.54,0.00053735
VIA/BTC,1564947278934,2019-08-04T19:34:38.934Z,buy,2.76e-05,43.48,0.001200048
VIA/BTC,1564947280106,2019-08-04T19:34:40.106Z,sell,2.75e-05,159.34,0.00438185
VIA/BTC,1564947285848,2019-08-04T19:34:45.848Z,sell,2.75e-05,52.9,0.00145475
VIA/BTC,1564947286015,2019-08-04T19:34:46.015Z,sell,2.75e-05,50.96,0.0014014
VIA/BTC,1564947444982,2019-08-04T19:37:24.982Z,sell,2.75e-05,97.3,0.00267575
VIA/BTC,1564947643107,2019-08-04T19:40:43.107Z,sell,2.75e-05,177.23,0.004873825
VIA/BTC,1564948402788,2019-08-04T19:53:22.788Z,sell,2.76e-05,604.76,0.016691376
VIA/BTC,1564948402788,2019-08-04T19:53:22.788Z,sell,2.76e-05,604.76,0.016691376
VIA/BTC,1564948595699,2019-08-04T19:56:35.699Z,buy,2.75e-05,13.18,0.00036245
VIA/BTC,1564948596742,2019-08-04T19:56:36.742Z,buy,2.75e-05,146.16,0.0040194
VIA/BTC,1564948686539,2019-08-04T19:58:06.539Z,buy,2.76e-05,0.24,6.624e-06
VIA/BTC,1564948727401,2019-08-04T19:58:47.401Z,buy,2.78e-05,108.69,0.003021582
VIA/BTC,1564948823376,2019-08-04T20:00:23.376Z,sell,2.75e-05,315.9,0.00868725
VIA/BTC,1564948823376,2019-08-04T20:00:23.376Z,sell,2.74e-05,2350.16,0.064394384
VIA/BTC,1564948824815,2019-08-04T20:00:24.815Z,sell,2.75e-05,200.0,0.0055
VIA/BTC,1564948824815,2019-08-04T20:00:24.815Z,sell,2.74e-05,237.79,0.0065154459999999
VIA/BTC,1564949536435,2019-08-04T20:12:16.435Z,sell,2.74e-05,87.0,0.0023837999999999
VIA/BTC,1564950364684,2019-08-04T20:26:04.684Z,buy,2.75e-05,109.09,0.002999975
VIA/BTC,1564950364705,2019-08-04T20:26:04.705Z,buy,2.75e-05,1536.54,0.04225485
VIA/BTC,1564950365893,2019-08-04T20:26:05.893Z,buy,2.75e-05,1488.35,0.040929625
VIA/BTC,1564950566906,2019-08-04T20:29:26.906Z,buy,2.75e-05,1486.7,0.04088425
VIA/BTC,1564950577906,2019-08-04T20:29:37.906Z,buy,2.75e-05,1320.69,0.036318975
VIA/BTC,1564950863935,2019-08-04T20:34:23.935Z,buy,2.75e-05,68.5,0.00188375
VIA/BTC,1564951293814,2019-08-04T20:41:33.814Z,sell,2.74e-05,1312.15,0.03595291
VIA/BTC,1564951467986,2019-08-04T20:44:27.986Z,buy,2.75e-05,1312.15,0.036084125
VIA/BTC,1564951990473,2019-08-04T20:53:10.473Z,sell,2.74e-05,123.27,0.003377598
VIA/BTC,1564951990473,2019-08-04T20:53:10.473Z,sell,2.74e-05,123.27,0.003377598
VIA/BTC,1564953316139,2019-08-04T21:15:16.139Z,buy,2.76e-05,1330.93,0.036733668
VIA/BTC,1564953318145,2019-08-04T21:15:18.145Z,buy,2.77e-05,86.99,0.0024096229999999
VIA/BTC,1564953324630,2019-08-04T21:15:24.630Z,sell,2.76e-05,108.93,0.003006468
VIA/BTC,1564953381488,2019-08-04T21:16:21.488Z,sell,2.77e-05,115.8,0.0032076599999999
VIA/BTC,1564954104955,2019-08-04T21:28:24.955Z,buy,2.78e-05,115.8,0.00321924
VIA/BTC,1564954105183,2019-08-04T21:28:25.183Z,sell,2.78e-05,10036.44,0.279013032
VIA/BTC,1564954936955,2019-08-04T21:42:16.955Z,sell,2.75e-05,11.48,0.0003157
VIA/BTC,1564954936955,2019-08-04T21:42:16.955Z,sell,2.75e-05,11.48,0.0003157
VIA/BTC,1564956278429,2019-08-04T22:04:38.429Z,sell,2.76e-05,10.38,0.000286488
VIA/BTC,1564956463370,2019-08-04T22:07:43.370Z,buy,2.77e-05,4.01,0.000111077
VIA/BTC,1564958313242,2019-08-04T22:38:33.242Z,buy,2.77e-05,36.11,0.001000247
VIA/BTC,1564958313242,2019-08-04T22:38:33.242Z,buy,2.77e-05,36.11,0.001000247
VIA/BTC,1564958669932,2019-08-04T22:44:29.932Z,sell,2.75e-05,105.67,0.002905925
VIA/BTC,1564958744657,2019-08-04T22:45:44.657Z,buy,2.76e-05,115.8,0.00319608
VIA/BTC,1564959046569,2019-08-04T22:50:46.569Z,sell,2.75e-05,147.31,0.004051025
VIA/BTC,1564959046826,2019-08-04T22:50:46.826Z,sell,2.75e-05,0.01,2.75e-07
VIA/BTC,1564959373456,2019-08-04T22:56:13.456Z,sell,2.74e-05,29.12,0.000797888
VIA/BTC,1564959565590,2019-08-04T22:59:25.590Z,buy,2.75e-05,1374.98,0.03781195
VIA/BTC,1564961045804,2019-08-04T23:24:05.804Z,buy,2.76e-05,159.05,0.00438978
VIA/BTC,1564961244997,2019-08-04T23:27:24.997Z,buy,2.77e-05,60.08,0.0016642159999999
VIA/BTC,1564961512723,2019-08-04T23:31:52.723Z,buy,2.77e-05,87.48,0.002423196
VIA/BTC,1564961512723,2019-08-04T23:31:52.723Z,buy,2.77e-05,87.48,0.002423196
VIA/BTC,1564964159978,2019-08-05T00:15:59.978Z,sell,2.76e-05,557.02,0.015373752
VIA/BTC,1564964159978,2019-08-05T00:15:59.978Z,sell,2.76e-05,557.02,0.015373752
VIA/BTC,1564965511513,2019-08-05T00:38:31.513Z,sell,2.76e-05,824.67,0.0227608919999999
VIA/BTC,1564965511761,2019-08-05T00:38:31.761Z,sell,2.76e-05,459.88,0.012692688
VIA/BTC,1564965511763,2019-08-05T00:38:31.763Z,sell,2.76e-05,1499.41,0.041383716
VIA/BTC,1564965512051,2019-08-05T00:38:32.051Z,sell,2.76e-05,99.97,0.002759172
VIA/BTC,1564965892092,2019-08-05T00:44:52.092Z,sell,2.75e-05,158.83,0.004367825
VIA/BTC,1564965906806,2019-08-05T00:45:06.806Z,buy,2.75e-05,49.56,0.0013629
VIA/BTC,1564965906830,2019-08-05T00:45:06.830Z,buy,2.75e-05,49.56,0.0013629
VIA/BTC,1564965907716,2019-08-05T00:45:07.716Z,buy,2.75e-05,209.73,0.005767575
VIA/BTC,1564965945343,2019-08-05T00:45:45.343Z,buy,2.75e-05,181.82,0.00500005
VIA/BTC,1564966040134,2019-08-05T00:47:20.134Z,sell,2.74e-05,336.7,0.0092255799999999
VIA/BTC,1564966099034,2019-08-05T00:48:19.034Z,sell,2.74e-05,87.48,0.002396952
VIA/BTC,1564966099286,2019-08-05T00:48:19.286Z,sell,2.74e-05,1085.28,0.029736672
VIA/BTC,1564966193338,2019-08-05T00:49:53.338Z,sell,2.74e-05,748.48,0.020508352
VIA/BTC,1564966193436,2019-08-05T00:49:53.436Z,buy,2.74e-05,110.82,0.0030364679999999
VIA/BTC,1564966196676,2019-08-05T00:49:56.676Z,buy,2.74e-05,741.39,0.020314086
VIA/BTC,1564966197102,2019-08-05T00:49:57.102Z,sell,2.73e-05,187.16,0.005109468
VIA/BTC,1564966198504,2019-08-05T00:49:58.504Z,sell,2.73e-05,46.0,0.0012558
VIA/BTC,1564966204814,2019-08-05T00:50:04.814Z,sell,2.73e-05,163.27,0.004457271
VIA/BTC,1564966233370,2019-08-05T00:50:33.370Z,buy,2.74e-05,7.3,0.0002000199999999
VIA/BTC,1564966233536,2019-08-05T00:50:33.536Z,buy,2.74e-05,9.13,0.000250162
VIA/BTC,1564966281414,2019-08-05T00:51:21.414Z,sell,2.73e-05,181.82,0.004963686
VIA/BTC,1564966485555,2019-08-05T00:54:45.555Z,sell,2.73e-05,1122.95,0.030656535
VIA/BTC,1564967244317,2019-08-05T01:07:24.317Z,sell,2.73e-05,49.56,0.001352988
VIA/BTC,1564967295816,2019-08-05T01:08:15.816Z,buy,2.74e-05,305.78,0.0083783719999999
VIA/BTC,1564967295816,2019-08-05T01:08:15.816Z,buy,2.74e-05,305.78,0.0083783719999999
VIA/BTC,1564968936253,2019-08-05T01:35:36.253Z,sell,2.73e-05,8194.41,0.223707393
VIA/BTC,1564968938247,2019-08-05T01:35:38.247Z,sell,2.72e-05,131.91,0.003587952
VIA/BTC,1564968938247,2019-08-05T01:35:38.247Z,sell,2.72e-05,0.01,2.72e-07
VIA/BTC,1564968938247,2019-08-05T01:35:38.247Z,sell,2.71e-05,809.19,0.021929049
VIA/BTC,1564968938247,2019-08-05T01:35:38.247Z,sell,2.7e-05,533.72,0.01441044
VIA/BTC,1564968938247,2019-08-05T01:35:38.247Z,sell,2.7e-05,76.78,0.00207306
VIA/BTC,1564968938247,2019-08-05T01:35:38.247Z,sell,2.7e-05,56.5,0.0015255
VIA/BTC,1564968938247,2019-08-05T01:35:38.247Z,sell,2.7e-05,939.26,0.02536002
VIA/BTC,1564968938640,2019-08-05T01:35:38.640Z,sell,2.7e-05,277.77,0.0074997899999999
VIA/BTC,1564968940240,2019-08-05T01:35:40.240Z,sell,2.7e-05,46.0,0.001242
VIA/BTC,1564968940301,2019-08-05T01:35:40.301Z,sell,2.7e-05,36.64,0.00098928
VIA/BTC,1564968941531,2019-08-05T01:35:41.531Z,sell,2.7e-05,3600.0,0.0972
VIA/BTC,1564968945436,2019-08-05T01:35:45.436Z,buy,2.71e-05,46.0,0.0012466
VIA/BTC,1564968954076,2019-08-05T01:35:54.076Z,buy,2.71e-05,53.64,0.001453644
VIA/BTC,1564969023580,2019-08-05T01:37:03.580Z,sell,2.7e-05,444.45,0.01200015
VIA/BTC,1564969026367,2019-08-05T01:37:06.367Z,sell,2.7e-05,184.51,0.00498177
VIA/BTC,1564969026789,2019-08-05T01:37:06.789Z,sell,2.7e-05,36.91,0.0009965699999999
VIA/BTC,1564969034541,2019-08-05T01:37:14.541Z,sell,2.7e-05,146.24,0.00394848
VIA/BTC,1564969038189,2019-08-05T01:37:18.189Z,buy,2.7e-05,115.8,0.0031265999999999
VIA/BTC,1564969039287,2019-08-05T01:37:19.287Z,buy,2.7e-05,43.5,0.0011745
VIA/BTC,1564969039994,2019-08-05T01:37:19.994Z,buy,2.7e-05,158.74,0.00428598
VIA/BTC,1564969044817,2019-08-05T01:37:24.817Z,buy,2.7e-05,124.14,0.00335178
VIA/BTC,1564969045452,2019-08-05T01:37:25.452Z,buy,2.7e-05,115.8,0.0031265999999999
VIA/BTC,1564969045651,2019-08-05T01:37:25.651Z,buy,2.7e-05,119.61,0.00322947
VIA/BTC,1564969048251,2019-08-05T01:37:28.251Z,sell,2.7e-05,43.5,0.0011745
VIA/BTC,1564969052332,2019-08-05T01:37:32.332Z,buy,2.7e-05,169.86,0.00458622
VIA/BTC,1564969052781,2019-08-05T01:37:32.781Z,buy,2.7e-05,98.43,0.00265761
VIA/BTC,1564969053811,2019-08-05T01:37:33.811Z,buy,2.7e-05,115.8,0.0031265999999999
VIA/BTC,1564969054478,2019-08-05T01:37:34.478Z,buy,2.7e-05,172.71,0.00466317
VIA/BTC,1564969054859,2019-08-05T01:37:34.859Z,buy,2.7e-05,43.5,0.0011745
VIA/BTC,1564969061240,2019-08-05T01:37:41.240Z,buy,2.7e-05,115.8,0.0031265999999999
VIA/BTC,1564969062228,2019-08-05T01:37:42.228Z,buy,2.7e-05,43.5,0.0011745
VIA/BTC,1564969070254,2019-08-05T01:37:50.254Z,buy,2.7e-05,115.8,0.0031265999999999
VIA/BTC,1564969071285,2019-08-05T01:37:51.285Z,buy,2.7e-05,43.5,0.0011745
VIA/BTC,1564969080154,2019-08-05T01:38:00.154Z,buy,2.7e-05,115.8,0.0031265999999999
VIA/BTC,1564969081344,2019-08-05T01:38:01.344Z,buy,2.7e-05,43.5,0.0011745
VIA/BTC,1564969088161,2019-08-05T01:38:08.161Z,buy,2.7e-05,115.8,0.0031265999999999
VIA/BTC,1564969089627,2019-08-05T01:38:09.627Z,buy,2.7e-05,43.5,0.0011745
VIA/BTC,1564969094970,2019-08-05T01:38:14.970Z,buy,2.7e-05,115.8,0.0031265999999999
VIA/BTC,1564969095986,2019-08-05T01:38:15.986Z,buy,2.7e-05,43.5,0.0011745
VIA/BTC,1564969102218,2019-08-05T01:38:22.218Z,buy,2.7e-05,115.8,0.0031265999999999
VIA/BTC,1564969103486,2019-08-05T01:38:23.486Z,buy,2.7e-05,43.5,0.0011745
VIA/BTC,1564969108678,2019-08-05T01:38:28.678Z,buy,2.7e-05,115.8,0.0031265999999999
VIA/BTC,1564969109752,2019-08-05T01:38:29.752Z,buy,2.7e-05,43.5,0.0011745
VIA/BTC,1564969115847,2019-08-05T01:38:35.847Z,buy,2.7e-05,115.8,0.0031265999999999
VIA/BTC,1564969116947,2019-08-05T01:38:36.947Z,buy,2.7e-05,43.5,0.0011745
VIA/BTC,1564969123964,2019-08-05T01:38:43.964Z,buy,2.7e-05,115.8,0.0031265999999999
VIA/BTC,1564969124959,2019-08-05T01:38:44.959Z,buy,2.7e-05,43.5,0.0011745
VIA/BTC,1564969131650,2019-08-05T01:38:51.650Z,buy,2.7e-05,115.8,0.0031265999999999
VIA/BTC,1564969132711,2019-08-05T01:38:52.711Z,buy,2.7e-05,43.5,0.0011745
VIA/BTC,1564969138427,2019-08-05T01:38:58.427Z,buy,2.7e-05,115.8,0.0031265999999999
VIA/BTC,1564969139420,2019-08-05T01:38:59.420Z,buy,2.7e-05,43.5,0.0011745
VIA/BTC,1564969147554,2019-08-05T01:39:07.554Z,buy,2.7e-05,115.8,0.0031265999999999
VIA/BTC,1564969148640,2019-08-05T01:39:08.640Z,buy,2.7e-05,43.5,0.0011745
VIA/BTC,1564969156487,2019-08-05T01:39:16.487Z,buy,2.7e-05,115.8,0.0031265999999999
VIA/BTC,1564969157446,2019-08-05T01:39:17.446Z,buy,2.7e-05,43.5,0.0011745
VIA/BTC,1564969170454,2019-08-05T01:39:30.454Z,buy,2.7e-05,23.0,0.000621
VIA/BTC,1564969187826,2019-08-05T01:39:47.826Z,buy,2.7e-05,67.26,0.00181602
VIA/BTC,1564969189247,2019-08-05T01:39:49.247Z,buy,2.7e-05,23.0,0.000621
VIA/BTC,1564969640114,2019-08-05T01:47:20.114Z,sell,2.69e-05,32.26,0.000867794
VIA/BTC,1564969640143,2019-08-05T01:47:20.143Z,sell,2.69e-05,406.68,0.010939692
VIA/BTC,1564969642284,2019-08-05T01:47:22.284Z,sell,2.68e-05,37.04,0.000992672
VIA/BTC,1564969643023,2019-08-05T01:47:23.023Z,sell,2.68e-05,24.76,0.000663568
VIA/BTC,1564969643257,2019-08-05T01:47:23.257Z,buy,2.68e-05,21.24,0.000569232
VIA/BTC,1564969646131,2019-08-05T01:47:26.131Z,sell,2.67e-05,413.64,0.0110441879999999
VIA/BTC,1564969646131,2019-08-05T01:47:26.131Z,sell,2.66e-05,455.8,0.01212428
VIA/BTC,1564969646131,2019-08-05T01:47:26.131Z,sell,2.65e-05,222.56,0.00589784
VIA/BTC,1564969646285,2019-08-05T01:47:26.285Z,buy,2.68e-05,21.24,0.000569232
VIA/BTC,1564969647785,2019-08-05T01:47:27.785Z,sell,2.66e-05,99.9,0.00265734
VIA/BTC,1564969648798,2019-08-05T01:47:28.798Z,sell,2.66e-05,46.0,0.0012236
VIA/BTC,1564969650384,2019-08-05T01:47:30.384Z,sell,2.66e-05,37.32,0.000992712
VIA/BTC,1564969650538,2019-08-05T01:47:30.538Z,sell,2.66e-05,186.57,0.004962762
VIA/BTC,1564969651751,2019-08-05T01:47:31.751Z,buy,2.67e-05,40.14,0.001071738
VIA/BTC,1564969652498,2019-08-05T01:47:32.498Z,sell,2.66e-05,37.46,0.000996436
VIA/BTC,1564969692290,2019-08-05T01:48:12.290Z,sell,2.66e-05,37.07,0.000986062
VIA/BTC,1564970053409,2019-08-05T01:54:13.409Z,buy,2.66e-05,827.71,0.022017086
VIA/BTC,1564970054782,2019-08-05T01:54:14.782Z,buy,2.66e-05,407.44,0.0108379039999999
VIA/BTC,1564970220311,2019-08-05T01:57:00.311Z,buy,2.66e-05,1.23,3.2718e-05
VIA/BTC,1564970693227,2019-08-05T02:04:53.227Z,buy,2.66e-05,309.0,0.0082194
VIA/BTC,1564970693230,2019-08-05T02:04:53.230Z,buy,2.66e-05,0.01,2.66e-07
VIA/BTC,1564970694013,2019-08-05T02:04:54.013Z,buy,2.67e-05,5.86,0.000156462
VIA/BTC,1564970694013,2019-08-05T02:04:54.013Z,buy,2.68e-05,0.37,9.916e-06
VIA/BTC,1564970703977,2019-08-05T02:05:03.977Z,buy,2.67e-05,112.35,0.002999745
VIA/BTC,1564970715017,2019-08-05T02:05:15.017Z,sell,2.65e-05,6.12,0.00016218
VIA/BTC,1564970727354,2019-08-05T02:05:27.354Z,buy,2.67e-05,37.31,0.000996177
VIA/BTC,1564970727354,2019-08-05T02:05:27.354Z,buy,2.67e-05,37.31,0.000996177
VIA/BTC,1564970984388,2019-08-05T02:09:44.388Z,sell,2.65e-05,15.39,0.000407835
VIA/BTC,1564972148056,2019-08-05T02:29:08.056Z,sell,2.65e-05,540.87,0.014333055
VIA/BTC,1564972148075,2019-08-05T02:29:08.075Z,buy,2.65e-05,141.4,0.0037471
VIA/BTC,1564972148157,2019-08-05T02:29:08.157Z,buy,2.65e-05,77.95,0.002065675
VIA/BTC,1564972149959,2019-08-05T02:29:09.959Z,sell,2.64e-05,46.0,0.0012144
VIA/BTC,1564972170608,2019-08-05T02:29:30.608Z,sell,2.64e-05,104.67,0.002763288
VIA/BTC,1564972170624,2019-08-05T02:29:30.624Z,buy,2.64e-05,21.63,0.000571032
VIA/BTC,1564972170727,2019-08-05T02:29:30.727Z,buy,2.64e-05,20.61,0.000544104
VIA/BTC,1564972173555,2019-08-05T02:29:33.555Z,sell,2.63e-05,37.88,0.000996244
VIA/BTC,1564972186875,2019-08-05T02:29:46.875Z,sell,2.63e-05,48.33,0.0012710789999999
VIA/BTC,1564972203252,2019-08-05T02:30:03.252Z,sell,2.63e-05,120.22,0.0031617859999999
VIA/BTC,1564972203990,2019-08-05T02:30:03.990Z,sell,2.63e-05,456.28,0.0120001639999999
VIA/BTC,1564972208445,2019-08-05T02:30:08.445Z,sell,2.63e-05,46.0,0.0012098
VIA/BTC,1564972362976,2019-08-05T02:32:42.976Z,sell,2.63e-05,743.95,0.019565885
VIA/BTC,1564972646498,2019-08-05T02:37:26.498Z,sell,2.63e-05,54.66,0.0014375579999999
VIA/BTC,1564972660108,2019-08-05T02:37:40.108Z,buy,2.64e-05,4.36,0.000115104
VIA/BTC,1564972749424,2019-08-05T02:39:09.424Z,buy,2.64e-05,94.69,0.002499816
VIA/BTC,1564972790228,2019-08-05T02:39:50.228Z,sell,2.62e-05,635.2,0.01664224
VIA/BTC,1564972790228,2019-08-05T02:39:50.228Z,sell,2.61e-05,248.15,0.006476715
VIA/BTC,1564972790228,2019-08-05T02:39:50.228Z,sell,2.6e-05,475.51,0.01236326
VIA/BTC,1564972790228,2019-08-05T02:39:50.228Z,sell,2.59e-05,635.63,0.016462817
VIA/BTC,1564972790228,2019-08-05T02:39:50.228Z,sell,2.59e-05,600.59,0.015555281
VIA/BTC,1564972790228,2019-08-05T02:39:50.228Z,sell,2.58e-05,4569.16,0.117884328
VIA/BTC,1564972790228,2019-08-05T02:39:50.228Z,sell,2.57e-05,5522.79,0.141935703
VIA/BTC,1564972790228,2019-08-05T02:39:50.228Z,sell,2.56e-05,210.32,0.0053841919999999
VIA/BTC,1564972790306,2019-08-05T02:39:50.306Z,buy,2.64e-05,1.21,3.1944e-05
VIA/BTC,1564972790399,2019-08-05T02:39:50.399Z,sell,2.58e-05,150.01,0.0038702579999999
VIA/BTC,1564972790742,2019-08-05T02:39:50.742Z,sell,2.6e-05,210.32,0.00546832
VIA/BTC,1564972790896,2019-08-05T02:39:50.896Z,sell,2.6e-05,2640.27,0.0686470199999999
VIA/BTC,1564972790908,2019-08-05T02:39:50.908Z,sell,2.6e-05,93.7,0.0024362
VIA/BTC,1564972791088,2019-08-05T02:39:51.088Z,sell,2.6e-05,135.68,0.00352768
VIA/BTC,1564972791138,2019-08-05T02:39:51.138Z,sell,2.6e-05,135.7,0.0035281999999999
VIA/BTC,1564972791144,2019-08-05T02:39:51.144Z,sell,2.6e-05,135.8,0.0035308
VIA/BTC,1564972791260,2019-08-05T02:39:51.260Z,buy,2.61e-05,458.96,0.011978856
VIA/BTC,1564972791303,2019-08-05T02:39:51.303Z,buy,2.61e-05,1.06,2.7666e-05
VIA/BTC,1564972791378,2019-08-05T02:39:51.378Z,sell,2.6e-05,635.2,0.0165152
VIA/BTC,1564972791835,2019-08-05T02:39:51.835Z,sell,2.6e-05,37.88,0.00098488
VIA/BTC,1564972791971,2019-08-05T02:39:51.971Z,sell,2.6e-05,300.0,0.0078
VIA/BTC,1564972792309,2019-08-05T02:39:52.309Z,sell,2.6e-05,38.32,0.00099632
VIA/BTC,1564972792321,2019-08-05T02:39:52.321Z,sell,2.6e-05,38.32,0.00099632
VIA/BTC,1564972792373,2019-08-05T02:39:52.373Z,sell,2.6e-05,60.68,0.00157768
VIA/BTC,1564972792429,2019-08-05T02:39:52.429Z,buy,2.61e-05,40.74,0.001063314
VIA/BTC,1564972792609,2019-08-05T02:39:52.609Z,sell,2.6e-05,191.58,0.00498108
VIA/BTC,1564972792819,2019-08-05T02:39:52.819Z,sell,2.6e-05,46.0,0.001196
VIA/BTC,1564972793120,2019-08-05T02:39:53.120Z,sell,2.6e-05,383.43,0.00996918
VIA/BTC,1564972793835,2019-08-05T02:39:53.835Z,sell,2.6e-05,326.9,0.0084993999999999
VIA/BTC,1564972793929,2019-08-05T02:39:53.929Z,sell,2.6e-05,0.04,1.04e-06
VIA/BTC,1564972795187,2019-08-05T02:39:55.187Z,buy,2.6e-05,159.5,0.004147
VIA/BTC,1564972796327,2019-08-05T02:39:56.327Z,sell,2.6e-05,74.77,0.0019440199999999
VIA/BTC,1564972797175,2019-08-05T02:39:57.175Z,sell,2.6e-05,88.3,0.0022957999999999
VIA/BTC,1564972800193,2019-08-05T02:40:00.193Z,sell,2.6e-05,135.36,0.00351936
VIA/BTC,1564972808220,2019-08-05T02:40:08.220Z,sell,2.6e-05,42.68,0.0011096799999999
VIA/BTC,1564972854483,2019-08-05T02:40:54.483Z,buy,2.61e-05,89.72,0.002341692
VIA/BTC,1564972865014,2019-08-05T02:41:05.014Z,sell,2.6e-05,461.54,0.01200004
VIA/BTC,1564973009489,2019-08-05T02:43:29.489Z,buy,2.61e-05,65.95,0.001721295
VIA/BTC,1564973122576,2019-08-05T02:45:22.576Z,buy,2.61e-05,1.38,3.6018e-05
VIA/BTC,1564973122677,2019-08-05T02:45:22.677Z,sell,2.6e-05,4.36,0.00011336
VIA/BTC,1564973169370,2019-08-05T02:46:09.370Z,buy,2.61e-05,1.09,2.8449e-05
VIA/BTC,1564973170428,2019-08-05T02:46:10.428Z,sell,2.6e-05,4.75,0.0001235
VIA/BTC,1564973177670,2019-08-05T02:46:17.670Z,buy,2.61e-05,1.08,2.8188e-05
VIA/BTC,1564973177755,2019-08-05T02:46:17.755Z,sell,2.6e-05,4.48,0.00011648
VIA/BTC,1564973271170,2019-08-05T02:47:51.170Z,sell,2.6e-05,112.2,0.0029172
VIA/BTC,1564973383966,2019-08-05T02:49:43.966Z,sell,2.6e-05,588.61,0.0153038599999999
VIA/BTC,1564973434413,2019-08-05T02:50:34.413Z,sell,2.6e-05,20.0,0.00052
VIA/BTC,1564973566637,2019-08-05T02:52:46.637Z,buy,2.61e-05,1.12,2.9232000000000004e-05
VIA/BTC,1564973900222,2019-08-05T02:58:20.222Z,buy,2.61e-05,500.0,0.01305
VIA/BTC,1564974041540,2019-08-05T03:00:41.540Z,sell,2.59e-05,92.0,0.0023828
VIA/BTC,1564974044584,2019-08-05T03:00:44.584Z,buy,2.6e-05,208.41,0.00541866
VIA/BTC,1564974054700,2019-08-05T03:00:54.700Z,sell,2.57e-05,46.0,0.0011822
VIA/BTC,1564974056651,2019-08-05T03:00:56.651Z,buy,2.58e-05,15.3,0.00039474
VIA/BTC,1564974118058,2019-08-05T03:01:58.058Z,sell,2.57e-05,160.38,0.004121766
VIA/BTC,1564974118058,2019-08-05T03:01:58.058Z,sell,2.56e-05,111.9,0.00286464
VIA/BTC,1564974119186,2019-08-05T03:01:59.186Z,sell,2.56e-05,38.76,0.000992256
VIA/BTC,1564974119951,2019-08-05T03:01:59.951Z,sell,2.56e-05,38.76,0.000992256
VIA/BTC,1564974120544,2019-08-05T03:02:00.544Z,sell,2.57e-05,40.74,0.001047018
VIA/BTC,1564974120544,2019-08-05T03:02:00.544Z,sell,2.57e-05,40.74,0.001047018
VIA/BTC,1564974328621,2019-08-05T03:05:28.621Z,sell,2.57e-05,26.0,0.0006682
VIA/BTC,1564974333292,2019-08-05T03:05:33.292Z,sell,2.57e-05,24.0,0.0006168
VIA/BTC,1564974338654,2019-08-05T03:05:38.654Z,sell,2.57e-05,24.0,0.0006168
VIA/BTC,1564974344119,2019-08-05T03:05:44.119Z,sell,2.56e-05,177.98,0.0045562879999999
VIA/BTC,1564974344159,2019-08-05T03:05:44.159Z,buy,2.56e-05,90.82,0.0023249919999999
VIA/BTC,1564974344178,2019-08-05T03:05:44.178Z,buy,2.56e-05,90.82,0.0023249919999999
VIA/BTC,1564974344182,2019-08-05T03:05:44.182Z,buy,2.56e-05,119.71,0.003064576
VIA/BTC,1564974344241,2019-08-05T03:05:44.241Z,sell,2.55e-05,81.97,0.0020902349999999
VIA/BTC,1564974344685,2019-08-05T03:05:44.685Z,buy,2.56e-05,13.36,0.0003420159999999
VIA/BTC,1564974346258,2019-08-05T03:05:46.258Z,sell,2.55e-05,429.38,0.01094919
VIA/BTC,1564974347622,2019-08-05T03:05:47.622Z,sell,2.54e-05,45.02,0.001143508
VIA/BTC,1564974348395,2019-08-05T03:05:48.395Z,sell,2.54e-05,335.97,0.008533638
VIA/BTC,1564974348559,2019-08-05T03:05:48.559Z,buy,2.55e-05,270.89,0.0069076949999999
VIA/BTC,1564974355802,2019-08-05T03:05:55.802Z,sell,2.54e-05,277.77,0.0070553579999999
VIA/BTC,1564974388372,2019-08-05T03:06:28.372Z,buy,2.57e-05,6.21,0.000159597
VIA/BTC,1564974403377,2019-08-05T03:06:43.377Z,sell,2.54e-05,6.13,0.000155702
VIA/BTC,1564974423556,2019-08-05T03:07:03.556Z,buy,2.55e-05,472.45,0.012047475
VIA/BTC,1564974465757,2019-08-05T03:07:45.757Z,buy,2.56e-05,46.0,0.0011776
VIA/BTC,1564974467549,2019-08-05T03:07:47.549Z,buy,2.56e-05,184.48,0.0047226879999999
VIA/BTC,1564974478500,2019-08-05T03:07:58.500Z,sell,2.56e-05,90.82,0.0023249919999999
VIA/BTC,1564974483599,2019-08-05T03:08:03.599Z,buy,2.57e-05,39.68,0.001019776
VIA/BTC,1564974501890,2019-08-05T03:08:21.890Z,buy,2.57e-05,1.28,3.2896000000000005e-05
VIA/BTC,1564974559765,2019-08-05T03:09:19.765Z,sell,2.56e-05,171.47,0.004389632
VIA/BTC,1564974559765,2019-08-05T03:09:19.765Z,sell,2.55e-05,135.57,0.003457035
VIA/BTC,1564974578109,2019-08-05T03:09:38.109Z,buy,2.57e-05,14.24,0.000365968
VIA/BTC,1564974578109,2019-08-05T03:09:38.109Z,buy,2.58e-05,2850.39,0.073540062
VIA/BTC,1564974578109,2019-08-05T03:09:38.109Z,buy,2.59e-05,6493.74,0.168187866
VIA/BTC,1564974578109,2019-08-05T03:09:38.109Z,buy,2.6e-05,186.46,0.00484796
VIA/BTC,1564974578109,2019-08-05T03:09:38.109Z,buy,2.61e-05,5070.98,0.132352578
VIA/BTC,1564974578134,2019-08-05T03:09:38.134Z,sell,2.61e-05,438.16,0.011435976
VIA/BTC,1564974651546,2019-08-05T03:10:51.546Z,buy,2.6e-05,170.98,0.0044454799999999
VIA/BTC,1564974956575,2019-08-05T03:15:56.575Z,buy,2.59e-05,115.96,0.0030033639999999
VIA/BTC,1564974992311,2019-08-05T03:16:32.311Z,sell,2.59e-05,38.32,0.000992488
VIA/BTC,1564975024787,2019-08-05T03:17:04.787Z,buy,2.61e-05,250.0,0.006525
VIA/BTC,1564975046876,2019-08-05T03:17:26.876Z,buy,2.61e-05,4.85,0.000126585
VIA/BTC,1564975108397,2019-08-05T03:18:28.397Z,buy,2.61e-05,1.13,2.9493e-05
VIA/BTC,1564975314229,2019-08-05T03:21:54.229Z,buy,2.61e-05,1.08,2.8188e-05
VIA/BTC,1564975577653,2019-08-05T03:26:17.653Z,buy,2.61e-05,1.28,3.3408e-05
VIA/BTC,1564975579611,2019-08-05T03:26:19.611Z,buy,2.61e-05,1.21,3.1581e-05
VIA/BTC,1564975756362,2019-08-05T03:29:16.362Z,buy,2.61e-05,1.42,3.7062e-05
VIA/BTC,1564975788366,2019-08-05T03:29:48.366Z,buy,2.61e-05,1.16,3.0276e-05
VIA/BTC,1564975880352,2019-08-05T03:31:20.352Z,buy,2.61e-05,1.22,3.1842e-05
VIA/BTC,1564975950684,2019-08-05T03:32:30.684Z,buy,2.61e-05,1.11,2.8971000000000004e-05
VIA/BTC,1564975957675,2019-08-05T03:32:37.675Z,sell,2.6e-05,782.9,0.0203554
VIA/BTC,1564975957804,2019-08-05T03:32:37.804Z,sell,2.6e-05,4.75,0.0001235
VIA/BTC,1564975957817,2019-08-05T03:32:37.817Z,sell,2.6e-05,8.32,0.00021632
VIA/BTC,1564976022106,2019-08-05T03:33:42.106Z,sell,2.59e-05,1565.23,0.040539457
VIA/BTC,1564976022142,2019-08-05T03:33:42.142Z,buy,2.59e-05,8.77,0.000227143
VIA/BTC,1564976022148,2019-08-05T03:33:42.148Z,buy,2.59e-05,8.78,0.0002274019999999
VIA/BTC,1564976065650,2019-08-05T03:34:25.650Z,buy,2.59e-05,1039.3,0.0269178699999999
VIA/BTC,1564976066202,2019-08-05T03:34:26.202Z,sell,2.59e-05,264.86,0.006859874
VIA/BTC,1564976102674,2019-08-05T03:35:02.674Z,sell,2.59e-05,6.29,0.0001629109999999
VIA/BTC,1564976160736,2019-08-05T03:36:00.736Z,sell,2.59e-05,174.82,0.0045278379999999
VIA/BTC,1564976180652,2019-08-05T03:36:20.652Z,buy,2.59e-05,272.32,0.007053088
VIA/BTC,1564976234823,2019-08-05T03:37:14.823Z,buy,2.6e-05,1.25,3.25e-05
VIA/BTC,1564976255906,2019-08-05T03:37:35.906Z,buy,2.6e-05,1.29,3.354e-05
VIA/BTC,1564976516763,2019-08-05T03:41:56.763Z,buy,2.6e-05,1.1,2.86e-05
VIA/BTC,1564976652105,2019-08-05T03:44:12.105Z,sell,2.59e-05,3051.04,0.079021936
VIA/BTC,1564976668429,2019-08-05T03:44:28.429Z,sell,2.59e-05,227.92,0.005903128
VIA/BTC,1564976672682,2019-08-05T03:44:32.682Z,sell,2.59e-05,420.16,0.010882144
VIA/BTC,1564976773673,2019-08-05T03:46:13.673Z,buy,2.58e-05,1.27,3.2766e-05
VIA/BTC,1564976854295,2019-08-05T03:47:34.295Z,buy,2.58e-05,1.13,2.9154e-05
VIA/BTC,1564976978382,2019-08-05T03:49:38.382Z,sell,2.57e-05,69.0,0.0017733
VIA/BTC,1564977198593,2019-08-05T03:53:18.593Z,buy,2.58e-05,1.36,3.5088e-05
VIA/BTC,1564977245581,2019-08-05T03:54:05.581Z,buy,2.58e-05,1.09,2.8122000000000003e-05
VIA/BTC,1564977298831,2019-08-05T03:54:58.831Z,buy,2.58e-05,9.94,0.000256452
VIA/BTC,1564977376963,2019-08-05T03:56:16.963Z,buy,2.58e-05,1.36,3.5088e-05
VIA/BTC,1564977424617,2019-08-05T03:57:04.617Z,buy,2.58e-05,1.25,3.225e-05
VIA/BTC,1564977526346,2019-08-05T03:58:46.346Z,buy,2.58e-05,1.11,2.8638000000000003e-05
VIA/BTC,1564977527596,2019-08-05T03:58:47.596Z,buy,2.58e-05,1.2,3.096e-05
VIA/BTC,1564977534902,2019-08-05T03:58:54.902Z,buy,2.58e-05,8.77,0.000226266
VIA/BTC,1564977560914,2019-08-05T03:59:20.914Z,sell,2.57e-05,16.47,0.000423279
VIA/BTC,1564977560914,2019-08-05T03:59:20.914Z,sell,2.57e-05,16.47,0.000423279
VIA/BTC,1564977746943,2019-08-05T04:02:26.943Z,buy,2.58e-05,1556.64,0.040161312
VIA/BTC,1564977747086,2019-08-05T04:02:27.086Z,sell,2.58e-05,4.96,0.000127968
VIA/BTC,1564977754618,2019-08-05T04:02:34.618Z,buy,2.59e-05,3742.0,0.0969178
VIA/BTC,1564978040967,2019-08-05T04:07:20.967Z,buy,2.59e-05,1.27,3.2893e-05
VIA/BTC,1564978353830,2019-08-05T04:12:33.830Z,buy,2.6e-05,42.31,0.00110006
VIA/BTC,1564978534176,2019-08-05T04:15:34.176Z,buy,2.6e-05,1.17,3.042e-05
VIA/BTC,1564978622693,2019-08-05T04:17:02.693Z,buy,2.6e-05,1.12,2.912e-05
VIA/BTC,1564978625088,2019-08-05T04:17:05.088Z,buy,2.59e-05,3.96,0.000102564
VIA/BTC,1564979030479,2019-08-05T04:23:50.479Z,buy,2.59e-05,733.72,0.019003348
VIA/BTC,1564979030479,2019-08-05T04:23:50.479Z,buy,2.6e-05,425.49,0.01106274
VIA/BTC,1564979030479,2019-08-05T04:23:50.479Z,buy,2.61e-05,1346.35,0.035139735
VIA/BTC,1564979030479,2019-08-05T04:23:50.479Z,buy,2.62e-05,1147.44,0.030062928
VIA/BTC,1564979315076,2019-08-05T04:28:35.076Z,sell,2.59e-05,92.83,0.0024042969999999
VIA/BTC,1564979894856,2019-08-05T04:38:14.856Z,buy,2.6e-05,1.14,2.9639999999999997e-05
VIA/BTC,1564980832805,2019-08-05T04:53:52.805Z,sell,2.59e-05,25.0,0.0006475
VIA/BTC,1564981147095,2019-08-05T04:59:07.095Z,sell,2.58e-05,775.19,0.019999902
VIA/BTC,1564981147655,2019-08-05T04:59:07.655Z,sell,2.58e-05,87.0,0.0022446
VIA/BTC,1564981148795,2019-08-05T04:59:08.795Z,sell,2.58e-05,16.18,0.000417444
VIA/BTC,1564981149264,2019-08-05T04:59:09.264Z,sell,2.58e-05,231.23,0.0059657339999999
VIA/BTC,1564981149264,2019-08-05T04:59:09.264Z,sell,2.58e-05,231.23,0.0059657339999999
VIA/BTC,1564981193112,2019-08-05T04:59:53.112Z,buy,2.59e-05,12.0,0.0003107999999999
VIA/BTC,1564981741738,2019-08-05T05:09:01.738Z,sell,2.58e-05,1981.25,0.05111625
VIA/BTC,1564981741738,2019-08-05T05:09:01.738Z,sell,2.56e-05,747.08,0.019125248
VIA/BTC,1564981741738,2019-08-05T05:09:01.738Z,sell,2.55e-05,2032.98,0.05184099
VIA/BTC,1564981741778,2019-08-05T05:09:01.778Z,buy,2.59e-05,1.42,3.6778e-05
VIA/BTC,1564981741809,2019-08-05T05:09:01.809Z,buy,2.59e-05,1.26,3.2634e-05
VIA/BTC,1564981742225,2019-08-05T05:09:02.225Z,sell,2.57e-05,135.34,0.003478238
VIA/BTC,1564981742504,2019-08-05T05:09:02.504Z,sell,2.57e-05,227.9,0.00585703
VIA/BTC,1564981744801,2019-08-05T05:09:04.801Z,sell,2.56e-05,193.8,0.00496128
VIA/BTC,1564981744848,2019-08-05T05:09:04.848Z,sell,2.56e-05,46.0,0.0011776
VIA/BTC,1564981744878,2019-08-05T05:09:04.878Z,sell,2.56e-05,38.76,0.000992256
VIA/BTC,1564981748082,2019-08-05T05:09:08.082Z,buy,2.57e-05,245.2,0.00630164
VIA/BTC,1564981787085,2019-08-05T05:09:47.085Z,buy,2.57e-05,334.12,0.008586884
VIA/BTC,1564981848322,2019-08-05T05:10:48.322Z,buy,2.58e-05,4.7,0.00012126
VIA/BTC,1564981989878,2019-08-05T05:13:09.878Z,sell,2.57e-05,49.49,0.001271893
VIA/BTC,1564982094099,2019-08-05T05:14:54.099Z,buy,2.58e-05,391.22,0.010093476
VIA/BTC,1564982314201,2019-08-05T05:18:34.201Z,sell,2.57e-05,21.89,0.000562573
VIA/BTC,1564982373808,2019-08-05T05:19:33.808Z,buy,2.59e-05,1.41,3.6519e-05
VIA/BTC,1564982403052,2019-08-05T05:20:03.052Z,buy,2.59e-05,1.09,2.8231e-05
VIA/BTC,1564982473150,2019-08-05T05:21:13.150Z,buy,2.59e-05,1.21,3.1339e-05
VIA/BTC,1564982505140,2019-08-05T05:21:45.140Z,buy,2.58e-05,1.28,3.3024e-05
VIA/BTC,1564982548198,2019-08-05T05:22:28.198Z,buy,2.58e-05,1.42,3.6636e-05
VIA/BTC,1564982580597,2019-08-05T05:23:00.597Z,sell,2.57e-05,751.76,0.019320232
VIA/BTC,1564982580773,2019-08-05T05:23:00.773Z,sell,2.57e-05,3.98,0.000102286
VIA/BTC,1564982747321,2019-08-05T05:25:47.321Z,buy,2.58e-05,38.84,0.001002072
VIA/BTC,1564982800989,2019-08-05T05:26:40.989Z,sell,2.56e-05,132.65,0.00339584
VIA/BTC,1564982805340,2019-08-05T05:26:45.340Z,sell,2.58e-05,161.22,0.004159476
VIA/BTC,1564982810763,2019-08-05T05:26:50.763Z,sell,2.57e-05,46.33,0.001190681
VIA/BTC,1564982837148,2019-08-05T05:27:17.148Z,sell,2.56e-05,14.55,0.00037248
VIA/BTC,1564982837201,2019-08-05T05:27:17.201Z,buy,2.56e-05,13.61,0.000348416
VIA/BTC,1564982837273,2019-08-05T05:27:17.273Z,buy,2.56e-05,9.81,0.000251136
VIA/BTC,1564982837401,2019-08-05T05:27:17.401Z,buy,2.56e-05,76.92,0.001969152
VIA/BTC,1564982843539,2019-08-05T05:27:23.539Z,sell,2.56e-05,23.08,0.0005908479999999
VIA/BTC,1564982844847,2019-08-05T05:27:24.847Z,buy,2.56e-05,22.92,0.000586752
VIA/BTC,1564982846840,2019-08-05T05:27:26.840Z,sell,2.57e-05,46.0,0.0011822
VIA/BTC,1564982847302,2019-08-05T05:27:27.302Z,sell,2.57e-05,5.16,0.000132612
VIA/BTC,1564982857544,2019-08-05T05:27:37.544Z,sell,2.56e-05,51.16,0.001309696
VIA/BTC,1564982883462,2019-08-05T05:28:03.462Z,buy,2.59e-05,117.18,0.003034962
VIA/BTC,1564982886897,2019-08-05T05:28:06.897Z,sell,2.57e-05,161.87,0.004160059
VIA/BTC,1564982927711,2019-08-05T05:28:47.711Z,sell,2.55e-05,29.39,0.000749445
VIA/BTC,1564983032989,2019-08-05T05:30:32.989Z,sell,2.56e-05,52.26,0.001337856
VIA/BTC,1564983059366,2019-08-05T05:30:59.366Z,sell,2.56e-05,10.35,0.0002649599999999
VIA/BTC,1564983062000,2019-08-05T05:31:02.000Z,sell,2.55e-05,46.0,0.001173
VIA/BTC,1564983067112,2019-08-05T05:31:07.112Z,sell,2.55e-05,42.96,0.00109548
VIA/BTC,1564983672966,2019-08-05T05:41:12.966Z,sell,2.55e-05,16.33,0.0004164149999999
VIA/BTC,1564983707213,2019-08-05T05:41:47.213Z,sell,2.55e-05,93.94,0.00239547
VIA/BTC,1564983807202,2019-08-05T05:43:27.202Z,buy,2.56e-05,9.5,0.0002432
VIA/BTC,1564984320149,2019-08-05T05:52:00.149Z,buy,2.56e-05,601.67,0.0154027519999999
VIA/BTC,1564984320155,2019-08-05T05:52:00.155Z,buy,2.56e-05,567.9,0.01453824
VIA/BTC,1564984320177,2019-08-05T05:52:00.177Z,buy,2.56e-05,1.43,3.6608e-05
VIA/BTC,1564984320283,2019-08-05T05:52:00.283Z,buy,2.56e-05,366.0,0.0093695999999999
VIA/BTC,1564984553070,2019-08-05T05:55:53.070Z,sell,2.56e-05,66.7,0.00170752
VIA/BTC,1564984636410,2019-08-05T05:57:16.410Z,buy,2.57e-05,1.43,3.6751e-05
VIA/BTC,1564984653329,2019-08-05T05:57:33.329Z,buy,2.57e-05,1.27,3.2639000000000004e-05
VIA/BTC,1564984660317,2019-08-05T05:57:40.317Z,buy,2.56e-05,1062.56,0.027201536
VIA/BTC,1564984660317,2019-08-05T05:57:40.317Z,buy,2.56e-05,1062.56,0.027201536
VIA/BTC,1564984829330,2019-08-05T06:00:29.330Z,buy,2.57e-05,140.87,0.003620359
VIA/BTC,1564985087992,2019-08-05T06:04:47.992Z,buy,2.58e-05,1.22,3.1476e-05
VIA/BTC,1564985191625,2019-08-05T06:06:31.625Z,buy,2.58e-05,1.4,3.612e-05
VIA/BTC,1564985589762,2019-08-05T06:13:09.762Z,buy,2.58e-05,1.38,3.5604e-05
VIA/BTC,1564986290583,2019-08-05T06:24:50.583Z,sell,2.55e-05,62.93,0.001604715
VIA/BTC,1564986819753,2019-08-05T06:33:39.753Z,buy,2.57e-05,1.39,3.5723e-05
VIA/BTC,1564987188086,2019-08-05T06:39:48.086Z,sell,2.55e-05,24.5,0.00062475
VIA/BTC,1564987514898,2019-08-05T06:45:14.898Z,sell,2.55e-05,135.66,0.00345933
VIA/BTC,1564987517613,2019-08-05T06:45:17.613Z,sell,2.55e-05,46.0,0.001173
VIA/BTC,1564987604656,2019-08-05T06:46:44.656Z,sell,2.55e-05,175.43,0.004473465
VIA/BTC,1564987819159,2019-08-05T06:50:19.159Z,sell,2.55e-05,92.3,0.00235365
VIA/BTC,1564987819159,2019-08-05T06:50:19.159Z,sell,2.54e-05,644.7,0.01637538
VIA/BTC,1564987821077,2019-08-05T06:50:21.077Z,buy,2.55e-05,8.77,0.000223635
VIA/BTC,1564987946255,2019-08-05T06:52:26.255Z,buy,2.55e-05,165.68,0.00422484
VIA/BTC,1564987946255,2019-08-05T06:52:26.255Z,buy,2.55e-05,165.68,0.00422484
VIA/BTC,1564989258130,2019-08-05T07:14:18.130Z,sell,2.54e-05,17.0,0.0004318
VIA/BTC,1564989363794,2019-08-05T07:16:03.794Z,buy,2.56e-05,1.25,3.2e-05
VIA/BTC,1564989401685,2019-08-05T07:16:41.685Z,sell,2.54e-05,167.14,0.004245356
VIA/BTC,1564989404033,2019-08-05T07:16:44.033Z,sell,2.54e-05,46.0,0.0011684
VIA/BTC,1564989409055,2019-08-05T07:16:49.055Z,buy,2.55e-05,289.27,0.0073763849999999
VIA/BTC,1564989412568,2019-08-05T07:16:52.568Z,buy,2.55e-05,780.94,0.01991397
VIA/BTC,1564989416180,2019-08-05T07:16:56.180Z,buy,2.55e-05,780.94,0.01991397
VIA/BTC,1564989419707,2019-08-05T07:16:59.707Z,buy,2.55e-05,780.94,0.01991397
VIA/BTC,1564989424257,2019-08-05T07:17:04.257Z,buy,2.55e-05,0.82,2.091e-05
VIA/BTC,1564989424678,2019-08-05T07:17:04.678Z,sell,2.55e-05,82.96,0.00211548
VIA/BTC,1564989424789,2019-08-05T07:17:04.789Z,sell,2.54e-05,67.5,0.0017145
VIA/BTC,1564989428679,2019-08-05T07:17:08.679Z,buy,2.54e-05,43.5,0.0011049
VIA/BTC,1564989438345,2019-08-05T07:17:18.345Z,buy,2.54e-05,43.5,0.0011049
VIA/BTC,1564989443528,2019-08-05T07:17:23.528Z,buy,2.54e-05,43.5,0.0011049
VIA/BTC,1564989447182,2019-08-05T07:17:27.182Z,buy,2.54e-05,43.5,0.0011049
VIA/BTC,1564989454624,2019-08-05T07:17:34.624Z,buy,2.54e-05,43.5,0.0011049
VIA/BTC,1564989460739,2019-08-05T07:17:40.739Z,buy,2.54e-05,43.5,0.0011049
VIA/BTC,1564989464956,2019-08-05T07:17:44.956Z,buy,2.54e-05,43.5,0.0011049
VIA/BTC,1564989470588,2019-08-05T07:17:50.588Z,buy,2.54e-05,43.5,0.0011049
VIA/BTC,1564989474293,2019-08-05T07:17:54.293Z,buy,2.54e-05,43.5,0.0011049
VIA/BTC,1564989477882,2019-08-05T07:17:57.882Z,buy,2.54e-05,43.5,0.0011049
VIA/BTC,1564989478863,2019-08-05T07:17:58.863Z,buy,2.54e-05,242.71,0.006164834
VIA/BTC,1564989479132,2019-08-05T07:17:59.132Z,sell,2.54e-05,152.43,0.003871722
VIA/BTC,1564989479819,2019-08-05T07:17:59.819Z,sell,2.53e-05,395.14,0.009997042
VIA/BTC,1564989481326,2019-08-05T07:18:01.326Z,buy,2.54e-05,43.5,0.0011049
VIA/BTC,1564989485431,2019-08-05T07:18:05.431Z,buy,2.54e-05,43.5,0.0011049
VIA/BTC,1564989489973,2019-08-05T07:18:09.973Z,buy,2.54e-05,43.5,0.0011049
VIA/BTC,1564989493720,2019-08-05T07:18:13.720Z,buy,2.54e-05,43.5,0.0011049
VIA/BTC,1564989496725,2019-08-05T07:18:16.725Z,buy,2.54e-05,43.5,0.0011049
VIA/BTC,1564989499821,2019-08-05T07:18:19.821Z,buy,2.54e-05,43.5,0.0011049
VIA/BTC,1564989503594,2019-08-05T07:18:23.594Z,buy,2.54e-05,43.5,0.0011049
VIA/BTC,1564989509069,2019-08-05T07:18:29.069Z,buy,2.54e-05,43.5,0.0011049
VIA/BTC,1564989512704,2019-08-05T07:18:32.704Z,buy,2.54e-05,43.5,0.0011049
VIA/BTC,1564989514831,2019-08-05T07:18:34.831Z,buy,2.54e-05,603.59,0.015331186
VIA/BTC,1564989515020,2019-08-05T07:18:35.020Z,sell,2.54e-05,10.38,0.000263652
VIA/BTC,1564989674056,2019-08-05T07:21:14.056Z,sell,2.54e-05,233.33,0.005926582
VIA/BTC,1564989674859,2019-08-05T07:21:14.859Z,buy,2.54e-05,101.05,0.00256667
VIA/BTC,1564989676946,2019-08-05T07:21:16.946Z,buy,2.54e-05,635.18,0.016133572
VIA/BTC,1564990044755,2019-08-05T07:27:24.755Z,sell,2.53e-05,43.84,0.001109152
VIA/BTC,1564990044778,2019-08-05T07:27:24.778Z,sell,2.53e-05,928.41,0.0234887729999999
VIA/BTC,1564990046715,2019-08-05T07:27:26.715Z,sell,2.52e-05,325.13,0.008193276
VIA/BTC,1564990046980,2019-08-05T07:27:26.980Z,sell,2.52e-05,0.01,2.52e-07
VIA/BTC,1564990047124,2019-08-05T07:27:27.124Z,buy,2.52e-05,61.05,0.00153846
VIA/BTC,1564990048137,2019-08-05T07:27:28.137Z,sell,2.51e-05,272.21,0.006832471
VIA/BTC,1564990048253,2019-08-05T07:27:28.253Z,buy,2.52e-05,894.78,0.0225484559999999
VIA/BTC,1564990048257,2019-08-05T07:27:28.257Z,buy,2.52e-05,39.38,0.000992376
VIA/BTC,1564990048609,2019-08-05T07:27:28.609Z,sell,2.52e-05,0.62,1.5623999999999998e-05
VIA/BTC,1564990048609,2019-08-05T07:27:28.609Z,sell,2.51e-05,197.8,0.00496478
VIA/BTC,1564990048687,2019-08-05T07:27:28.687Z,sell,2.51e-05,39.69,0.000996219
VIA/BTC,1564990049165,2019-08-05T07:27:29.165Z,sell,2.52e-05,39.69,0.001000188
VIA/BTC,1564990050682,2019-08-05T07:27:30.682Z,buy,2.53e-05,46.0,0.0011638
VIA/BTC,1564990091719,2019-08-05T07:28:11.719Z,sell,2.53e-05,182.06,0.0046061179999999
VIA/BTC,1564990259879,2019-08-05T07:30:59.879Z,buy,2.54e-05,42.27,0.001073658
VIA/BTC,1564990299942,2019-08-05T07:31:39.942Z,buy,2.54e-05,94.55,0.00240157
VIA/BTC,1564990728044,2019-08-05T07:38:48.044Z,buy,2.54e-05,66.18,0.001680972
VIA/BTC,1564990839530,2019-08-05T07:40:39.530Z,sell,2.52e-05,400.03,0.010080756
VIA/BTC,1564990841137,2019-08-05T07:40:41.137Z,buy,2.53e-05,30.63,0.0007749389999999
VIA/BTC,1564990889361,2019-08-05T07:41:29.361Z,sell,2.52e-05,446.76,0.011258352
VIA/BTC,1564990889401,2019-08-05T07:41:29.401Z,sell,2.52e-05,29.77,0.000750204
VIA/BTC,1564990889401,2019-08-05T07:41:29.401Z,sell,2.51e-05,446.76,0.011213676
VIA/BTC,1564990891309,2019-08-05T07:41:31.309Z,sell,2.51e-05,46.0,0.0011546
VIA/BTC,1564990919937,2019-08-05T07:41:59.937Z,sell,2.51e-05,29.77,0.000747227
VIA/BTC,1564990945304,2019-08-05T07:42:25.304Z,sell,2.51e-05,205.07,0.005147257
VIA/BTC,1564990988273,2019-08-05T07:43:08.273Z,sell,2.51e-05,222.48,0.005584248
VIA/BTC,1564990988360,2019-08-05T07:43:08.360Z,sell,2.51e-05,256.62,0.006441162
VIA/BTC,1564990995798,2019-08-05T07:43:15.798Z,sell,2.5e-05,4.36,0.000109
VIA/BTC,1564990995798,2019-08-05T07:43:15.798Z,sell,2.5e-05,1232.55,0.03081375
VIA/BTC,1564991013085,2019-08-05T07:43:33.085Z,buy,2.51e-05,159.36,0.003999936
VIA/BTC,1564991023395,2019-08-05T07:43:43.395Z,sell,2.5e-05,298.26,0.0074565
VIA/BTC,1564991155527,2019-08-05T07:45:55.527Z,buy,2.51e-05,197.24,0.004950724
VIA/BTC,1564991156921,2019-08-05T07:45:56.921Z,buy,2.51e-05,27.93,0.000701043
VIA/BTC,1564991159060,2019-08-05T07:45:59.060Z,buy,2.51e-05,302.93,0.007603543
VIA/BTC,1564991162606,2019-08-05T07:46:02.606Z,buy,2.52e-05,574.11,0.014467572
VIA/BTC,1564991162675,2019-08-05T07:46:02.675Z,sell,2.51e-05,448.49,0.011257099
VIA/BTC,1564991162767,2019-08-05T07:46:02.767Z,sell,2.51e-05,223.25,0.005603575
VIA/BTC,1564991162846,2019-08-05T07:46:02.846Z,sell,2.51e-05,118.77,0.002981127
VIA/BTC,1564991162887,2019-08-05T07:46:02.887Z,sell,2.5e-05,118.77,0.00296925
VIA/BTC,1564991163461,2019-08-05T07:46:03.461Z,sell,2.51e-05,161.82,0.004061682
VIA/BTC,1564991163525,2019-08-05T07:46:03.525Z,sell,2.5e-05,161.82,0.0040455
VIA/BTC,1564991166137,2019-08-05T07:46:06.137Z,buy,2.52e-05,503.84,0.0126967679999999
VIA/BTC,1564991166200,2019-08-05T07:46:06.200Z,sell,2.51e-05,448.42,0.011255342
VIA/BTC,1564991166228,2019-08-05T07:46:06.228Z,sell,2.51e-05,342.09,0.008586459
VIA/BTC,1564991166228,2019-08-05T07:46:06.228Z,sell,2.5e-05,448.42,0.0112105
VIA/BTC,1564991166886,2019-08-05T07:46:06.886Z,buy,2.51e-05,152.47,0.003826997
VIA/BTC,1564991166964,2019-08-05T07:46:06.964Z,sell,2.51e-05,9.35,0.000234685
VIA/BTC,1564991169692,2019-08-05T07:46:09.692Z,buy,2.52e-05,503.91,0.012698532
VIA/BTC,1564991169758,2019-08-05T07:46:09.758Z,sell,2.51e-05,448.42,0.011255342
VIA/BTC,1564991169827,2019-08-05T07:46:09.827Z,sell,2.51e-05,342.09,0.008586459
VIA/BTC,1564991169827,2019-08-05T07:46:09.827Z,sell,2.5e-05,448.42,0.0112105
VIA/BTC,1564991170380,2019-08-05T07:46:10.380Z,buy,2.51e-05,161.82,0.004061682
VIA/BTC,1564991173248,2019-08-05T07:46:13.248Z,buy,2.51e-05,10.8,0.00027108
VIA/BTC,1564991173248,2019-08-05T07:46:13.248Z,buy,2.52e-05,151.02,0.003805704
VIA/BTC,1564991173318,2019-08-05T07:46:13.318Z,sell,2.51e-05,448.46,0.011256346
VIA/BTC,1564991173386,2019-08-05T07:46:13.386Z,sell,2.51e-05,342.05,0.008585455
VIA/BTC,1564991173413,2019-08-05T07:46:13.413Z,sell,2.5e-05,79.84,0.001996
VIA/BTC,1564991176813,2019-08-05T07:46:16.813Z,sell,2.51e-05,151.02,0.003790602
VIA/BTC,1564991176813,2019-08-05T07:46:16.813Z,sell,2.5e-05,801.31,0.02003275
VIA/BTC,1564991176813,2019-08-05T07:46:16.813Z,sell,2.51e-05,151.02,0.003790602
VIA/BTC,1564991176813,2019-08-05T07:46:16.813Z,sell,2.5e-05,801.31,0.02003275
VIA/BTC,1564991611816,2019-08-05T07:53:31.816Z,sell,2.51e-05,53.07,0.001332057
VIA/BTC,1564991682583,2019-08-05T07:54:42.583Z,sell,2.51e-05,87.0,0.0021837
VIA/BTC,1564991687874,2019-08-05T07:54:47.874Z,buy,2.51e-05,87.0,0.0021837
VIA/BTC,1564991696220,2019-08-05T07:54:56.220Z,buy,2.51e-05,115.8,0.0029065799999999
VIA/BTC,1564991700467,2019-08-05T07:55:00.467Z,buy,2.51e-05,115.8,0.0029065799999999
VIA/BTC,1564991704829,2019-08-05T07:55:04.829Z,buy,2.51e-05,115.8,0.0029065799999999
VIA/BTC,1564991708791,2019-08-05T07:55:08.791Z,buy,2.51e-05,115.8,0.0029065799999999
VIA/BTC,1564991712278,2019-08-05T07:55:12.278Z,buy,2.51e-05,115.8,0.0029065799999999
VIA/BTC,1564991718846,2019-08-05T07:55:18.846Z,buy,2.51e-05,115.8,0.0029065799999999
VIA/BTC,1564991722511,2019-08-05T07:55:22.511Z,buy,2.51e-05,115.8,0.0029065799999999
VIA/BTC,1564991726479,2019-08-05T07:55:26.479Z,buy,2.51e-05,115.8,0.0029065799999999
VIA/BTC,1564991729760,2019-08-05T07:55:29.760Z,buy,2.51e-05,94.81,0.002379731
VIA/BTC,1564991960832,2019-08-05T07:59:20.832Z,buy,2.53e-05,832.83,0.021070599
VIA/BTC,1564991964073,2019-08-05T07:59:24.073Z,sell,2.53e-05,159.36,0.004031808
VIA/BTC,1564991979625,2019-08-05T07:59:39.625Z,sell,2.53e-05,275.41,0.006967873
VIA/BTC,1564992362498,2019-08-05T08:06:02.498Z,sell,2.53e-05,187.01,0.004731353
VIA/BTC,1564993396728,2019-08-05T08:23:16.728Z,buy,2.54e-05,215.6,0.00547624
VIA/BTC,1564994016886,2019-08-05T08:33:36.886Z,buy,2.54e-05,25.0,0.000635
VIA/BTC,1564994101570,2019-08-05T08:35:01.570Z,sell,2.53e-05,110.0,0.002783
VIA/BTC,1564994101970,2019-08-05T08:35:01.970Z,sell,2.53e-05,144.48,0.0036553439999999
VIA/BTC,1564994102863,2019-08-05T08:35:02.863Z,sell,2.53e-05,621.78,0.0157310339999999
VIA/BTC,1564994280284,2019-08-05T08:38:00.284Z,sell,2.53e-05,125.4,0.00317262
VIA/BTC,1564994550421,2019-08-05T08:42:30.421Z,buy,2.54e-05,1915.37,0.048650398
VIA/BTC,1564994550421,2019-08-05T08:42:30.421Z,buy,2.54e-05,1915.37,0.048650398
VIA/BTC,1564994834063,2019-08-05T08:47:14.063Z,buy,2.54e-05,35.19,0.000893826
VIA/BTC,1564995599367,2019-08-05T08:59:59.367Z,sell,2.53e-05,217.91,0.005513123
VIA/BTC,1564996747640,2019-08-05T09:19:07.640Z,sell,2.53e-05,12.5,0.0003162499999999
VIA/BTC,1564997326207,2019-08-05T09:28:46.207Z,sell,2.53e-05,116.41,0.0029451729999999
VIA/BTC,1564998107142,2019-08-05T09:41:47.142Z,sell,2.53e-05,26.98,0.000682594
VIA/BTC,1564998107142,2019-08-05T09:41:47.142Z,sell,2.53e-05,26.98,0.000682594
VIA/BTC,1564998833590,2019-08-05T09:53:53.590Z,buy,2.55e-05,31.0,0.0007905
VIA/BTC,1564999005116,2019-08-05T09:56:45.116Z,buy,2.55e-05,1205.23,0.030733365
VIA/BTC,1564999551555,2019-08-05T10:05:51.555Z,buy,2.55e-05,91.4,0.0023307
VIA/BTC,1564999571969,2019-08-05T10:06:11.969Z,sell,2.53e-05,585.7,0.01481821
VIA/BTC,1565000356105,2019-08-05T10:19:16.105Z,buy,2.55e-05,18.22,0.0004646099999999
VIA/BTC,1565000436656,2019-08-05T10:20:36.656Z,buy,2.55e-05,15.09,0.000384795
VIA/BTC,1565000594436,2019-08-05T10:23:14.436Z,buy,2.55e-05,7.8,0.0001988999999999
VIA/BTC,1565001060373,2019-08-05T10:31:00.373Z,buy,2.55e-05,44.32,0.00113016
VIA/BTC,1565001171873,2019-08-05T10:32:51.873Z,buy,2.55e-05,8.6,0.0002193
VIA/BTC,1565001172479,2019-08-05T10:32:52.479Z,buy,2.55e-05,8.6,0.0002193
VIA/BTC,1565001297797,2019-08-05T10:34:57.797Z,buy,2.55e-05,9.97,0.000254235
VIA/BTC,1565001330510,2019-08-05T10:35:30.510Z,buy,2.55e-05,8.63,0.000220065
VIA/BTC,1565001330559,2019-08-05T10:35:30.559Z,buy,2.55e-05,780.0,0.01989
VIA/BTC,1565001330579,2019-08-05T10:35:30.579Z,buy,2.55e-05,573.62,0.01462731
VIA/BTC,1565001330585,2019-08-05T10:35:30.585Z,buy,2.55e-05,145.84,0.00371892
VIA/BTC,1565001340075,2019-08-05T10:35:40.075Z,sell,2.53e-05,254.83,0.006447199
VIA/BTC,1565001340122,2019-08-05T10:35:40.122Z,buy,2.53e-05,31.56,0.0007984679999999
VIA/BTC,1565001340124,2019-08-05T10:35:40.124Z,buy,2.53e-05,9.91,0.000250723
VIA/BTC,1565001340141,2019-08-05T10:35:40.141Z,buy,2.53e-05,190.97,0.004831541
VIA/BTC,1565001349100,2019-08-05T10:35:49.100Z,sell,2.53e-05,8.6,0.00021758
VIA/BTC,1565001353429,2019-08-05T10:35:53.429Z,sell,2.53e-05,64.45,0.001630585
VIA/BTC,1565001396784,2019-08-05T10:36:36.784Z,sell,2.53e-05,15.64,0.000395692
VIA/BTC,1565001507445,2019-08-05T10:38:27.445Z,buy,2.54e-05,573.62,0.014569948
VIA/BTC,1565001616443,2019-08-05T10:40:16.443Z,buy,2.54e-05,293.61,0.007457694
VIA/BTC,1565001616443,2019-08-05T10:40:16.443Z,buy,2.54e-05,293.61,0.007457694
VIA/BTC,1565002079460,2019-08-05T10:47:59.460Z,buy,2.55e-05,7413.59,0.189046545
VIA/BTC,1565002081219,2019-08-05T10:48:01.219Z,sell,2.55e-05,15.68,0.00039984
VIA/BTC,1565003591108,2019-08-05T11:13:11.108Z,buy,2.57e-05,5.13,0.000131841
VIA/BTC,1565003591108,2019-08-05T11:13:11.108Z,buy,2.58e-05,519.64,0.013406712
VIA/BTC,1565003591664,2019-08-05T11:13:11.664Z,sell,2.59e-05,21.65,0.0005607349999999
VIA/BTC,1565003591698,2019-08-05T11:13:11.698Z,sell,2.59e-05,65.04,0.001684536
VIA/BTC,1565003591792,2019-08-05T11:13:11.792Z,sell,2.59e-05,13.76,0.000356384
VIA/BTC,1565003591903,2019-08-05T11:13:11.903Z,sell,2.59e-05,16.25,0.0004208749999999
VIA/BTC,1565003602805,2019-08-05T11:13:22.805Z,buy,2.6e-05,385.35,0.0100191
VIA/BTC,1565003602805,2019-08-05T11:13:22.805Z,buy,2.61e-05,5566.56,0.145287216
VIA/BTC,1565003602805,2019-08-05T11:13:22.805Z,buy,2.62e-05,4534.34,0.118799708
VIA/BTC,1565003618459,2019-08-05T11:13:38.459Z,sell,2.6e-05,66.9,0.0017394
VIA/BTC,1565003629556,2019-08-05T11:13:49.556Z,sell,2.6e-05,91.4,0.0023764
VIA/BTC,1565003637428,2019-08-05T11:13:57.428Z,sell,2.62e-05,8.52,0.0002232239999999
VIA/BTC,1565003637564,2019-08-05T11:13:57.564Z,buy,2.63e-05,194.39,0.0051124569999999
VIA/BTC,1565003637813,2019-08-05T11:13:57.813Z,sell,2.63e-05,9.91,0.0002606329999999
VIA/BTC,1565003637932,2019-08-05T11:13:57.932Z,sell,2.63e-05,64.88,0.0017063439999999
VIA/BTC,1565003643076,2019-08-05T11:14:03.076Z,sell,2.63e-05,105.1,0.0027641299999999
VIA/BTC,1565003643204,2019-08-05T11:14:03.204Z,sell,2.63e-05,71.57,0.0018822909999999
VIA/BTC,1565003655227,2019-08-05T11:14:15.227Z,sell,2.64e-05,152.57,0.004027848
VIA/BTC,1565003655307,2019-08-05T11:14:15.307Z,sell,2.63e-05,152.57,0.0040125909999999
VIA/BTC,1565003656552,2019-08-05T11:14:16.552Z,buy,2.63e-05,152.57,0.0040125909999999
VIA/BTC,1565003659273,2019-08-05T11:14:19.273Z,sell,2.63e-05,615.38,0.016184494
VIA/BTC,1565003659362,2019-08-05T11:14:19.362Z,sell,2.63e-05,80.15,0.002107945
VIA/BTC,1565003663880,2019-08-05T11:14:23.880Z,sell,2.64e-05,20.68,0.000545952
VIA/BTC,1565003672645,2019-08-05T11:14:32.645Z,sell,2.65e-05,42.48,0.00112572
VIA/BTC,1565003672960,2019-08-05T11:14:32.960Z,sell,2.65e-05,4.13,0.0001094449999999
VIA/BTC,1565003682831,2019-08-05T11:14:42.831Z,buy,2.66e-05,4.22,0.000112252
VIA/BTC,1565003682831,2019-08-05T11:14:42.831Z,buy,2.68e-05,392.62,0.010522216
VIA/BTC,1565003682831,2019-08-05T11:14:42.831Z,buy,2.69e-05,1769.42,0.047597398
VIA/BTC,1565003682853,2019-08-05T11:14:42.853Z,sell,2.69e-05,1461.51,0.039314619
VIA/BTC,1565003682917,2019-08-05T11:14:42.917Z,buy,2.64e-05,56.6,0.00149424
VIA/BTC,1565003682955,2019-08-05T11:14:42.955Z,buy,2.64e-05,56.6,0.00149424
VIA/BTC,1565003683488,2019-08-05T11:14:43.488Z,buy,2.64e-05,50.0,0.00132
VIA/BTC,1565003683550,2019-08-05T11:14:43.550Z,buy,2.64e-05,198.55,0.00524172
VIA/BTC,1565003686562,2019-08-05T11:14:46.562Z,sell,2.66e-05,155.72,0.004142152
VIA/BTC,1565003717770,2019-08-05T11:15:17.770Z,sell,2.65e-05,56.6,0.0014999
VIA/BTC,1565003719018,2019-08-05T11:15:19.018Z,sell,2.65e-05,141.95,0.003761675
VIA/BTC,1565003719818,2019-08-05T11:15:19.818Z,buy,2.65e-05,13.77,0.000364905
VIA/BTC,1565003720112,2019-08-05T11:15:20.112Z,sell,2.65e-05,60.99,0.001616235
VIA/BTC,1565003720356,2019-08-05T11:15:20.356Z,sell,2.64e-05,141.4,0.00373296
VIA/BTC,1565003725942,2019-08-05T11:15:25.942Z,sell,2.64e-05,52.03,0.001373592
VIA/BTC,1565003731901,2019-08-05T11:15:31.901Z,buy,2.65e-05,9.55,0.000253075
VIA/BTC,1565003772071,2019-08-05T11:16:12.071Z,buy,2.65e-05,147.19,0.003900535
VIA/BTC,1565003772071,2019-08-05T11:16:12.071Z,buy,2.66e-05,27.68,0.000736288
VIA/BTC,1565003802413,2019-08-05T11:16:42.413Z,buy,2.65e-05,20.0,0.00053
VIA/BTC,1565003804880,2019-08-05T11:16:44.880Z,buy,2.65e-05,35.36,0.00093704
VIA/BTC,1565003857106,2019-08-05T11:17:37.106Z,buy,2.65e-05,22.9,0.0006068499999999
VIA/BTC,1565003890619,2019-08-05T11:18:10.619Z,sell,2.64e-05,156.45,0.00413028
VIA/BTC,1565003890619,2019-08-05T11:18:10.619Z,sell,2.63e-05,1580.23,0.041560049
VIA/BTC,1565003890653,2019-08-05T11:18:10.653Z,buy,2.63e-05,263.3,0.00692479
VIA/BTC,1565003890705,2019-08-05T11:18:10.705Z,buy,2.63e-05,0.02,5.26e-07
VIA/BTC,1565003891043,2019-08-05T11:18:11.043Z,buy,2.63e-05,263.3,0.00692479
VIA/BTC,1565003891055,2019-08-05T11:18:11.055Z,buy,2.63e-05,22.79,0.000599377
VIA/BTC,1565003891156,2019-08-05T11:18:11.156Z,buy,2.63e-05,185.84,0.004887592
VIA/BTC,1565003895217,2019-08-05T11:18:15.217Z,sell,2.63e-05,46.15,0.001213745
VIA/BTC,1565003900609,2019-08-05T11:18:20.609Z,sell,2.63e-05,1609.69,0.042334847
VIA/BTC,1565003900967,2019-08-05T11:18:20.967Z,buy,2.63e-05,877.24,0.023071412
VIA/BTC,1565003901264,2019-08-05T11:18:21.264Z,sell,2.62e-05,280.08,0.007338096
VIA/BTC,1565003903860,2019-08-05T11:18:23.860Z,buy,2.62e-05,281.09,0.0073645579999999
VIA/BTC,1565003903860,2019-08-05T11:18:23.860Z,buy,2.63e-05,609.95,0.016041685
VIA/BTC,1565003903953,2019-08-05T11:18:23.953Z,sell,2.61e-05,23.34,0.000609174
VIA/BTC,1565003906577,2019-08-05T11:18:26.577Z,buy,2.6e-05,1362.86,0.03543436
VIA/BTC,1565003938500,2019-08-05T11:18:58.500Z,buy,2.63e-05,84.38,0.002219194
VIA/BTC,1565004007677,2019-08-05T11:20:07.677Z,buy,2.63e-05,482.59,0.012692117
VIA/BTC,1565004105273,2019-08-05T11:21:45.273Z,buy,2.69e-05,57.61,0.001549709
VIA/BTC,1565004107354,2019-08-05T11:21:47.354Z,buy,2.69e-05,57.61,0.001549709
VIA/BTC,1565004155440,2019-08-05T11:22:35.440Z,sell,2.66e-05,60.4,0.0016066399999999
VIA/BTC,1565004344798,2019-08-05T11:25:44.798Z,sell,2.65e-05,94.85,0.002513525
VIA/BTC,1565004345604,2019-08-05T11:25:45.604Z,sell,2.64e-05,88.57,0.002338248
VIA/BTC,1565004357191,2019-08-05T11:25:57.191Z,sell,2.62e-05,2127.95,0.0557522899999999
VIA/BTC,1565004357191,2019-08-05T11:25:57.191Z,sell,2.61e-05,4672.87,0.121961907
VIA/BTC,1565004402770,2019-08-05T11:26:42.770Z,sell,2.59e-05,265.94,0.0068878459999999
VIA/BTC,1565004403605,2019-08-05T11:26:43.605Z,buy,2.59e-05,760.14,0.019687626
VIA/BTC,1565004415273,2019-08-05T11:26:55.273Z,sell,2.59e-05,473.1,0.01225329
VIA/BTC,1565004415597,2019-08-05T11:26:55.597Z,buy,2.59e-05,296.45,0.007678055
VIA/BTC,1565004417601,2019-08-05T11:26:57.601Z,buy,2.59e-05,88.58,0.002294222
VIA/BTC,1565004422685,2019-08-05T11:27:02.685Z,sell,2.59e-05,74.09,0.001918931
VIA/BTC,1565004422685,2019-08-05T11:27:02.685Z,sell,2.58e-05,1307.39,0.033730662
VIA/BTC,1565004432290,2019-08-05T11:27:12.290Z,buy,2.59e-05,43.27,0.001120693
VIA/BTC,1565004432551,2019-08-05T11:27:12.551Z,sell,2.58e-05,74.09,0.001911522
VIA/BTC,1565004432603,2019-08-05T11:27:12.603Z,buy,2.58e-05,81.16,0.002093928
VIA/BTC,1565004467578,2019-08-05T11:27:47.578Z,buy,2.59e-05,85.27,0.0022084929999999
VIA/BTC,1565004468093,2019-08-05T11:27:48.093Z,buy,2.59e-05,42.63,0.001104117
VIA/BTC,1565004468914,2019-08-05T11:27:48.914Z,buy,2.59e-05,4.74,0.000122766
VIA/BTC,1565004472822,2019-08-05T11:27:52.822Z,buy,2.59e-05,416.17,0.010778803
VIA/BTC,1565004483821,2019-08-05T11:28:03.821Z,sell,2.58e-05,25.27,0.000651966
VIA/BTC,1565004483861,2019-08-05T11:28:03.861Z,buy,2.58e-05,91.6,0.0023632799999999
VIA/BTC,1565004484274,2019-08-05T11:28:04.274Z,buy,2.58e-05,60.74,0.001567092
VIA/BTC,1565004484601,2019-08-05T11:28:04.601Z,buy,2.58e-05,4.39,0.0001132619999999
VIA/BTC,1565004485157,2019-08-05T11:28:05.157Z,buy,2.58e-05,60.74,0.001567092
VIA/BTC,1565004485613,2019-08-05T11:28:05.613Z,buy,2.58e-05,222.38,0.005737404
VIA/BTC,1565004486139,2019-08-05T11:28:06.139Z,buy,2.58e-05,60.74,0.001567092
VIA/BTC,1565004487997,2019-08-05T11:28:07.997Z,buy,2.58e-05,25.27,0.000651966
VIA/BTC,1565004488899,2019-08-05T11:28:08.899Z,sell,2.57e-05,121.48,0.003122036
VIA/BTC,1565004502647,2019-08-05T11:28:22.647Z,sell,2.56e-05,262.05,0.00670848
VIA/BTC,1565004502647,2019-08-05T11:28:22.647Z,sell,2.55e-05,201.56,0.00513978
VIA/BTC,1565004526551,2019-08-05T11:28:46.551Z,buy,2.58e-05,38.5,0.0009933
VIA/BTC,1565004526694,2019-08-05T11:28:46.694Z,buy,2.58e-05,38.5,0.0009933
VIA/BTC,1565004528609,2019-08-05T11:28:48.609Z,buy,2.57e-05,178.94,0.004598758
VIA/BTC,1565004533601,2019-08-05T11:28:53.601Z,buy,2.57e-05,120.34,0.003092738
VIA/BTC,1565004539600,2019-08-05T11:28:59.600Z,buy,2.57e-05,92.1,0.00236697
VIA/BTC,1565004563446,2019-08-05T11:29:23.446Z,sell,2.56e-05,15.26,0.0003906559999999
VIA/BTC,1565004565544,2019-08-05T11:29:25.544Z,sell,2.56e-05,282.63,0.0072353279999999
VIA/BTC,1565004581606,2019-08-05T11:29:41.606Z,buy,2.57e-05,240.06,0.006169542
VIA/BTC,1565004604072,2019-08-05T11:30:04.072Z,sell,2.56e-05,1260.94,0.032280064
VIA/BTC,1565004604413,2019-08-05T11:30:04.413Z,buy,2.56e-05,39.06,0.000999936
VIA/BTC,1565004622156,2019-08-05T11:30:22.156Z,buy,2.58e-05,807.31,0.020828598
VIA/BTC,1565004624604,2019-08-05T11:30:24.604Z,buy,2.58e-05,731.34,0.018868572
VIA/BTC,1565004625807,2019-08-05T11:30:25.807Z,sell,2.59e-05,35.3,0.0009142699999999
VIA/BTC,1565004626620,2019-08-05T11:30:26.620Z,buy,2.6e-05,44.52,0.00115752
VIA/BTC,1565004631904,2019-08-05T11:30:31.904Z,sell,2.61e-05,207.87,0.005425407
VIA/BTC,1565004645725,2019-08-05T11:30:45.725Z,sell,2.6e-05,25.27,0.0006570199999999
VIA/BTC,1565004693503,2019-08-05T11:31:33.503Z,sell,2.6e-05,2000.0,0.052
VIA/BTC,1565004713117,2019-08-05T11:31:53.117Z,buy,2.61e-05,69.92,0.001824912
VIA/BTC,1565004890371,2019-08-05T11:34:50.371Z,sell,2.59e-05,1617.12,0.041883408
VIA/BTC,1565004890371,2019-08-05T11:34:50.371Z,sell,2.58e-05,90.63,0.002338254
VIA/BTC,1565004890423,2019-08-05T11:34:50.423Z,buy,2.58e-05,1617.12,0.0417216959999999
VIA/BTC,1565004890506,2019-08-05T11:34:50.506Z,sell,2.57e-05,997.59,0.025638063
VIA/BTC,1565004890613,2019-08-05T11:34:50.613Z,sell,2.57e-05,426.98,0.010973386
VIA/BTC,1565004890623,2019-08-05T11:34:50.623Z,buy,2.58e-05,358.03,0.0092371739999999
VIA/BTC,1565004891622,2019-08-05T11:34:51.622Z,buy,2.59e-05,128.18,0.003319862
VIA/BTC,1565004926627,2019-08-05T11:35:26.627Z,buy,2.59e-05,90.63,0.002347317
VIA/BTC,1565004926627,2019-08-05T11:35:26.627Z,buy,2.59e-05,90.63,0.002347317
VIA/BTC,1565005232408,2019-08-05T11:40:32.408Z,sell,2.57e-05,114.0,0.0029298
VIA/BTC,1565005336650,2019-08-05T11:42:16.650Z,buy,2.58e-05,157.25,0.00405705
VIA/BTC,1565005627004,2019-08-05T11:47:07.004Z,buy,2.58e-05,34.65,0.00089397
VIA/BTC,1565005627004,2019-08-05T11:47:07.004Z,buy,2.58e-05,34.65,0.00089397
VIA/BTC,1565005627045,2019-08-05T11:47:07.045Z,sell,2.57e-05,19.27,0.000495239
VIA/BTC,1565005627081,2019-08-05T11:47:07.081Z,buy,2.58e-05,34.65,0.00089397
VIA/BTC,1565005632261,2019-08-05T11:47:12.261Z,sell,2.58e-05,4.5,0.0001161
VIA/BTC,1565005875906,2019-08-05T11:51:15.906Z,sell,2.57e-05,34.65,0.000890505
VIA/BTC,1565006346691,2019-08-05T11:59:06.691Z,buy,2.57e-05,76.44,0.001964508
VIA/BTC,1565006361852,2019-08-05T11:59:21.852Z,sell,2.58e-05,49.84,0.001285872
VIA/BTC,1565006661850,2019-08-05T12:04:21.850Z,sell,2.57e-05,154.08,0.003959856
VIA/BTC,1565007253603,2019-08-05T12:14:13.603Z,buy,2.57e-05,97.58,0.002507806
VIA/BTC,1565007260308,2019-08-05T12:14:20.308Z,buy,2.57e-05,87.0,0.0022359
VIA/BTC,1565007816092,2019-08-05T12:23:36.092Z,buy,2.57e-05,7.13,0.000183241
VIA/BTC,1565007890782,2019-08-05T12:24:50.782Z,buy,2.57e-05,845.88,0.021739116
VIA/BTC,1565008112746,2019-08-05T12:28:32.746Z,sell,2.57e-05,18.9,0.0004857299999999
VIA/BTC,1565008306053,2019-08-05T12:31:46.053Z,buy,2.57e-05,75.3,0.00193521
VIA/BTC,1565008501736,2019-08-05T12:35:01.736Z,buy,2.57e-05,4.61,0.000118477
VIA/BTC,1565008505583,2019-08-05T12:35:05.583Z,buy,2.57e-05,4.6,0.00011822
VIA/BTC,1565008509280,2019-08-05T12:35:09.280Z,buy,2.57e-05,4.6,0.00011822
VIA/BTC,1565008512971,2019-08-05T12:35:12.971Z,buy,2.57e-05,4.6,0.00011822
VIA/BTC,1565008516621,2019-08-05T12:35:16.621Z,buy,2.57e-05,4.6,0.00011822
VIA/BTC,1565008520290,2019-08-05T12:35:20.290Z,buy,2.57e-05,4.6,0.00011822
VIA/BTC,1565008524479,2019-08-05T12:35:24.479Z,buy,2.57e-05,4.6,0.00011822
VIA/BTC,1565008524479,2019-08-05T12:35:24.479Z,buy,2.57e-05,4.6,0.00011822
VIA/BTC,1565008528670,2019-08-05T12:35:28.670Z,buy,2.57e-05,4.6,0.00011822
VIA/BTC,1565008534560,2019-08-05T12:35:34.560Z,buy,2.57e-05,4.6,0.00011822
VIA/BTC,1565008534730,2019-08-05T12:35:34.730Z,buy,2.57e-05,4.61,0.000118477
VIA/BTC,1565008676151,2019-08-05T12:37:56.151Z,sell,2.56e-05,6.97,0.000178432
VIA/BTC,1565009124873,2019-08-05T12:45:24.873Z,buy,2.57e-05,1469.74,0.037772318
VIA/BTC,1565009158483,2019-08-05T12:45:58.483Z,buy,2.58e-05,4.51,0.000116358
VIA/BTC,1565009211628,2019-08-05T12:46:51.628Z,buy,2.58e-05,0.28,7.224000000000001e-06
VIA/BTC,1565009909584,2019-08-05T12:58:29.584Z,sell,2.58e-05,31.0,0.0007998
VIA/BTC,1565009981834,2019-08-05T12:59:41.834Z,sell,2.59e-05,67.5,0.00174825
VIA/BTC,1565010013475,2019-08-05T13:00:13.475Z,sell,2.59e-05,54.88,0.001421392
VIA/BTC,1565010301001,2019-08-05T13:05:01.001Z,sell,2.59e-05,381.43,0.009879037
VIA/BTC,1565010427685,2019-08-05T13:07:07.685Z,buy,2.6e-05,1115.22,0.02899572
VIA/BTC,1565010439656,2019-08-05T13:07:19.656Z,buy,2.6e-05,461.94,0.0120104399999999
VIA/BTC,1565010439712,2019-08-05T13:07:19.712Z,sell,2.6e-05,21.08,0.0005480799999999
VIA/BTC,1565010439724,2019-08-05T13:07:19.724Z,sell,2.6e-05,63.29,0.0016455399999999
VIA/BTC,1565010440690,2019-08-05T13:07:20.690Z,sell,2.6e-05,196.0,0.005096
VIA/BTC,1565010440690,2019-08-05T13:07:20.690Z,sell,2.6e-05,0.04,1.04e-06
VIA/BTC,1565010496369,2019-08-05T13:08:16.369Z,sell,2.6e-05,599.3,0.0155817999999999
VIA/BTC,1565010497194,2019-08-05T13:08:17.194Z,sell,2.6e-05,262.53,0.0068257799999999
VIA/BTC,1565011108366,2019-08-05T13:18:28.366Z,buy,2.6e-05,1194.28,0.0310512799999999
VIA/BTC,1565011119106,2019-08-05T13:18:39.106Z,sell,2.6e-05,68.23,0.00177398
VIA/BTC,1565011293751,2019-08-05T13:21:33.751Z,buy,2.61e-05,9.16,0.000239076
VIA/BTC,1565011296853,2019-08-05T13:21:36.853Z,buy,2.62e-05,202.47,0.005304714
VIA/BTC,1565011297238,2019-08-05T13:21:37.238Z,sell,2.62e-05,3.84,0.000100608
VIA/BTC,1565011316991,2019-08-05T13:21:56.991Z,sell,2.64e-05,168.03,0.004435992
VIA/BTC,1565011317017,2019-08-05T13:21:57.017Z,sell,2.64e-05,387.0,0.0102168
VIA/BTC,1565011317134,2019-08-05T13:21:57.134Z,sell,2.64e-05,12.74,0.000336336
VIA/BTC,1565011317503,2019-08-05T13:21:57.503Z,sell,2.64e-05,185.82,0.004905648
VIA/BTC,1565011317745,2019-08-05T13:21:57.745Z,sell,2.64e-05,165.99,0.004382136
VIA/BTC,1565011317751,2019-08-05T13:21:57.751Z,sell,2.64e-05,170.9,0.00451176
VIA/BTC,1565011317884,2019-08-05T13:21:57.884Z,sell,2.65e-05,150.14,0.00397871
VIA/BTC,1565011325228,2019-08-05T13:22:05.228Z,sell,2.64e-05,75.36,0.001989504
VIA/BTC,1565011472356,2019-08-05T13:24:32.356Z,sell,2.64e-05,179.68,0.004743552
VIA/BTC,1565011475873,2019-08-05T13:24:35.873Z,sell,2.64e-05,87.0,0.0022968
VIA/BTC,1565011626226,2019-08-05T13:27:06.226Z,sell,2.64e-05,559.08,0.014759712
VIA/BTC,1565011626226,2019-08-05T13:27:06.226Z,sell,2.63e-05,247.42,0.0065071459999999
VIA/BTC,1565011746893,2019-08-05T13:29:06.893Z,sell,2.62e-05,7500.0,0.1965
VIA/BTC,1565011932103,2019-08-05T13:32:12.103Z,sell,2.62e-05,63.75,0.00167025
VIA/BTC,1565011932103,2019-08-05T13:32:12.103Z,sell,2.61e-05,166.82,0.004354002
VIA/BTC,1565011932142,2019-08-05T13:32:12.142Z,buy,2.61e-05,63.75,0.001663875
VIA/BTC,1565011934725,2019-08-05T13:32:14.725Z,sell,2.6e-05,114.33,0.00297258
VIA/BTC,1565011934852,2019-08-05T13:32:14.852Z,buy,2.6e-05,43.83,0.0011395799999999
VIA/BTC,1565011934959,2019-08-05T13:32:14.959Z,buy,2.6e-05,31.53,0.00081978
VIA/BTC,1565011950782,2019-08-05T13:32:30.782Z,sell,2.59e-05,224.36,0.005810924
VIA/BTC,1565011952807,2019-08-05T13:32:32.807Z,sell,2.58e-05,345.59,0.008916222
VIA/BTC,1565011952838,2019-08-05T13:32:32.838Z,buy,2.58e-05,0.01,2.58e-07
VIA/BTC,1565011952838,2019-08-05T13:32:32.838Z,buy,2.59e-05,1.31,3.3929e-05
VIA/BTC,1565011953680,2019-08-05T13:32:33.680Z,sell,2.58e-05,112.59,0.002904822
VIA/BTC,1565011987049,2019-08-05T13:33:07.049Z,buy,2.58e-05,44.27,0.001142166
VIA/BTC,1565012049676,2019-08-05T13:34:09.676Z,sell,2.57e-05,63.75,0.001638375
VIA/BTC,1565012050065,2019-08-05T13:34:10.065Z,buy,2.58e-05,233.73,0.006030234
VIA/BTC,1565012051043,2019-08-05T13:34:11.043Z,sell,2.58e-05,39.28,0.001013424
VIA/BTC,1565012051043,2019-08-05T13:34:11.043Z,sell,2.58e-05,39.28,0.001013424
VIA/BTC,1565012274367,2019-08-05T13:37:54.367Z,buy,2.62e-05,155.73,0.004080126
VIA/BTC,1565012274392,2019-08-05T13:37:54.392Z,buy,2.62e-05,11.09,0.000290558
VIA/BTC,1565012295902,2019-08-05T13:38:15.902Z,sell,2.62e-05,67.5,0.0017684999999999
VIA/BTC,1565012314992,2019-08-05T13:38:34.992Z,sell,2.63e-05,977.81,0.025716403
VIA/BTC,1565012319078,2019-08-05T13:38:39.078Z,buy,2.62e-05,354.2,0.00928004
VIA/BTC,1565012619580,2019-08-05T13:43:39.580Z,sell,2.61e-05,134.4,0.00350784
VIA/BTC,1565012629051,2019-08-05T13:43:49.051Z,buy,2.64e-05,3.84,0.000101376
VIA/BTC,1565012633023,2019-08-05T13:43:53.023Z,sell,2.61e-05,1561.35,0.040751235
VIA/BTC,1565013009389,2019-08-05T13:50:09.389Z,sell,2.59e-05,1100.0,0.0284899999999999
VIA/BTC,1565013040441,2019-08-05T13:50:40.441Z,sell,2.58e-05,82.1,0.00211818
VIA/BTC,1565013234348,2019-08-05T13:53:54.348Z,sell,2.59e-05,461.35,0.011948965
VIA/BTC,1565013553594,2019-08-05T13:59:13.594Z,sell,2.59e-05,4.54,0.000117586
VIA/BTC,1565013643164,2019-08-05T14:00:43.164Z,buy,2.59e-05,94.84,0.002456356
VIA/BTC,1565013824129,2019-08-05T14:03:44.129Z,buy,2.59e-05,958.98,0.024837582
VIA/BTC,1565015018875,2019-08-05T14:23:38.875Z,sell,2.59e-05,1393.46,0.036090614
VIA/BTC,1565015437738,2019-08-05T14:30:37.738Z,buy,2.6e-05,4.54,0.0001180399999999
VIA/BTC,1565015437738,2019-08-05T14:30:37.738Z,buy,2.6e-05,4.54,0.0001180399999999
VIA/BTC,1565016794021,2019-08-05T14:53:14.021Z,sell,2.62e-05,357.27,0.0093604739999999
VIA/BTC,1565016794021,2019-08-05T14:53:14.021Z,sell,2.61e-05,1695.41,0.044250201
VIA/BTC,1565016794047,2019-08-05T14:53:14.047Z,buy,2.61e-05,9.05,0.000236205
VIA/BTC,1565016794230,2019-08-05T14:53:14.230Z,sell,2.6e-05,9.05,0.0002353
VIA/BTC,1565016795426,2019-08-05T14:53:15.426Z,buy,2.61e-05,1528.59,0.039896199
VIA/BTC,1565017303654,2019-08-05T15:01:43.654Z,buy,2.62e-05,339.26,0.0088886119999999
VIA/BTC,1565017303654,2019-08-05T15:01:43.654Z,buy,2.64e-05,38.6,0.00101904
VIA/BTC,1565017322191,2019-08-05T15:02:02.191Z,buy,2.64e-05,28.55,0.00075372
VIA/BTC,1565017322254,2019-08-05T15:02:02.254Z,sell,2.64e-05,16.61,0.000438504
VIA/BTC,1565017322325,2019-08-05T15:02:02.325Z,sell,2.64e-05,15.3,0.00040392
VIA/BTC,1565017322377,2019-08-05T15:02:02.377Z,sell,2.64e-05,13.77,0.000363528
VIA/BTC,1565017322454,2019-08-05T15:02:02.454Z,sell,2.64e-05,2874.96,0.075898944
VIA/BTC,1565018022298,2019-08-05T15:13:42.298Z,buy,2.64e-05,151.89,0.004009896
VIA/BTC,1565018133871,2019-08-05T15:15:33.871Z,sell,2.61e-05,52.63,0.001373643
VIA/BTC,1565018872269,2019-08-05T15:27:52.269Z,buy,2.64e-05,52.63,0.001389432
VIA/BTC,1565018872269,2019-08-05T15:27:52.269Z,buy,2.64e-05,52.63,0.001389432
VIA/BTC,1565019098373,2019-08-05T15:31:38.373Z,buy,2.65e-05,248.73,0.006591345
VIA/BTC,1565019098520,2019-08-05T15:31:38.520Z,buy,2.65e-05,43.5,0.00115275
VIA/BTC,1565019098660,2019-08-05T15:31:38.660Z,buy,2.65e-05,116.88,0.0030973199999999
VIA/BTC,1565019099569,2019-08-05T15:31:39.569Z,sell,2.65e-05,292.23,0.007744095
VIA/BTC,1565019187347,2019-08-05T15:33:07.347Z,sell,2.65e-05,154.88,0.00410432
VIA/BTC,1565019187347,2019-08-05T15:33:07.347Z,sell,2.64e-05,166.92,0.004406688
VIA/BTC,1565019187350,2019-08-05T15:33:07.350Z,sell,2.64e-05,2765.31,0.073004184
VIA/BTC,1565019187356,2019-08-05T15:33:07.356Z,sell,2.63e-05,160.9,0.00423167
VIA/BTC,1565019187366,2019-08-05T15:33:07.366Z,sell,2.63e-05,313.3,0.00823979
VIA/BTC,1565019187366,2019-08-05T15:33:07.366Z,sell,2.62e-05,813.0,0.0213006
VIA/BTC,1565019188580,2019-08-05T15:33:08.580Z,sell,2.64e-05,288.49,0.007616136
VIA/BTC,1565019245819,2019-08-05T15:34:05.819Z,buy,2.63e-05,732.4,0.0192621199999999
VIA/BTC,1565019763360,2019-08-05T15:42:43.360Z,buy,2.62e-05,779.38,0.020419756
VIA/BTC,1565019909439,2019-08-05T15:45:09.439Z,buy,2.63e-05,151.23,0.003977349
VIA/BTC,1565020063791,2019-08-05T15:47:43.791Z,buy,2.63e-05,84.58,0.002224454
VIA/BTC,1565020287450,2019-08-05T15:51:27.450Z,sell,2.62e-05,74.32,0.0019471839999999
VIA/BTC,1565020806965,2019-08-05T16:00:06.965Z,sell,2.62e-05,52.13,0.001365806
VIA/BTC,1565020830300,2019-08-05T16:00:30.300Z,sell,2.62e-05,129.02,0.003380324
VIA/BTC,1565020831175,2019-08-05T16:00:31.175Z,sell,2.62e-05,128.86,0.003376132
VIA/BTC,1565021200556,2019-08-05T16:06:40.556Z,buy,2.63e-05,623.25,0.016391475
VIA/BTC,1565021384227,2019-08-05T16:09:44.227Z,sell,2.63e-05,99.8,0.00262474
VIA/BTC,1565021646098,2019-08-05T16:14:06.098Z,sell,2.63e-05,161.23,0.0042403489999999
VIA/BTC,1565021751556,2019-08-05T16:15:51.556Z,buy,2.64e-05,38.35,0.00101244
VIA/BTC,1565021751556,2019-08-05T16:15:51.556Z,buy,2.64e-05,38.35,0.00101244
VIA/BTC,1565023440852,2019-08-05T16:44:00.852Z,buy,2.64e-05,349.9,0.00923736
VIA/BTC,1565023459854,2019-08-05T16:44:19.854Z,buy,2.65e-05,642.97,0.017038705
VIA/BTC,1565023471858,2019-08-05T16:44:31.858Z,buy,2.65e-05,1118.02,0.02962753
VIA/BTC,1565023479301,2019-08-05T16:44:39.301Z,buy,2.66e-05,20.72,0.000551152
VIA/BTC,1565023566799,2019-08-05T16:46:06.799Z,sell,2.65e-05,20.45,0.000541925
VIA/BTC,1565023623220,2019-08-05T16:47:03.220Z,sell,2.65e-05,75.58,0.00200287
VIA/BTC,1565023845143,2019-08-05T16:50:45.143Z,sell,2.65e-05,60.02,0.00159053
VIA/BTC,1565024005264,2019-08-05T16:53:25.264Z,buy,2.69e-05,960.96,0.025849824
VIA/BTC,1565024005264,2019-08-05T16:53:25.264Z,buy,2.7e-05,195.68,0.00528336
VIA/BTC,1565024005264,2019-08-05T16:53:25.264Z,buy,2.71e-05,301.07,0.008158997
VIA/BTC,1565024006611,2019-08-05T16:53:26.611Z,sell,2.66e-05,200.0,0.00532
VIA/BTC,1565024010246,2019-08-05T16:53:30.246Z,buy,2.7e-05,7.82,0.00021114
VIA/BTC,1565024014303,2019-08-05T16:53:34.303Z,sell,2.68e-05,204.5,0.0054806
VIA/BTC,1565024029175,2019-08-05T16:53:49.175Z,sell,2.67e-05,43.5,0.0011614499999999
VIA/BTC,1565024032138,2019-08-05T16:53:52.138Z,sell,2.67e-05,172.89,0.0046161629999999
VIA/BTC,1565024289088,2019-08-05T16:58:09.088Z,sell,2.67e-05,20.22,0.000539874
VIA/BTC,1565024289088,2019-08-05T16:58:09.088Z,sell,2.66e-05,162.33,0.004317978
VIA/BTC,1565024352612,2019-08-05T16:59:12.612Z,sell,2.65e-05,273.94,0.00725941
VIA/BTC,1565024440023,2019-08-05T17:00:40.023Z,sell,2.65e-05,0.01,2.65e-07
VIA/BTC,1565024440023,2019-08-05T17:00:40.023Z,sell,2.64e-05,99.99,0.002639736
VIA/BTC,1565024587105,2019-08-05T17:03:07.105Z,sell,2.63e-05,91.56,0.002408028
VIA/BTC,1565024670130,2019-08-05T17:04:30.130Z,sell,2.63e-05,324.16,0.008525408
VIA/BTC,1565024724455,2019-08-05T17:05:24.455Z,sell,2.62e-05,7.71,0.000202002
VIA/BTC,1565024724455,2019-08-05T17:05:24.455Z,sell,2.61e-05,9992.29,0.260798769
VIA/BTC,1565024725929,2019-08-05T17:05:25.929Z,sell,2.61e-05,439.26,0.011464686
VIA/BTC,1565024755542,2019-08-05T17:05:55.542Z,buy,2.61e-05,131.04,0.003420144
VIA/BTC,1565024755625,2019-08-05T17:05:55.625Z,sell,2.6e-05,59.83,0.0015555799999999
VIA/BTC,1565024755687,2019-08-05T17:05:55.687Z,sell,2.6e-05,30.7,0.0007981999999999
VIA/BTC,1565024764362,2019-08-05T17:06:04.362Z,sell,2.6e-05,729.92,0.01897792
VIA/BTC,1565024767569,2019-08-05T17:06:07.569Z,sell,2.6e-05,482.1,0.0125346
VIA/BTC,1565024768804,2019-08-05T17:06:08.804Z,sell,2.6e-05,729.48,0.01896648
VIA/BTC,1565024811397,2019-08-05T17:06:51.397Z,buy,2.6e-05,162.33,0.00422058
VIA/BTC,1565024811884,2019-08-05T17:06:51.884Z,sell,2.59e-05,741.61,0.0192076989999999
VIA/BTC,1565024820009,2019-08-05T17:07:00.009Z,sell,2.59e-05,227.53,0.0058930269999999
VIA/BTC,1565024826328,2019-08-05T17:07:06.328Z,sell,2.6e-05,152.08,0.00395408
VIA/BTC,1565024826328,2019-08-05T17:07:06.328Z,sell,2.59e-05,2077.51,0.053807509
VIA/BTC,1565024951864,2019-08-05T17:09:11.864Z,sell,2.58e-05,99.99,0.002579742
VIA/BTC,1565024971899,2019-08-05T17:09:31.899Z,sell,2.58e-05,251.61,0.006491538
VIA/BTC,1565024971917,2019-08-05T17:09:31.917Z,buy,2.58e-05,31.55,0.00081399
VIA/BTC,1565024974778,2019-08-05T17:09:34.778Z,sell,2.57e-05,145.18,0.003731126
VIA/BTC,1565024975169,2019-08-05T17:09:35.169Z,buy,2.57e-05,6.89,0.000177073
VIA/BTC,1565024976688,2019-08-05T17:09:36.688Z,buy,2.57e-05,31.67,0.000813919
VIA/BTC,1565024976705,2019-08-05T17:09:36.705Z,buy,2.57e-05,73.45,0.001887665
VIA/BTC,1565024976714,2019-08-05T17:09:36.714Z,buy,2.57e-05,31.67,0.000813919
VIA/BTC,1565024986565,2019-08-05T17:09:46.565Z,sell,2.57e-05,184.89,0.004751673
VIA/BTC,1565024986820,2019-08-05T17:09:46.820Z,buy,2.57e-05,24.0,0.0006168
VIA/BTC,1565024991159,2019-08-05T17:09:51.159Z,buy,2.57e-05,227.55,0.005848035
VIA/BTC,1565024996962,2019-08-05T17:09:56.962Z,sell,2.57e-05,67.5,0.00173475
VIA/BTC,1565024998123,2019-08-05T17:09:58.123Z,buy,2.57e-05,8.54,0.000219478
VIA/BTC,1565025020426,2019-08-05T17:10:20.426Z,buy,2.58e-05,1845.74,0.047620092
VIA/BTC,1565025021185,2019-08-05T17:10:21.185Z,sell,2.6e-05,31.67,0.00082342
VIA/BTC,1565025021342,2019-08-05T17:10:21.342Z,sell,2.6e-05,123.54,0.0032120399999999
VIA/BTC,1565025021342,2019-08-05T17:10:21.342Z,sell,2.59e-05,146.86,0.003803674
VIA/BTC,1565025122939,2019-08-05T17:12:02.939Z,sell,2.59e-05,1734.07,0.044912413
VIA/BTC,1565025123611,2019-08-05T17:12:03.611Z,sell,2.58e-05,155.21,0.004004418
VIA/BTC,1565025193392,2019-08-05T17:13:13.392Z,buy,2.58e-05,1587.74,0.040963692
VIA/BTC,1565025195695,2019-08-05T17:13:15.695Z,buy,2.59e-05,155.21,0.004019939
VIA/BTC,1565025196461,2019-08-05T17:13:16.461Z,buy,2.62e-05,76.04,0.001992248
VIA/BTC,1565025278852,2019-08-05T17:14:38.852Z,buy,2.63e-05,146.86,0.003862418
VIA/BTC,1565025305959,2019-08-05T17:15:05.959Z,buy,2.63e-05,146.86,0.003862418
VIA/BTC,1565025323580,2019-08-05T17:15:23.580Z,buy,2.64e-05,49.24,0.001299936
VIA/BTC,1565025323580,2019-08-05T17:15:23.580Z,buy,2.64e-05,49.24,0.001299936
VIA/BTC,1565025448006,2019-08-05T17:17:28.006Z,sell,2.63e-05,5.69,0.000149647
VIA/BTC,1565025493475,2019-08-05T17:18:13.475Z,sell,2.63e-05,82.89,0.002180007
VIA/BTC,1565025514448,2019-08-05T17:18:34.448Z,sell,2.62e-05,774.4,0.02028928
VIA/BTC,1565025514473,2019-08-05T17:18:34.473Z,buy,2.62e-05,247.74,0.006490788
VIA/BTC,1565025514510,2019-08-05T17:18:34.510Z,buy,2.62e-05,247.74,0.006490788
VIA/BTC,1565025514522,2019-08-05T17:18:34.522Z,buy,2.62e-05,165.29,0.004330598
VIA/BTC,1565025514961,2019-08-05T17:18:34.961Z,buy,2.62e-05,112.11,0.002937282
VIA/BTC,1565025515821,2019-08-05T17:18:35.821Z,sell,2.61e-05,247.79,0.006467319
VIA/BTC,1565025516240,2019-08-05T17:18:36.240Z,sell,2.61e-05,62.67,0.001635687
VIA/BTC,1565025516694,2019-08-05T17:18:36.694Z,buy,2.61e-05,71.06,0.001854666
VIA/BTC,1565025516801,2019-08-05T17:18:36.801Z,buy,2.61e-05,114.01,0.002975661
VIA/BTC,1565025596560,2019-08-05T17:19:56.560Z,sell,2.61e-05,87.0,0.0022707
VIA/BTC,1565025597232,2019-08-05T17:19:57.232Z,buy,2.61e-05,1.0,2.61e-05
VIA/BTC,1565025652242,2019-08-05T17:20:52.242Z,sell,2.61e-05,72.27,0.001886247
VIA/BTC,1565025656475,2019-08-05T17:20:56.475Z,buy,2.61e-05,1.0,2.61e-05
VIA/BTC,1565025744985,2019-08-05T17:22:24.985Z,buy,2.6e-05,153.83,0.00399958
VIA/BTC,1565025775435,2019-08-05T17:22:55.435Z,buy,2.61e-05,57.3,0.00149553
VIA/BTC,1565025775438,2019-08-05T17:22:55.438Z,buy,2.61e-05,0.09,2.349e-06
VIA/BTC,1565025775438,2019-08-05T17:22:55.438Z,buy,2.62e-05,55.15,0.0014449299999999
VIA/BTC,1565025775468,2019-08-05T17:22:55.468Z,buy,2.63e-05,57.3,0.00150699
VIA/BTC,1565026129427,2019-08-05T17:28:49.427Z,sell,2.6e-05,281.1,0.0073086
VIA/BTC,1565026130136,2019-08-05T17:28:50.136Z,buy,2.6e-05,27.33,0.0007105799999999
VIA/BTC,1565026136193,2019-08-05T17:28:56.193Z,buy,2.6e-05,87.0,0.0022619999999999
VIA/BTC,1565026265088,2019-08-05T17:31:05.088Z,buy,2.6e-05,11.82,0.00030732
VIA/BTC,1565026421660,2019-08-05T17:33:41.660Z,buy,2.6e-05,50.55,0.0013142999999999
VIA/BTC,1565026507411,2019-08-05T17:35:07.411Z,buy,2.6e-05,792.78,0.0206122799999999
VIA/BTC,1565026886448,2019-08-05T17:41:26.448Z,buy,2.6e-05,43.13,0.00112138
VIA/BTC,1565027080934,2019-08-05T17:44:40.934Z,buy,2.62e-05,56.42,0.001478204
VIA/BTC,1565027693898,2019-08-05T17:54:53.898Z,buy,2.62e-05,117.91,0.003089242
VIA/BTC,1565027809220,2019-08-05T17:56:49.220Z,buy,2.63e-05,1300.0,0.03419
VIA/BTC,1565027810493,2019-08-05T17:56:50.493Z,buy,2.63e-05,0.45,1.1835e-05
VIA/BTC,1565027812666,2019-08-05T17:56:52.666Z,sell,2.65e-05,83.58,0.00221487
VIA/BTC,1565027812736,2019-08-05T17:56:52.736Z,sell,2.65e-05,199.68,0.00529152
VIA/BTC,1565027815203,2019-08-05T17:56:55.203Z,buy,2.66e-05,442.57,0.011772362
VIA/BTC,1565027815568,2019-08-05T17:56:55.568Z,sell,2.66e-05,540.73,0.014383418
VIA/BTC,1565027842775,2019-08-05T17:57:22.775Z,sell,2.65e-05,56.4,0.0014946
VIA/BTC,1565028352161,2019-08-05T18:05:52.161Z,sell,2.66e-05,18.87,0.000501942
VIA/BTC,1565028577976,2019-08-05T18:09:37.976Z,sell,2.66e-05,68.44,0.001820504
VIA/BTC,1565028587178,2019-08-05T18:09:47.178Z,buy,2.65e-05,86.45,0.002290925
VIA/BTC,1565028587178,2019-08-05T18:09:47.178Z,buy,2.65e-05,86.45,0.002290925
VIA/BTC,1565029050202,2019-08-05T18:17:30.202Z,sell,2.66e-05,152.3,0.00405118
VIA/BTC,1565029124902,2019-08-05T18:18:44.902Z,sell,2.62e-05,75.57,0.0019799339999999
VIA/BTC,1565029160987,2019-08-05T18:19:20.987Z,sell,2.63e-05,67.5,0.00177525
VIA/BTC,1565029174610,2019-08-05T18:19:34.610Z,sell,2.61e-05,76.73,0.002002653
VIA/BTC,1565029187213,2019-08-05T18:19:47.213Z,buy,2.62e-05,44.72,0.001171664
VIA/BTC,1565029189095,2019-08-05T18:19:49.095Z,buy,2.63e-05,84.8,0.0022302399999999
VIA/BTC,1565029207525,2019-08-05T18:20:07.525Z,buy,2.64e-05,68.61,0.001811304
VIA/BTC,1565029217497,2019-08-05T18:20:17.497Z,buy,2.64e-05,68.61,0.001811304
VIA/BTC,1565029228213,2019-08-05T18:20:28.213Z,sell,2.64e-05,215.57,0.005691048
VIA/BTC,1565029258810,2019-08-05T18:20:58.810Z,buy,2.62e-05,146.96,0.003850352
VIA/BTC,1565029343220,2019-08-05T18:22:23.220Z,buy,2.62e-05,153.41,0.0040193419999999
VIA/BTC,1565029363228,2019-08-05T18:22:43.228Z,sell,2.65e-05,148.65,0.003939225
VIA/BTC,1565029370314,2019-08-05T18:22:50.314Z,buy,2.65e-05,146.96,0.00389444
VIA/BTC,1565029371300,2019-08-05T18:22:51.300Z,sell,2.65e-05,146.96,0.00389444
VIA/BTC,1565029382622,2019-08-05T18:23:02.622Z,buy,2.64e-05,148.65,0.00392436
VIA/BTC,1565029396811,2019-08-05T18:23:16.811Z,buy,2.63e-05,26.26,0.000690638
VIA/BTC,1565029411228,2019-08-05T18:23:31.228Z,sell,2.65e-05,148.47,0.003934455
VIA/BTC,1565029411607,2019-08-05T18:23:31.607Z,sell,2.65e-05,0.01,2.65e-07
VIA/BTC,1565029479384,2019-08-05T18:24:39.384Z,buy,2.63e-05,7.97,0.0002096109999999
VIA/BTC,1565029508536,2019-08-05T18:25:08.536Z,buy,2.63e-05,253.75,0.006673625
VIA/BTC,1565029508536,2019-08-05T18:25:08.536Z,buy,2.63e-05,253.75,0.006673625
VIA/BTC,1565029508589,2019-08-05T18:25:08.589Z,buy,2.63e-05,164.66,0.004330558
VIA/BTC,1565029509402,2019-08-05T18:25:09.402Z,buy,2.63e-05,100.95,0.002654985
VIA/BTC,1565029509741,2019-08-05T18:25:09.741Z,sell,2.63e-05,5.38,0.0001414939999999
VIA/BTC,1565030180826,2019-08-05T18:36:20.826Z,sell,2.62e-05,7.97,0.0002088139999999
VIA/BTC,1565030371293,2019-08-05T18:39:31.293Z,buy,2.61e-05,248.37,0.006482457
VIA/BTC,1565030372298,2019-08-05T18:39:32.298Z,buy,2.61e-05,146.96,0.003835656
VIA/BTC,1565030378051,2019-08-05T18:39:38.051Z,sell,2.6e-05,1845.53,0.04798378
VIA/BTC,1565030378071,2019-08-05T18:39:38.071Z,buy,2.6e-05,21.57,0.00056082
VIA/BTC,1565030378120,2019-08-05T18:39:38.120Z,buy,2.6e-05,21.57,0.00056082
VIA/BTC,1565030378300,2019-08-05T18:39:38.300Z,buy,2.6e-05,1361.51,0.0353992599999999
VIA/BTC,1565030387748,2019-08-05T18:39:47.748Z,buy,2.61e-05,1531.15,0.039963015
VIA/BTC,1565030411693,2019-08-05T18:40:11.693Z,sell,2.61e-05,4250.19,0.110929959
VIA/BTC,1565030414292,2019-08-05T18:40:14.292Z,buy,2.61e-05,167.46,0.004370706
VIA/BTC,1565031277725,2019-08-05T18:54:37.725Z,sell,2.59e-05,17.0,0.0004402999999999
VIA/BTC,1565031338828,2019-08-05T18:55:38.828Z,sell,2.59e-05,14.04,0.0003636359999999
VIA/BTC,1565031681761,2019-08-05T19:01:21.761Z,buy,2.61e-05,341.57,0.008914977
VIA/BTC,1565031833785,2019-08-05T19:03:53.785Z,sell,2.6e-05,87.0,0.0022619999999999
VIA/BTC,1565031839100,2019-08-05T19:03:59.100Z,sell,2.6e-05,451.67,0.01174342
VIA/BTC,1565031879385,2019-08-05T19:04:39.385Z,sell,2.6e-05,4.3,0.0001118
VIA/BTC,1565031879385,2019-08-05T19:04:39.385Z,sell,2.6e-05,4.3,0.0001118
VIA/BTC,1565032512391,2019-08-05T19:15:12.391Z,buy,2.61e-05,10.93,0.000285273
VIA/BTC,1565032644811,2019-08-05T19:17:24.811Z,buy,2.61e-05,4.19,0.000109359
VIA/BTC,1565032791020,2019-08-05T19:19:51.020Z,buy,2.61e-05,476.35,0.012432735
VIA/BTC,1565033166121,2019-08-05T19:26:06.121Z,buy,2.6e-05,38.46,0.00099996
VIA/BTC,1565033314632,2019-08-05T19:28:34.632Z,buy,2.6e-05,752.36,0.01956136
VIA/BTC,1565033314632,2019-08-05T19:28:34.632Z,buy,2.61e-05,2293.61,0.059863221
VIA/BTC,1565034970703,2019-08-05T19:56:10.703Z,sell,2.6e-05,170.14,0.0044236399999999
VIA/BTC,1565034971549,2019-08-05T19:56:11.549Z,sell,2.6e-05,124.73,0.00324298
VIA/BTC,1565034972018,2019-08-05T19:56:12.018Z,sell,2.6e-05,87.0,0.0022619999999999
VIA/BTC,1565034972123,2019-08-05T19:56:12.123Z,sell,2.6e-05,247.52,0.00643552
VIA/BTC,1565034980869,2019-08-05T19:56:20.869Z,sell,2.6e-05,217.6,0.0056576
VIA/BTC,1565034982772,2019-08-05T19:56:22.772Z,sell,2.6e-05,317.37,0.00825162
VIA/BTC,1565034984286,2019-08-05T19:56:24.286Z,sell,2.6e-05,370.23,0.00962598
VIA/BTC,1565035282623,2019-08-05T20:01:22.623Z,buy,2.61e-05,849.26,0.022165686
VIA/BTC,1565035282623,2019-08-05T20:01:22.623Z,buy,2.61e-05,849.26,0.022165686
VIA/BTC,1565035715384,2019-08-05T20:08:35.384Z,sell,2.61e-05,451.68,0.011788848
VIA/BTC,1565035715407,2019-08-05T20:08:35.407Z,buy,2.62e-05,119.26,0.003124612
VIA/BTC,1565035723595,2019-08-05T20:08:43.595Z,buy,2.62e-05,2748.83,0.072019346
VIA/BTC,1565035724347,2019-08-05T20:08:44.347Z,sell,2.62e-05,50.0,0.00131
VIA/BTC,1565035724731,2019-08-05T20:08:44.731Z,sell,2.62e-05,69.17,0.001812254
VIA/BTC,1565036032458,2019-08-05T20:13:52.458Z,buy,2.62e-05,954.19,0.024999778
VIA/BTC,1565036981717,2019-08-05T20:29:41.717Z,buy,2.63e-05,264.15,0.0069471449999999
VIA/BTC,1565037205790,2019-08-05T20:33:25.790Z,sell,2.61e-05,574.97,0.015006717
VIA/BTC,1565037356188,2019-08-05T20:35:56.188Z,sell,2.62e-05,380.22,0.009961764
VIA/BTC,1565037642765,2019-08-05T20:40:42.765Z,buy,2.63e-05,103.16,0.0027131079999999
VIA/BTC,1565038089476,2019-08-05T20:48:09.476Z,sell,2.62e-05,32.53,0.000852286
VIA/BTC,1565038198759,2019-08-05T20:49:58.759Z,sell,2.61e-05,91.9,0.00239859
VIA/BTC,1565038198759,2019-08-05T20:49:58.759Z,sell,2.61e-05,91.9,0.00239859
VIA/BTC,1565039315007,2019-08-05T21:08:35.007Z,sell,2.62e-05,46.95,0.00123009
VIA/BTC,1565039474901,2019-08-05T21:11:14.901Z,buy,2.63e-05,902.92,0.0237467959999999
VIA/BTC,1565039760087,2019-08-05T21:16:00.087Z,buy,2.63e-05,2024.01,0.053231463
VIA/BTC,1565039937339,2019-08-05T21:18:57.339Z,sell,2.62e-05,3.84,0.000100608
VIA/BTC,1565040957679,2019-08-05T21:35:57.679Z,buy,2.63e-05,1125.33,0.0295961789999999
VIA/BTC,1565041492742,2019-08-05T21:44:52.742Z,buy,2.62e-05,314.75,0.00824645
VIA/BTC,1565041513868,2019-08-05T21:45:13.868Z,buy,2.62e-05,238.65,0.00625263
VIA/BTC,1565041519576,2019-08-05T21:45:19.576Z,buy,2.62e-05,143.12,0.003749744
VIA/BTC,1565041519717,2019-08-05T21:45:19.717Z,sell,2.62e-05,4.99,0.000130738
VIA/BTC,1565041624507,2019-08-05T21:47:04.507Z,sell,2.62e-05,26.04,0.000682248
VIA/BTC,1565041624507,2019-08-05T21:47:04.507Z,sell,2.62e-05,26.04,0.000682248
VIA/BTC,1565042338334,2019-08-05T21:58:58.334Z,sell,2.62e-05,220.69,0.0057820779999999
VIA/BTC,1565042338334,2019-08-05T21:58:58.334Z,sell,2.61e-05,667.18,0.017413398
VIA/BTC,1565042466800,2019-08-05T22:01:06.800Z,sell,2.62e-05,367.57,0.0096303339999999
VIA/BTC,1565042466876,2019-08-05T22:01:06.876Z,sell,2.62e-05,87.0,0.0022794
VIA/BTC,1565042475930,2019-08-05T22:01:15.930Z,sell,2.62e-05,184.25,0.00482735
VIA/BTC,1565042764741,2019-08-05T22:06:04.741Z,buy,2.63e-05,101.0,0.0026563
VIA/BTC,1565043044799,2019-08-05T22:10:44.799Z,sell,2.62e-05,7.89,0.000206718
VIA/BTC,1565043044823,2019-08-05T22:10:44.823Z,sell,2.62e-05,373.78,0.009793036
VIA/BTC,1565043187344,2019-08-05T22:13:07.344Z,buy,2.62e-05,73.22,0.0019183639999999
VIA/BTC,1565043622668,2019-08-05T22:20:22.668Z,sell,2.61e-05,3.84,0.000100224
VIA/BTC,1565043720352,2019-08-05T22:22:00.352Z,sell,2.61e-05,735.98,0.019209078
VIA/BTC,1565044729234,2019-08-05T22:38:49.234Z,sell,2.6e-05,166.94,0.00434044
VIA/BTC,1565044729234,2019-08-05T22:38:49.234Z,sell,2.6e-05,166.94,0.00434044
VIA/BTC,1565045263818,2019-08-05T22:47:43.818Z,sell,2.6e-05,15.89,0.00041314
VIA/BTC,1565045263818,2019-08-05T22:47:43.818Z,sell,2.59e-05,4.91,0.000127169
VIA/BTC,1565046547088,2019-08-05T23:09:07.088Z,sell,2.59e-05,250.0,0.006475
VIA/BTC,1565047031460,2019-08-05T23:17:11.460Z,buy,2.6e-05,593.96,0.01544296
VIA/BTC,1565047604507,2019-08-05T23:26:44.507Z,buy,2.6e-05,150.94,0.0039244399999999
VIA/BTC,1565047607508,2019-08-05T23:26:47.508Z,buy,2.6e-05,105.66,0.00274716
VIA/BTC,1565047610503,2019-08-05T23:26:50.503Z,buy,2.6e-05,73.95,0.0019227
VIA/BTC,1565047616472,2019-08-05T23:26:56.472Z,sell,2.59e-05,4.38,0.0001134419999999
VIA/BTC,1565047742244,2019-08-05T23:29:02.244Z,sell,2.59e-05,150.94,0.003909346
VIA/BTC,1565048322829,2019-08-05T23:38:42.829Z,sell,2.59e-05,6.45,0.000167055
VIA/BTC,1565048322829,2019-08-05T23:38:42.829Z,sell,2.59e-05,6.45,0.000167055
VIA/BTC,1565048367591,2019-08-05T23:39:27.591Z,sell,2.59e-05,772.2,0.01999998
VIA/BTC,1565048440475,2019-08-05T23:40:40.475Z,sell,2.59e-05,96.53,0.002500127
VIA/BTC,1565048707446,2019-08-05T23:45:07.446Z,sell,2.59e-05,103.8,0.00268842
VIA/BTC,1565049149622,2019-08-05T23:52:29.622Z,buy,2.6e-05,77.8,0.0020228
VIA/BTC,1565049876791,2019-08-06T00:04:36.791Z,sell,2.59e-05,87.0,0.0022532999999999
VIA/BTC,1565049920126,2019-08-06T00:05:20.126Z,sell,2.59e-05,233.09,0.006037031
VIA/BTC,1565050050820,2019-08-06T00:07:30.820Z,sell,2.59e-05,772.2,0.01999998
VIA/BTC,1565050062031,2019-08-06T00:07:42.031Z,sell,2.59e-05,259.81,0.006729079
VIA/BTC,1565050173893,2019-08-06T00:09:33.893Z,sell,2.59e-05,87.0,0.0022532999999999
VIA/BTC,1565051076188,2019-08-06T00:24:36.188Z,sell,2.59e-05,87.0,0.0022532999999999
VIA/BTC,1565051285862,2019-08-06T00:28:05.862Z,sell,2.59e-05,276.22,0.007154098
VIA/BTC,1565051285862,2019-08-06T00:28:05.862Z,sell,2.59e-05,276.22,0.007154098
VIA/BTC,1565052347512,2019-08-06T00:45:47.512Z,sell,2.59e-05,1269.8,0.03288782
VIA/BTC,1565053821396,2019-08-06T01:10:21.396Z,sell,2.59e-05,772.2,0.01999998
VIA/BTC,1565053824895,2019-08-06T01:10:24.895Z,sell,2.59e-05,190.05,0.004922295
VIA/BTC,1565053938681,2019-08-06T01:12:18.681Z,sell,2.58e-05,775.19,0.019999902
VIA/BTC,1565053967845,2019-08-06T01:12:47.845Z,sell,2.58e-05,529.76,0.013667808
VIA/BTC,1565054089609,2019-08-06T01:14:49.609Z,sell,2.58e-05,5.28,0.000136224
VIA/BTC,1565054227738,2019-08-06T01:17:07.738Z,buy,2.58e-05,30.33,0.000782514
VIA/BTC,1565054643188,2019-08-06T01:24:03.188Z,sell,2.57e-05,11.17,0.000287069
VIA/BTC,1565054845107,2019-08-06T01:27:25.107Z,sell,2.57e-05,0.01,2.5700000000000004e-07
VIA/BTC,1565054845107,2019-08-06T01:27:25.107Z,sell,2.56e-05,781.24,0.019999744
VIA/BTC,1565054846348,2019-08-06T01:27:26.348Z,sell,2.56e-05,38.76,0.000992256
VIA/BTC,1565054848625,2019-08-06T01:27:28.625Z,sell,2.56e-05,781.25,0.02
VIA/BTC,1565054852160,2019-08-06T01:27:32.160Z,sell,2.56e-05,319.91,0.008189696
VIA/BTC,1565054855722,2019-08-06T01:27:35.722Z,sell,2.56e-05,178.75,0.004576
VIA/BTC,1565054865724,2019-08-06T01:27:45.724Z,buy,2.57e-05,25.32,0.000650724
VIA/BTC,1565054865823,2019-08-06T01:27:45.823Z,buy,2.57e-05,53.48,0.001374436
VIA/BTC,1565054866609,2019-08-06T01:27:46.609Z,buy,2.57e-05,25.32,0.000650724
VIA/BTC,1565054874033,2019-08-06T01:27:54.033Z,buy,2.57e-05,330.81,0.008501817
VIA/BTC,1565054874033,2019-08-06T01:27:54.033Z,buy,2.57e-05,330.81,0.008501817
VIA/BTC,1565054905505,2019-08-06T01:28:25.505Z,sell,2.58e-05,22.84,0.000589272
VIA/BTC,1565054908033,2019-08-06T01:28:28.033Z,sell,2.59e-05,158.44,0.004103596
VIA/BTC,1565055171230,2019-08-06T01:32:51.230Z,sell,2.57e-05,778.21,0.019999997
VIA/BTC,1565055174049,2019-08-06T01:32:54.049Z,sell,2.59e-05,1541.19,0.039916821
VIA/BTC,1565055174379,2019-08-06T01:32:54.379Z,sell,2.58e-05,183.74,0.004740492
VIA/BTC,1565055174379,2019-08-06T01:32:54.379Z,sell,2.56e-05,419.53,0.0107399679999999
VIA/BTC,1565055174925,2019-08-06T01:32:54.925Z,sell,2.56e-05,254.32,0.006510592
VIA/BTC,1565055210290,2019-08-06T01:33:30.290Z,sell,2.57e-05,77.34,0.001987638
VIA/BTC,1565055210529,2019-08-06T01:33:30.529Z,sell,2.57e-05,91.34,0.002347438
VIA/BTC,1565055476608,2019-08-06T01:37:56.608Z,sell,2.59e-05,11.18,0.000289562
VIA/BTC,1565056669144,2019-08-06T01:57:49.144Z,buy,2.57e-05,158.44,0.004071908
VIA/BTC,1565056922136,2019-08-06T02:02:02.136Z,sell,2.57e-05,35.51,0.000912607
VIA/BTC,1565057845023,2019-08-06T02:17:25.023Z,buy,2.59e-05,1580.0,0.040922
VIA/BTC,1565057868925,2019-08-06T02:17:48.925Z,buy,2.59e-05,1757.93,0.045530387
VIA/BTC,1565057868925,2019-08-06T02:17:48.925Z,buy,2.6e-05,433.43,0.01126918
VIA/BTC,1565057869764,2019-08-06T02:17:49.764Z,sell,2.6e-05,30.29,0.0007875399999999
VIA/BTC,1565057874684,2019-08-06T02:17:54.684Z,sell,2.6e-05,278.35,0.0072371
VIA/BTC,1565057898373,2019-08-06T02:18:18.373Z,sell,2.6e-05,769.23,0.01999998
VIA/BTC,1565057899113,2019-08-06T02:18:19.113Z,sell,2.6e-05,404.25,0.0105104999999999
VIA/BTC,1565057901898,2019-08-06T02:18:21.898Z,sell,2.6e-05,769.23,0.01999998
VIA/BTC,1565057905418,2019-08-06T02:18:25.418Z,sell,2.6e-05,769.23,0.01999998
VIA/BTC,1565057908970,2019-08-06T02:18:28.970Z,sell,2.6e-05,769.23,0.01999998
VIA/BTC,1565057912494,2019-08-06T02:18:32.494Z,sell,2.6e-05,769.23,0.01999998
VIA/BTC,1565057912494,2019-08-06T02:18:32.494Z,sell,2.6e-05,769.23,0.01999998
VIA/BTC,1565059284362,2019-08-06T02:41:24.362Z,buy,2.6e-05,309.33,0.0080425799999999
VIA/BTC,1565059583317,2019-08-06T02:46:23.317Z,buy,2.6e-05,0.01,2.6e-07
VIA/BTC,1565059646897,2019-08-06T02:47:26.897Z,sell,2.59e-05,21.06,0.0005454539999999
VIA/BTC,1565059927725,2019-08-06T02:52:07.725Z,buy,2.6e-05,30.17,0.00078442
VIA/BTC,1565060212738,2019-08-06T02:56:52.738Z,buy,2.6e-05,1542.47,0.0401042199999999
VIA/BTC,1565060226007,2019-08-06T02:57:06.007Z,sell,2.6e-05,200.08,0.00520208
VIA/BTC,1565060436576,2019-08-06T03:00:36.576Z,buy,2.6e-05,1108.29,0.0288155399999999
VIA/BTC,1565060445124,2019-08-06T03:00:45.124Z,buy,2.61e-05,21.06,0.000549666
VIA/BTC,1565060445528,2019-08-06T03:00:45.528Z,sell,2.61e-05,136.69,0.003567609
VIA/BTC,1565060506382,2019-08-06T03:01:46.382Z,buy,2.62e-05,11.03,0.000288986
VIA/BTC,1565060506495,2019-08-06T03:01:46.495Z,sell,2.6e-05,30.13,0.00078338
VIA/BTC,1565060506495,2019-08-06T03:01:46.495Z,sell,2.6e-05,30.13,0.00078338
VIA/BTC,1565061670483,2019-08-06T03:21:10.483Z,sell,2.6e-05,769.23,0.01999998
VIA/BTC,1565061820261,2019-08-06T03:23:40.261Z,sell,2.6e-05,13.55,0.0003523
VIA/BTC,1565062619774,2019-08-06T03:36:59.774Z,buy,2.59e-05,12.14,0.000314426
VIA/BTC,1565063599086,2019-08-06T03:53:19.086Z,buy,2.59e-05,681.38,0.017647742
VIA/BTC,1565063704161,2019-08-06T03:55:04.161Z,sell,2.59e-05,29.13,0.000754467
VIA/BTC,1565063704161,2019-08-06T03:55:04.161Z,sell,2.59e-05,29.13,0.000754467
VIA/BTC,1565064302028,2019-08-06T04:05:02.028Z,buy,2.6e-05,4.0,0.000104
VIA/BTC,1565064479786,2019-08-06T04:07:59.786Z,buy,2.6e-05,0.96,2.496e-05
VIA/BTC,1565064517655,2019-08-06T04:08:37.655Z,sell,2.6e-05,394.43,0.01025518
VIA/BTC,1565064519794,2019-08-06T04:08:39.794Z,sell,2.6e-05,458.25,0.0119145
VIA/BTC,1565064523114,2019-08-06T04:08:43.114Z,sell,2.6e-05,143.83,0.00373958
VIA/BTC,1565065008538,2019-08-06T04:16:48.538Z,sell,2.6e-05,19.96,0.00051896
VIA/BTC,1565065008538,2019-08-06T04:16:48.538Z,sell,2.6e-05,19.96,0.00051896
VIA/BTC,1565068340012,2019-08-06T05:12:20.012Z,sell,2.6e-05,5.21,0.0001354599999999
VIA/BTC,1565068603298,2019-08-06T05:16:43.298Z,sell,2.6e-05,34.84,0.00090584
VIA/BTC,1565068603298,2019-08-06T05:16:43.298Z,sell,2.6e-05,34.84,0.00090584
VIA/BTC,1565069124926,2019-08-06T05:25:24.926Z,buy,2.61e-05,83.48,0.002178828
VIA/BTC,1565069384380,2019-08-06T05:29:44.380Z,sell,2.6e-05,346.43,0.00900718
VIA/BTC,1565069477404,2019-08-06T05:31:17.404Z,sell,2.6e-05,83.47,0.00217022
VIA/BTC,1565069724054,2019-08-06T05:35:24.054Z,sell,2.6e-05,31.67,0.00082342
VIA/BTC,1565070189813,2019-08-06T05:43:09.813Z,buy,2.6e-05,97.2,0.0025272
VIA/BTC,1565070202649,2019-08-06T05:43:22.649Z,buy,2.6e-05,28.82,0.0007493199999999
VIA/BTC,1565070202751,2019-08-06T05:43:22.751Z,buy,2.6e-05,961.53,0.02499978
VIA/BTC,1565070202752,2019-08-06T05:43:22.752Z,buy,2.6e-05,166.48,0.0043284799999999
VIA/BTC,1565070202778,2019-08-06T05:43:22.778Z,buy,2.6e-05,140.44,0.0036514399999999
VIA/BTC,1565070272141,2019-08-06T05:44:32.141Z,buy,2.62e-05,254.31,0.006662922
VIA/BTC,1565070272251,2019-08-06T05:44:32.251Z,sell,2.62e-05,95.84,0.002511008
VIA/BTC,1565070272690,2019-08-06T05:44:32.690Z,sell,2.62e-05,204.41,0.005355542
VIA/BTC,1565070272706,2019-08-06T05:44:32.706Z,sell,2.62e-05,204.41,0.005355542
VIA/BTC,1565070273027,2019-08-06T05:44:33.027Z,sell,2.62e-05,204.41,0.005355542
VIA/BTC,1565070302306,2019-08-06T05:45:02.306Z,buy,2.63e-05,144.3,0.00379509
VIA/BTC,1565070354723,2019-08-06T05:45:54.723Z,buy,2.63e-05,177.56,0.004669828
VIA/BTC,1565070614438,2019-08-06T05:50:14.438Z,buy,2.63e-05,100.0,0.00263
VIA/BTC,1565070624996,2019-08-06T05:50:24.996Z,buy,2.63e-05,128.77,0.003386651
VIA/BTC,1565070925827,2019-08-06T05:55:25.827Z,buy,2.63e-05,34.3,0.0009020899999999
VIA/BTC,1565071460348,2019-08-06T06:04:20.348Z,sell,2.62e-05,1408.74,0.036908988
VIA/BTC,1565071491392,2019-08-06T06:04:51.392Z,sell,2.61e-05,743.64,0.019409004
VIA/BTC,1565071492350,2019-08-06T06:04:52.350Z,sell,2.61e-05,1691.87,0.044157807
VIA/BTC,1565071493748,2019-08-06T06:04:53.748Z,sell,2.6e-05,150.22,0.0039057199999999
VIA/BTC,1565071494351,2019-08-06T06:04:54.351Z,sell,2.6e-05,15438.92,0.40141192
VIA/BTC,1565071495346,2019-08-06T06:04:55.346Z,sell,2.59e-05,2058.35,0.053311265
VIA/BTC,1565071500345,2019-08-06T06:05:00.345Z,sell,2.58e-05,118.77,0.003064266
VIA/BTC,1565071500719,2019-08-06T06:05:00.719Z,buy,2.61e-05,174.31,0.004549491
VIA/BTC,1565071500719,2019-08-06T06:05:00.719Z,buy,2.62e-05,270.11,0.007076882
VIA/BTC,1565071504364,2019-08-06T06:05:04.364Z,sell,2.59e-05,43.5,0.0011266499999999
VIA/BTC,1565071510352,2019-08-06T06:05:10.352Z,sell,2.59e-05,52.42,0.001357678
VIA/BTC,1565071513349,2019-08-06T06:05:13.349Z,sell,2.58e-05,1844.67,0.047592486
VIA/BTC,1565071514331,2019-08-06T06:05:14.331Z,buy,2.59e-05,175.66,0.004549594
VIA/BTC,1565071514354,2019-08-06T06:05:14.354Z,sell,2.57e-05,298.99,0.007684043
VIA/BTC,1565071516349,2019-08-06T06:05:16.349Z,sell,2.56e-05,143.91,0.0036840959999999
VIA/BTC,1565071520354,2019-08-06T06:05:20.354Z,sell,2.55e-05,190.4,0.0048552
VIA/BTC,1565071521160,2019-08-06T06:05:21.160Z,buy,2.56e-05,142.94,0.0036592639999999
VIA/BTC,1565071521160,2019-08-06T06:05:21.160Z,buy,2.57e-05,65.2,0.00167564
VIA/BTC,1565071522311,2019-08-06T06:05:22.311Z,sell,2.55e-05,15.25,0.000388875
VIA/BTC,1565071522311,2019-08-06T06:05:22.311Z,sell,2.54e-05,4.97,0.000126238
VIA/BTC,1565071524353,2019-08-06T06:05:24.353Z,sell,2.55e-05,43.5,0.00110925
VIA/BTC,1565071524510,2019-08-06T06:05:24.510Z,buy,2.56e-05,145.42,0.0037227519999999
VIA/BTC,1565071525225,2019-08-06T06:05:25.225Z,buy,2.55e-05,29.44,0.00075072
VIA/BTC,1565071525742,2019-08-06T06:05:25.742Z,buy,2.55e-05,126.97,0.003237735
VIA/BTC,1565071525751,2019-08-06T06:05:25.751Z,buy,2.56e-05,126.97,0.0032504319999999
VIA/BTC,1565071535336,2019-08-06T06:05:35.336Z,buy,2.55e-05,67.75,0.001727625
VIA/BTC,1565071535347,2019-08-06T06:05:35.347Z,sell,2.54e-05,192.86,0.004898644
VIA/BTC,1565071538380,2019-08-06T06:05:38.380Z,sell,2.53e-05,952.85,0.024107105
VIA/BTC,1565071538409,2019-08-06T06:05:38.409Z,sell,2.53e-05,1225.67,0.031009451
VIA/BTC,1565071538618,2019-08-06T06:05:38.618Z,buy,2.54e-05,13.06,0.000331724
VIA/BTC,1565071547102,2019-08-06T06:05:47.102Z,buy,2.54e-05,487.19,0.012374626
