symbol,timestamp,datetime,side,price,amount,btc_volume
VIA/BTC,1548169441613,2019-01-22T15:04:01.613Z,buy,8.89e-05,22.49,0.001999361
VIA/BTC,1548169441853,2019-01-22T15:04:01.853Z,buy,8.89e-05,11.37,0.001010793
VIA/BTC,1548169442165,2019-01-22T15:04:02.165Z,buy,8.89e-05,11.37,0.001010793
VIA/BTC,1548169442208,2019-01-22T15:04:02.208Z,buy,8.89e-05,11.37,0.001010793
VIA/BTC,1548169442482,2019-01-22T15:04:02.482Z,buy,8.89e-05,12.5,0.00111125
VIA/BTC,1548169442837,2019-01-22T15:04:02.837Z,buy,8.89e-05,12.5,0.00111125
VIA/BTC,1548169444368,2019-01-22T15:04:04.368Z,sell,8.88e-05,177.36,0.015749568
VIA/BTC,1548169445512,2019-01-22T15:04:05.512Z,buy,8.89e-05,90.89,0.008080121
VIA/BTC,1548169447148,2019-01-22T15:04:07.148Z,buy,8.89e-05,11.37,0.001010793
VIA/BTC,1548169450989,2019-01-22T15:04:10.989Z,sell,8.88e-05,14.86,0.001319568
VIA/BTC,1548169451004,2019-01-22T15:04:11.004Z,buy,8.88e-05,11.37,0.001009656
VIA/BTC,1548169452680,2019-01-22T15:04:12.680Z,buy,8.88e-05,11.77,0.001045176
VIA/BTC,1548169453863,2019-01-22T15:04:13.863Z,sell,8.87e-05,16.91,0.001499917
VIA/BTC,1548169453863,2019-01-22T15:04:13.863Z,sell,8.86e-05,42.96,0.003806256
VIA/BTC,1548169453863,2019-01-22T15:04:13.863Z,sell,8.84e-05,603.78,0.0533741519999999
VIA/BTC,1548169453863,2019-01-22T15:04:13.863Z,sell,8.82e-05,534.73,0.047163186
VIA/BTC,1548169453863,2019-01-22T15:04:13.863Z,sell,8.82e-05,203.46,0.017945172
VIA/BTC,1548169453863,2019-01-22T15:04:13.863Z,sell,8.81e-05,57.72,0.005085132
VIA/BTC,1548169453890,2019-01-22T15:04:13.890Z,buy,8.82e-05,240.75,0.02123415
VIA/BTC,1548169453901,2019-01-22T15:04:13.901Z,buy,8.82e-05,104.96,0.009257472
VIA/BTC,1548169453910,2019-01-22T15:04:13.910Z,buy,8.82e-05,30.96,0.002730672
VIA/BTC,1548169455512,2019-01-22T15:04:15.512Z,buy,8.87e-05,22.5,0.00199575
VIA/BTC,1548169456405,2019-01-22T15:04:16.405Z,sell,8.83e-05,13.9,0.00122737
VIA/BTC,1548169456405,2019-01-22T15:04:16.405Z,sell,8.83e-05,159.49,0.014082967
VIA/BTC,1548169456405,2019-01-22T15:04:16.405Z,sell,8.82e-05,13.86,0.001222452
VIA/BTC,1548169457750,2019-01-22T15:04:17.750Z,sell,8.82e-05,57.73,0.005091786
VIA/BTC,1548169458018,2019-01-22T15:04:18.018Z,buy,8.87e-05,22.45,0.001991315
VIA/BTC,1548169460072,2019-01-22T15:04:20.072Z,buy,8.85e-05,37.09,0.003282465
VIA/BTC,1548169460072,2019-01-22T15:04:20.072Z,buy,8.87e-05,0.77,6.8299e-05
VIA/BTC,1548169464949,2019-01-22T15:04:24.949Z,sell,8.82e-05,22.68,0.002000376
VIA/BTC,1548169464949,2019-01-22T15:04:24.949Z,sell,8.81e-05,92.92,0.008186252
VIA/BTC,1548169465440,2019-01-22T15:04:25.440Z,sell,8.81e-05,57.8,0.00509218
VIA/BTC,1548169465895,2019-01-22T15:04:25.895Z,sell,8.81e-05,259.93,0.022899833
VIA/BTC,1548169465895,2019-01-22T15:04:25.895Z,sell,8.8e-05,557.82,0.04908816
VIA/BTC,1548169467201,2019-01-22T15:04:27.201Z,sell,8.82e-05,155.79,0.013740678
VIA/BTC,1548169467201,2019-01-22T15:04:27.201Z,sell,8.8e-05,231.47,0.02036936
VIA/BTC,1548169467689,2019-01-22T15:04:27.689Z,sell,8.79e-05,59.23,0.0052063169999999
VIA/BTC,1548169467801,2019-01-22T15:04:27.801Z,buy,8.8e-05,17.04,0.0014995199999999
VIA/BTC,1548169468022,2019-01-22T15:04:28.022Z,buy,8.8e-05,91.6,0.0080608
VIA/BTC,1548169468095,2019-01-22T15:04:28.095Z,buy,8.8e-05,74.01,0.00651288
VIA/BTC,1548169468484,2019-01-22T15:04:28.484Z,buy,8.8e-05,1103.16,0.09707808
VIA/BTC,1548169468550,2019-01-22T15:04:28.550Z,buy,8.8e-05,84.12,0.00740256
VIA/BTC,1548169468562,2019-01-22T15:04:28.562Z,buy,8.8e-05,52.8,0.0046463999999999
VIA/BTC,1548169468823,2019-01-22T15:04:28.823Z,sell,8.79e-05,130.45,0.0114665549999999
VIA/BTC,1548169468823,2019-01-22T15:04:28.823Z,sell,8.78e-05,31.86,0.002797308
VIA/BTC,1548169469086,2019-01-22T15:04:29.086Z,buy,8.8e-05,109.03,0.00959464
VIA/BTC,1548169469268,2019-01-22T15:04:29.268Z,sell,8.78e-05,579.7,0.05089766
VIA/BTC,1548169469310,2019-01-22T15:04:29.310Z,buy,8.8e-05,8.5,0.000748
VIA/BTC,1548169469502,2019-01-22T15:04:29.502Z,sell,8.8e-05,104.34,0.00918192
VIA/BTC,1548169469806,2019-01-22T15:04:29.806Z,buy,8.83e-05,25.51,0.002252533
VIA/BTC,1548169472279,2019-01-22T15:04:32.279Z,sell,8.8e-05,72.76,0.00640288
VIA/BTC,1548169472412,2019-01-22T15:04:32.412Z,sell,8.78e-05,58.13,0.005103814
VIA/BTC,1548169472899,2019-01-22T15:04:32.899Z,sell,8.78e-05,58.47,0.005133666
VIA/BTC,1548169473582,2019-01-22T15:04:33.582Z,buy,8.8e-05,18.07,0.00159016
VIA/BTC,1548169481925,2019-01-22T15:04:41.925Z,buy,8.79e-05,185.88,0.0163388519999999
VIA/BTC,1548169481925,2019-01-22T15:04:41.925Z,buy,8.8e-05,54.69,0.0048127199999999
VIA/BTC,1548169481925,2019-01-22T15:04:41.925Z,buy,8.81e-05,155.79,0.013725099
VIA/BTC,1548169481925,2019-01-22T15:04:41.925Z,buy,8.82e-05,489.11,0.043139502
VIA/BTC,1548169481925,2019-01-22T15:04:41.925Z,buy,8.83e-05,159.14,0.0140520619999999
VIA/BTC,1548169481925,2019-01-22T15:04:41.925Z,buy,8.84e-05,31.78,0.0028093519999999
VIA/BTC,1548169485785,2019-01-22T15:04:45.785Z,sell,8.79e-05,113.51,0.009977529
VIA/BTC,1548169485785,2019-01-22T15:04:45.785Z,sell,8.78e-05,13.69,0.001201982
VIA/BTC,1548169488388,2019-01-22T15:04:48.388Z,buy,8.83e-05,13.32,0.001176156
VIA/BTC,1548169490377,2019-01-22T15:04:50.377Z,sell,8.79e-05,116.0,0.0101964
VIA/BTC,1548169496510,2019-01-22T15:04:56.510Z,sell,8.79e-05,69.2,0.00608268
VIA/BTC,1548169505373,2019-01-22T15:05:05.373Z,buy,8.83e-05,135.28,0.011945224
VIA/BTC,1548169507908,2019-01-22T15:05:07.908Z,sell,8.83e-05,52.8,0.00466224
VIA/BTC,1548169572987,2019-01-22T15:06:12.987Z,buy,8.83e-05,688.94,0.060833402
VIA/BTC,1548169573020,2019-01-22T15:06:13.020Z,sell,8.83e-05,39.68,0.003503744
VIA/BTC,1548169579138,2019-01-22T15:06:19.138Z,buy,8.84e-05,98.67,0.0087224279999999
VIA/BTC,1548169579138,2019-01-22T15:06:19.138Z,buy,8.85e-05,101.33,0.008967705
VIA/BTC,1548169589025,2019-01-22T15:06:29.025Z,sell,8.83e-05,124.63,0.011004829
VIA/BTC,1548169600970,2019-01-22T15:06:40.970Z,sell,8.8e-05,103.17,0.00907896
VIA/BTC,1548169614152,2019-01-22T15:06:54.152Z,buy,8.8e-05,295.35,0.0259908
VIA/BTC,1548169665162,2019-01-22T15:07:45.162Z,buy,8.85e-05,82.39,0.007291515
VIA/BTC,1548169665162,2019-01-22T15:07:45.162Z,buy,8.86e-05,218.38,0.019348468
VIA/BTC,1548169665904,2019-01-22T15:07:45.904Z,buy,8.86e-05,112.23,0.009943578
VIA/BTC,1548169697862,2019-01-22T15:08:17.862Z,sell,8.84e-05,337.26,0.0298137839999999
VIA/BTC,1548169697862,2019-01-22T15:08:17.862Z,sell,8.82e-05,469.14,0.041378148
VIA/BTC,1548169697862,2019-01-22T15:08:17.862Z,sell,8.81e-05,226.8,0.01998108
VIA/BTC,1548169697862,2019-01-22T15:08:17.862Z,sell,8.8e-05,293.38,0.02581744
VIA/BTC,1548169755887,2019-01-22T15:09:15.887Z,sell,8.81e-05,141.88,0.012499628
VIA/BTC,1548169755887,2019-01-22T15:09:15.887Z,sell,8.8e-05,896.57,0.07889816
VIA/BTC,1548169766551,2019-01-22T15:09:26.551Z,sell,8.8e-05,2000.0,0.176
VIA/BTC,1548169807287,2019-01-22T15:10:07.287Z,sell,8.8e-05,1115.85,0.0981947999999999
VIA/BTC,1548169882479,2019-01-22T15:11:22.479Z,buy,8.85e-05,112.99,0.009999615
VIA/BTC,1548169939897,2019-01-22T15:12:19.897Z,buy,8.85e-05,15.89,0.001406265
VIA/BTC,1548169959766,2019-01-22T15:12:39.766Z,buy,8.85e-05,212.8,0.0188328
VIA/BTC,1548169995731,2019-01-22T15:13:15.731Z,buy,8.85e-05,78.23,0.006923355
VIA/BTC,1548170105515,2019-01-22T15:15:05.515Z,buy,8.84e-05,139.57,0.012337988
VIA/BTC,1548170110797,2019-01-22T15:15:10.797Z,sell,8.81e-05,17.24,0.0015188439999999
VIA/BTC,1548170124830,2019-01-22T15:15:24.830Z,sell,8.82e-05,112.86,0.009954252
VIA/BTC,1548170124830,2019-01-22T15:15:24.830Z,sell,8.81e-05,241.88,0.021309628
VIA/BTC,1548170124850,2019-01-22T15:15:24.850Z,buy,8.81e-05,465.52,0.0410123119999999
VIA/BTC,1548170124864,2019-01-22T15:15:24.864Z,buy,8.81e-05,465.52,0.0410123119999999
VIA/BTC,1548170124864,2019-01-22T15:15:24.864Z,buy,8.81e-05,465.62,0.041021122
VIA/BTC,1548170126177,2019-01-22T15:15:26.177Z,buy,8.81e-05,130.91,0.011533171
VIA/BTC,1548170126387,2019-01-22T15:15:26.387Z,sell,8.8e-05,465.52,0.04096576
VIA/BTC,1548170133792,2019-01-22T15:15:33.792Z,buy,8.81e-05,12.57,0.001107417
VIA/BTC,1548170167832,2019-01-22T15:16:07.832Z,sell,8.8e-05,3225.06,0.28380528
VIA/BTC,1548170186715,2019-01-22T15:16:26.715Z,sell,8.8e-05,169.96,0.01495648
VIA/BTC,1548170225725,2019-01-22T15:17:05.725Z,buy,8.81e-05,40.0,0.003524
VIA/BTC,1548170244686,2019-01-22T15:17:24.686Z,sell,8.8e-05,3085.81,0.27155128
VIA/BTC,1548170245359,2019-01-22T15:17:25.359Z,buy,8.81e-05,312.55,0.027535655
VIA/BTC,1548170295446,2019-01-22T15:18:15.446Z,sell,8.81e-05,37.82,0.003331942
VIA/BTC,1548170340096,2019-01-22T15:19:00.096Z,buy,8.84e-05,173.47,0.0153347479999999
VIA/BTC,1548170340096,2019-01-22T15:19:00.096Z,buy,8.85e-05,18.86,0.00166911
VIA/BTC,1548170365078,2019-01-22T15:19:25.078Z,buy,8.85e-05,298.66,0.02643141
VIA/BTC,1548170369723,2019-01-22T15:19:29.723Z,buy,8.86e-05,341.62,0.030267532
VIA/BTC,1548170371153,2019-01-22T15:19:31.153Z,sell,8.86e-05,44.94,0.003981684
VIA/BTC,1548170375124,2019-01-22T15:19:35.124Z,sell,8.86e-05,40.0,0.003544
VIA/BTC,1548170381317,2019-01-22T15:19:41.317Z,sell,8.87e-05,17.36,0.0015398319999999
VIA/BTC,1548170386597,2019-01-22T15:19:46.597Z,buy,8.88e-05,15.65,0.00138972
VIA/BTC,1548170408873,2019-01-22T15:20:08.873Z,sell,8.88e-05,59.17,0.005254296
VIA/BTC,1548170410605,2019-01-22T15:20:10.605Z,buy,8.89e-05,16.87,0.001499743
VIA/BTC,1548170415703,2019-01-22T15:20:15.703Z,sell,8.88e-05,121.56,0.010794528
VIA/BTC,1548170459955,2019-01-22T15:20:59.955Z,sell,8.88e-05,103.33,0.009175704
VIA/BTC,1548170459955,2019-01-22T15:20:59.955Z,sell,8.87e-05,96.67,0.008574629
VIA/BTC,1548170535080,2019-01-22T15:22:15.080Z,sell,8.87e-05,13.3,0.00117971
VIA/BTC,1548170535984,2019-01-22T15:22:15.984Z,buy,8.89e-05,147.7,0.01313053
VIA/BTC,1548170565485,2019-01-22T15:22:45.485Z,sell,8.87e-05,42.2,0.00374314
VIA/BTC,1548170576830,2019-01-22T15:22:56.830Z,sell,8.87e-05,33.46,0.002967902
VIA/BTC,1548170582571,2019-01-22T15:23:02.571Z,sell,8.87e-05,197.07,0.017480109
VIA/BTC,1548170582571,2019-01-22T15:23:02.571Z,sell,8.86e-05,30.84,0.002732424
VIA/BTC,1548170625339,2019-01-22T15:23:45.339Z,buy,8.89e-05,224.97,0.019999833
VIA/BTC,1548170679505,2019-01-22T15:24:39.505Z,buy,8.88e-05,746.13,0.066256344
VIA/BTC,1548170679505,2019-01-22T15:24:39.505Z,buy,8.89e-05,33.99,0.003021711
VIA/BTC,1548170696874,2019-01-22T15:24:56.874Z,sell,8.89e-05,70.72,0.006287008
VIA/BTC,1548170697277,2019-01-22T15:24:57.277Z,sell,8.89e-05,65.53,0.005825617
VIA/BTC,1548170773964,2019-01-22T15:26:13.964Z,buy,8.9e-05,95.34,0.00848526
VIA/BTC,1548170810935,2019-01-22T15:26:50.935Z,buy,8.91e-05,17.93,0.001597563
VIA/BTC,1548170812297,2019-01-22T15:26:52.297Z,buy,8.91e-05,180.9,0.01611819
VIA/BTC,1548170812297,2019-01-22T15:26:52.297Z,buy,8.92e-05,237.74,0.021206408
VIA/BTC,1548170812297,2019-01-22T15:26:52.297Z,buy,8.93e-05,212.67,0.018991431
VIA/BTC,1548170814778,2019-01-22T15:26:54.778Z,buy,8.92e-05,113.17,0.010094764
VIA/BTC,1548170814778,2019-01-22T15:26:54.778Z,buy,8.93e-05,17.11,0.001527923
VIA/BTC,1548170815313,2019-01-22T15:26:55.313Z,buy,8.93e-05,238.93,0.021336449
VIA/BTC,1548170816903,2019-01-22T15:26:56.903Z,buy,8.93e-05,17.92,0.001600256
VIA/BTC,1548170817090,2019-01-22T15:26:57.090Z,buy,8.93e-05,18.39,0.001642227
VIA/BTC,1548170817582,2019-01-22T15:26:57.582Z,buy,8.93e-05,17.84,0.001593112
VIA/BTC,1548170818488,2019-01-22T15:26:58.488Z,buy,8.93e-05,47.58,0.004248894
VIA/BTC,1548170819158,2019-01-22T15:26:59.158Z,buy,8.93e-05,357.22,0.031899746
VIA/BTC,1548170820150,2019-01-22T15:27:00.150Z,buy,8.93e-05,17.09,0.001526137
VIA/BTC,1548170836000,2019-01-22T15:27:16.000Z,buy,8.92e-05,11.42,0.001018664
VIA/BTC,1548170836000,2019-01-22T15:27:16.000Z,buy,8.93e-05,2.62,0.000233966
VIA/BTC,1548170836000,2019-01-22T15:27:16.000Z,buy,8.94e-05,565.96,0.050596824
VIA/BTC,1548170849961,2019-01-22T15:27:29.961Z,buy,8.94e-05,45.2,0.00404088
VIA/BTC,1548170850565,2019-01-22T15:27:30.565Z,buy,8.94e-05,16.72,0.001494768
VIA/BTC,1548170879441,2019-01-22T15:27:59.441Z,sell,8.9e-05,16.96,0.00150944
VIA/BTC,1548170892844,2019-01-22T15:28:12.844Z,sell,8.9e-05,88.2,0.0078498
VIA/BTC,1548170932839,2019-01-22T15:28:52.839Z,buy,8.93e-05,33.91,0.003028163
VIA/BTC,1548170976527,2019-01-22T15:29:36.527Z,buy,8.93e-05,18.33,0.0016368689999999
VIA/BTC,1548171056050,2019-01-22T15:30:56.050Z,sell,8.9e-05,59.68,0.0053115199999999
VIA/BTC,1548171069017,2019-01-22T15:31:09.017Z,sell,8.9e-05,286.22,0.02547358
VIA/BTC,1548171098645,2019-01-22T15:31:38.645Z,buy,8.92e-05,162.96,0.014536032
VIA/BTC,1548171118134,2019-01-22T15:31:58.134Z,sell,8.91e-05,16.87,0.001503117
VIA/BTC,1548171150925,2019-01-22T15:32:30.925Z,sell,8.91e-05,35.48,0.0031612679999999
VIA/BTC,1548171156958,2019-01-22T15:32:36.958Z,sell,8.91e-05,77.17,0.006875847
VIA/BTC,1548171156958,2019-01-22T15:32:36.958Z,sell,8.9e-05,1895.41,0.16869149
VIA/BTC,1548171181216,2019-01-22T15:33:01.216Z,sell,8.9e-05,1323.97,0.11783333
VIA/BTC,1548171207398,2019-01-22T15:33:27.398Z,sell,8.9e-05,505.1,0.0449539
VIA/BTC,1548171208230,2019-01-22T15:33:28.230Z,sell,8.9e-05,12.57,0.0011187299999999
VIA/BTC,1548171212824,2019-01-22T15:33:32.824Z,sell,8.9e-05,1152.77,0.1025965299999999
VIA/BTC,1548171263801,2019-01-22T15:34:23.801Z,buy,8.91e-05,98.93,0.008814663
VIA/BTC,1548171292594,2019-01-22T15:34:52.594Z,sell,8.91e-05,176.46,0.015722586
VIA/BTC,1548171300185,2019-01-22T15:35:00.185Z,sell,8.91e-05,143.69,0.012802779
VIA/BTC,1548171300185,2019-01-22T15:35:00.185Z,sell,8.9e-05,1483.98,0.13207422
VIA/BTC,1548171406524,2019-01-22T15:36:46.524Z,sell,8.91e-05,11.23,0.001000593
VIA/BTC,1548171406524,2019-01-22T15:36:46.524Z,sell,8.9e-05,5.64,0.00050196
VIA/BTC,1548171412684,2019-01-22T15:36:52.684Z,buy,8.92e-05,18.49,0.001649308
VIA/BTC,1548171439729,2019-01-22T15:37:19.729Z,buy,8.92e-05,66.15,0.00590058
VIA/BTC,1548171442875,2019-01-22T15:37:22.875Z,buy,8.92e-05,16.82,0.001500344
VIA/BTC,1548171477164,2019-01-22T15:37:57.164Z,buy,8.92e-05,146.63,0.013079396
VIA/BTC,1548171482318,2019-01-22T15:38:02.318Z,sell,8.9e-05,58.34,0.00519226
VIA/BTC,1548171482381,2019-01-22T15:38:02.381Z,sell,8.9e-05,233.37,0.02076993
VIA/BTC,1548171482407,2019-01-22T15:38:02.407Z,sell,8.9e-05,671.76,0.0597866399999999
VIA/BTC,1548171482407,2019-01-22T15:38:02.407Z,sell,8.89e-05,123.79,0.011004931
VIA/BTC,1548171485242,2019-01-22T15:38:05.242Z,sell,8.89e-05,116.56,0.010362184
VIA/BTC,1548171488018,2019-01-22T15:38:08.018Z,sell,8.89e-05,80.9,0.00719201
VIA/BTC,1548171610841,2019-01-22T15:40:10.841Z,sell,8.9e-05,130.0,0.0115699999999999
VIA/BTC,1548171616715,2019-01-22T15:40:16.715Z,sell,8.9e-05,41.57,0.0036997299999999
VIA/BTC,1548171616715,2019-01-22T15:40:16.715Z,sell,8.89e-05,1625.13,0.144474057
VIA/BTC,1548171620873,2019-01-22T15:40:20.873Z,sell,8.86e-05,46.13,0.004087118
VIA/BTC,1548171629127,2019-01-22T15:40:29.127Z,sell,8.86e-05,38.51,0.0034119859999999
VIA/BTC,1548171629127,2019-01-22T15:40:29.127Z,sell,8.85e-05,76.56,0.00677556
VIA/BTC,1548171642507,2019-01-22T15:40:42.507Z,sell,8.85e-05,57.6,0.0050976
VIA/BTC,1548171642994,2019-01-22T15:40:42.994Z,sell,8.85e-05,54.86,0.00485511
VIA/BTC,1548171648697,2019-01-22T15:40:48.697Z,sell,8.85e-05,0.33,2.9205e-05
VIA/BTC,1548171648697,2019-01-22T15:40:48.697Z,sell,8.83e-05,746.36,0.065903588
VIA/BTC,1548171648697,2019-01-22T15:40:48.697Z,sell,8.82e-05,127.01,0.011202282
VIA/BTC,1548171648697,2019-01-22T15:40:48.697Z,sell,8.81e-05,523.42,0.0461133019999999
VIA/BTC,1548171648697,2019-01-22T15:40:48.697Z,sell,8.81e-05,992.09,0.087403129
VIA/BTC,1548171648697,2019-01-22T15:40:48.697Z,sell,8.8e-05,1198.0,0.105424
VIA/BTC,1548171648697,2019-01-22T15:40:48.697Z,sell,8.8e-05,812.21,0.07147448
VIA/BTC,1548171650458,2019-01-22T15:40:50.458Z,sell,8.82e-05,96.4,0.00850248
VIA/BTC,1548171655340,2019-01-22T15:40:55.340Z,sell,8.82e-05,115.34,0.010172988
VIA/BTC,1548171655820,2019-01-22T15:40:55.820Z,sell,8.82e-05,57.67,0.005086494
VIA/BTC,1548171658152,2019-01-22T15:40:58.152Z,buy,8.85e-05,134.84,0.01193334
VIA/BTC,1548171664694,2019-01-22T15:41:04.694Z,sell,8.83e-05,115.34,0.010184522
VIA/BTC,1548171738101,2019-01-22T15:42:18.101Z,buy,8.85e-05,38.34,0.00339309
VIA/BTC,1548171739833,2019-01-22T15:42:19.833Z,buy,8.85e-05,17.79,0.0015744149999999
VIA/BTC,1548171740841,2019-01-22T15:42:20.841Z,buy,8.85e-05,21.38,0.00189213
VIA/BTC,1548171777381,2019-01-22T15:42:57.381Z,sell,8.83e-05,114.67,0.010125361
VIA/BTC,1548171840933,2019-01-22T15:44:00.933Z,sell,8.84e-05,129.39,0.0114380759999999
VIA/BTC,1548171857435,2019-01-22T15:44:17.435Z,sell,8.84e-05,1049.35,0.0927625399999999
VIA/BTC,1548171893718,2019-01-22T15:44:53.718Z,sell,8.83e-05,973.3,0.08594239
VIA/BTC,1548171893718,2019-01-22T15:44:53.718Z,sell,8.82e-05,1721.57,0.151842474
VIA/BTC,1548171893770,2019-01-22T15:44:53.770Z,buy,8.82e-05,85.22,0.007516404
VIA/BTC,1548171899483,2019-01-22T15:44:59.483Z,sell,8.8e-05,1120.81,0.0986312799999999
VIA/BTC,1548171899483,2019-01-22T15:44:59.483Z,sell,8.8e-05,699.21,0.06153048
VIA/BTC,1548171922947,2019-01-22T15:45:22.947Z,buy,8.81e-05,216.33,0.019058673
VIA/BTC,1548171927226,2019-01-22T15:45:27.226Z,buy,8.81e-05,172.83,0.015226323
VIA/BTC,1548171927226,2019-01-22T15:45:27.226Z,buy,8.82e-05,1996.71,0.176109822
VIA/BTC,1548171933961,2019-01-22T15:45:33.961Z,buy,8.82e-05,2948.47,0.260055054
VIA/BTC,1548172006582,2019-01-22T15:46:46.582Z,sell,8.81e-05,409.09,0.0360408289999999
VIA/BTC,1548172006582,2019-01-22T15:46:46.582Z,sell,8.8e-05,560.67,0.0493389599999999
VIA/BTC,1548172012152,2019-01-22T15:46:52.152Z,sell,8.82e-05,1284.48,0.113291136
VIA/BTC,1548172012152,2019-01-22T15:46:52.152Z,sell,8.8e-05,655.05,0.0576443999999999
VIA/BTC,1548172047810,2019-01-22T15:47:27.810Z,sell,8.8e-05,969.77,0.08533976
VIA/BTC,1548172193936,2019-01-22T15:49:53.936Z,sell,8.81e-05,48.0,0.0042288
VIA/BTC,1548172193936,2019-01-22T15:49:53.936Z,sell,8.8e-05,532.0,0.0468159999999999
VIA/BTC,1548172313967,2019-01-22T15:51:53.967Z,buy,8.83e-05,61.58,0.005437514
VIA/BTC,1548172382139,2019-01-22T15:53:02.139Z,buy,8.82e-05,28.31,0.002496942
VIA/BTC,1548172387283,2019-01-22T15:53:07.283Z,buy,8.82e-05,17.0,0.0014994
VIA/BTC,1548172387699,2019-01-22T15:53:07.699Z,buy,8.82e-05,17.0,0.0014994
VIA/BTC,1548172388199,2019-01-22T15:53:08.199Z,buy,8.82e-05,38.69,0.0034124579999999
VIA/BTC,1548172388654,2019-01-22T15:53:08.654Z,buy,8.82e-05,37.26,0.003286332
VIA/BTC,1548172389149,2019-01-22T15:53:09.149Z,buy,8.82e-05,35.41,0.0031231619999999
VIA/BTC,1548172389417,2019-01-22T15:53:09.417Z,buy,8.83e-05,37.26,0.003290058
VIA/BTC,1548172390030,2019-01-22T15:53:10.030Z,buy,8.83e-05,17.39,0.001535537
VIA/BTC,1548172398122,2019-01-22T15:53:18.122Z,buy,8.83e-05,288.27,0.025454241
VIA/BTC,1548172398122,2019-01-22T15:53:18.122Z,buy,8.84e-05,329.59,0.0291357559999999
VIA/BTC,1548172398122,2019-01-22T15:53:18.122Z,buy,8.85e-05,496.14,0.04390839
VIA/BTC,1548172402053,2019-01-22T15:53:22.053Z,buy,8.85e-05,111.0,0.0098234999999999
VIA/BTC,1548172443070,2019-01-22T15:54:03.070Z,buy,8.84e-05,38.99,0.003446716
VIA/BTC,1548172443328,2019-01-22T15:54:03.328Z,buy,8.84e-05,31.22,0.0027598479999999
VIA/BTC,1548172444942,2019-01-22T15:54:04.942Z,buy,8.84e-05,846.1,0.07479524
VIA/BTC,1548172445065,2019-01-22T15:54:05.065Z,buy,8.84e-05,15.28,0.0013507519999999
VIA/BTC,1548172445139,2019-01-22T15:54:05.139Z,buy,8.84e-05,33.93,0.002999412
VIA/BTC,1548172445198,2019-01-22T15:54:05.198Z,buy,8.84e-05,282.52,0.0249747679999999
VIA/BTC,1548172445198,2019-01-22T15:54:05.198Z,buy,8.85e-05,444.8,0.0393648
VIA/BTC,1548172456960,2019-01-22T15:54:16.960Z,sell,8.85e-05,3744.13,0.331355505
VIA/BTC,1548172475589,2019-01-22T15:54:35.589Z,sell,8.85e-05,48.32,0.00427632
VIA/BTC,1548172490970,2019-01-22T15:54:50.970Z,sell,8.84e-05,26.23,0.002318732
VIA/BTC,1548172511201,2019-01-22T15:55:11.201Z,sell,8.84e-05,478.2,0.04227288
VIA/BTC,1548172519551,2019-01-22T15:55:19.551Z,buy,8.84e-05,21.8,0.0019271199999999
VIA/BTC,1548172519551,2019-01-22T15:55:19.551Z,buy,8.85e-05,268.47,0.023759595
VIA/BTC,1548172519551,2019-01-22T15:55:19.551Z,buy,8.86e-05,229.4,0.02032484
VIA/BTC,1548172560773,2019-01-22T15:56:00.773Z,buy,8.86e-05,16.91,0.001498226
VIA/BTC,1548172560859,2019-01-22T15:56:00.859Z,buy,8.86e-05,388.65,0.0344343899999999
VIA/BTC,1548172560859,2019-01-22T15:56:00.859Z,buy,8.87e-05,111.98,0.009932626
VIA/BTC,1548172560859,2019-01-22T15:56:00.859Z,buy,8.88e-05,62.43,0.005543784
VIA/BTC,1548172561365,2019-01-22T15:56:01.365Z,buy,8.88e-05,55.99,0.004971912
VIA/BTC,1548172561431,2019-01-22T15:56:01.431Z,buy,8.88e-05,563.06,0.049999728
VIA/BTC,1548172561684,2019-01-22T15:56:01.684Z,buy,8.88e-05,16.89,0.001499832
VIA/BTC,1548172561788,2019-01-22T15:56:01.788Z,buy,8.88e-05,56.3,0.00499944
VIA/BTC,1548172561811,2019-01-22T15:56:01.811Z,buy,8.88e-05,55.74,0.004949712
VIA/BTC,1548172561811,2019-01-22T15:56:01.811Z,buy,8.88e-05,280.58,0.0249155039999999
VIA/BTC,1548172562118,2019-01-22T15:56:02.118Z,buy,8.88e-05,40.54,0.003599952
VIA/BTC,1548172562237,2019-01-22T15:56:02.237Z,sell,8.87e-05,11.28,0.001000536
VIA/BTC,1548172605474,2019-01-22T15:56:45.474Z,buy,8.88e-05,150.0,0.01332
VIA/BTC,1548172767033,2019-01-22T15:59:27.033Z,sell,8.87e-05,100.0,0.00887
VIA/BTC,1548172767033,2019-01-22T15:59:27.033Z,sell,8.86e-05,2339.14,0.2072478039999999
VIA/BTC,1548172780514,2019-01-22T15:59:40.514Z,sell,8.85e-05,75.68,0.00669768
VIA/BTC,1548172780514,2019-01-22T15:59:40.514Z,sell,8.84e-05,433.65,0.0383346599999999
VIA/BTC,1548172805899,2019-01-22T16:00:05.899Z,sell,8.84e-05,74.28,0.0065663519999999
VIA/BTC,1548172808190,2019-01-22T16:00:08.190Z,buy,8.88e-05,22.52,0.001999776
VIA/BTC,1548172902645,2019-01-22T16:01:42.645Z,buy,8.87e-05,418.67,0.037136029
VIA/BTC,1548172961502,2019-01-22T16:02:41.502Z,buy,8.86e-05,94.55,0.00837713
VIA/BTC,1548172964451,2019-01-22T16:02:44.451Z,buy,8.86e-05,1875.09,0.166132974
VIA/BTC,1548172971017,2019-01-22T16:02:51.017Z,sell,8.86e-05,94.55,0.00837713
VIA/BTC,1548172984125,2019-01-22T16:03:04.125Z,buy,8.86e-05,5.45,0.00048287
VIA/BTC,1548173000444,2019-01-22T16:03:20.444Z,buy,8.86e-05,1167.0,0.1033962
VIA/BTC,1548173000444,2019-01-22T16:03:20.444Z,buy,8.86e-05,1167.0,0.1033962
VIA/BTC,1548173041679,2019-01-22T16:04:01.679Z,buy,8.87e-05,1356.2,0.12029494
VIA/BTC,1548173128323,2019-01-22T16:05:28.323Z,buy,8.87e-05,1000.0,0.0887
VIA/BTC,1548173151657,2019-01-22T16:05:51.657Z,buy,8.87e-05,70.7,0.00627109
VIA/BTC,1548173155894,2019-01-22T16:05:55.894Z,buy,8.87e-05,639.25,0.056701475
VIA/BTC,1548173194970,2019-01-22T16:06:34.970Z,buy,8.87e-05,11.39,0.001010293
VIA/BTC,1548173221826,2019-01-22T16:07:01.826Z,sell,8.86e-05,112.86,0.009999396
VIA/BTC,1548173243899,2019-01-22T16:07:23.899Z,sell,8.84e-05,100.71,0.0089027639999999
VIA/BTC,1548173301635,2019-01-22T16:08:21.635Z,sell,8.84e-05,31.12,0.002751008
VIA/BTC,1548173305702,2019-01-22T16:08:25.702Z,sell,8.84e-05,31.4,0.0027757599999999
VIA/BTC,1548173308983,2019-01-22T16:08:28.983Z,sell,8.84e-05,32.15,0.0028420599999999
VIA/BTC,1548173643161,2019-01-22T16:14:03.161Z,buy,8.86e-05,37.45,0.00331807
VIA/BTC,1548173775866,2019-01-22T16:16:15.866Z,buy,8.86e-05,589.81,0.0522571659999999
VIA/BTC,1548173814071,2019-01-22T16:16:54.071Z,sell,8.84e-05,231.45,0.0204601799999999
VIA/BTC,1548173814071,2019-01-22T16:16:54.071Z,sell,8.83e-05,318.29,0.028105007
VIA/BTC,1548173814071,2019-01-22T16:16:54.071Z,sell,8.82e-05,450.26,0.039712932
VIA/BTC,1548173970550,2019-01-22T16:19:30.550Z,sell,8.82e-05,561.04,0.049483728
VIA/BTC,1548174078265,2019-01-22T16:21:18.265Z,sell,8.82e-05,400.0,0.03528
VIA/BTC,1548174460366,2019-01-22T16:27:40.366Z,buy,8.85e-05,15.0,0.0013275
VIA/BTC,1548174562030,2019-01-22T16:29:22.030Z,buy,8.84e-05,75.7,0.00669188
VIA/BTC,1548174592059,2019-01-22T16:29:52.059Z,buy,8.85e-05,364.02,0.03221577
VIA/BTC,1548174798076,2019-01-22T16:33:18.076Z,buy,8.87e-05,28.49,0.002527063
VIA/BTC,1548174807843,2019-01-22T16:33:27.843Z,sell,8.86e-05,47.3,0.00419078
VIA/BTC,1548174868826,2019-01-22T16:34:28.826Z,sell,8.86e-05,116.42,0.010314812
VIA/BTC,1548174929289,2019-01-22T16:35:29.289Z,buy,8.87e-05,68.33,0.006060871
VIA/BTC,1548174954504,2019-01-22T16:35:54.504Z,sell,8.86e-05,510.37,0.045218782
VIA/BTC,1548174975649,2019-01-22T16:36:15.649Z,buy,8.87e-05,292.26,0.0259234619999999
VIA/BTC,1548175017681,2019-01-22T16:36:57.681Z,sell,8.86e-05,100.25,0.00888215
VIA/BTC,1548175120670,2019-01-22T16:38:40.670Z,buy,8.87e-05,133.08,0.011804196
VIA/BTC,1548175120670,2019-01-22T16:38:40.670Z,buy,8.88e-05,193.92,0.017220096
VIA/BTC,1548175137555,2019-01-22T16:38:57.555Z,sell,8.86e-05,14.89,0.001319254
VIA/BTC,1548175154401,2019-01-22T16:39:14.401Z,sell,8.86e-05,565.86,0.050135196
VIA/BTC,1548175174834,2019-01-22T16:39:34.834Z,buy,8.86e-05,1742.27,0.154365122
VIA/BTC,1548175242088,2019-01-22T16:40:42.088Z,buy,8.86e-05,57.82,0.005122852
VIA/BTC,1548175267787,2019-01-22T16:41:07.787Z,buy,8.86e-05,631.05,0.0559110299999999
VIA/BTC,1548175472650,2019-01-22T16:44:32.650Z,buy,8.88e-05,112.61,0.009999768
VIA/BTC,1548175555935,2019-01-22T16:45:55.935Z,buy,8.88e-05,11.38,0.001010544
VIA/BTC,1548175641813,2019-01-22T16:47:21.813Z,buy,8.88e-05,11.38,0.001010544
VIA/BTC,1548175673656,2019-01-22T16:47:53.656Z,buy,8.88e-05,112.3,0.00997224
VIA/BTC,1548175717920,2019-01-22T16:48:37.920Z,buy,8.88e-05,182.58,0.016213104
VIA/BTC,1548175783126,2019-01-22T16:49:43.126Z,buy,8.88e-05,108.11,0.009600168
VIA/BTC,1548175830214,2019-01-22T16:50:30.214Z,sell,8.87e-05,15.17,0.001345579
VIA/BTC,1548175861343,2019-01-22T16:51:01.343Z,sell,8.87e-05,1159.36,0.102835232
VIA/BTC,1548175957633,2019-01-22T16:52:37.633Z,buy,8.88e-05,160.07,0.014214216
VIA/BTC,1548175959525,2019-01-22T16:52:39.525Z,sell,8.88e-05,17.79,0.001579752
VIA/BTC,1548176195942,2019-01-22T16:56:35.942Z,buy,8.89e-05,13.5,0.00120015
VIA/BTC,1548176264989,2019-01-22T16:57:44.989Z,buy,8.89e-05,224.0,0.0199136
VIA/BTC,1548176382763,2019-01-22T16:59:42.763Z,buy,8.89e-05,78.65,0.006991985
VIA/BTC,1548176382763,2019-01-22T16:59:42.763Z,buy,8.89e-05,78.65,0.006991985
VIA/BTC,1548176659101,2019-01-22T17:04:19.101Z,buy,8.89e-05,84.08,0.007474712
VIA/BTC,1548177084489,2019-01-22T17:11:24.489Z,buy,8.89e-05,60.7,0.00539623
VIA/BTC,1548177093987,2019-01-22T17:11:33.987Z,buy,8.89e-05,201.73,0.017933797
VIA/BTC,1548177274522,2019-01-22T17:14:34.522Z,buy,8.9e-05,1800.0,0.1601999999999999
VIA/BTC,1548177286118,2019-01-22T17:14:46.118Z,sell,8.89e-05,39.92,0.003548888
VIA/BTC,1548177340758,2019-01-22T17:15:40.758Z,buy,8.89e-05,119.75,0.010645775
VIA/BTC,1548177410258,2019-01-22T17:16:50.258Z,sell,8.87e-05,124.35,0.011029845
VIA/BTC,1548177419575,2019-01-22T17:16:59.575Z,sell,8.87e-05,129.81,0.011514147
VIA/BTC,1548177445133,2019-01-22T17:17:25.133Z,buy,8.9e-05,337.08,0.0300001199999999
VIA/BTC,1548177467347,2019-01-22T17:17:47.347Z,buy,8.9e-05,16.85,0.00149965
VIA/BTC,1548177496999,2019-01-22T17:18:16.999Z,buy,8.89e-05,363.26,0.032293814
VIA/BTC,1548177503178,2019-01-22T17:18:23.178Z,buy,8.89e-05,796.83,0.070838187
VIA/BTC,1548177503178,2019-01-22T17:18:23.178Z,buy,8.9e-05,2751.58,0.2448906199999999
VIA/BTC,1548177538779,2019-01-22T17:18:58.779Z,sell,8.87e-05,125.69,0.011148703
VIA/BTC,1548177596711,2019-01-22T17:19:56.711Z,buy,8.9e-05,672.54,0.0598560599999999
VIA/BTC,1548177744055,2019-01-22T17:22:24.055Z,buy,8.9e-05,17.03,0.00151567
VIA/BTC,1548177892801,2019-01-22T17:24:52.801Z,sell,8.87e-05,474.55,0.042092585
VIA/BTC,1548177892801,2019-01-22T17:24:52.801Z,sell,8.86e-05,3022.61,0.267803246
VIA/BTC,1548177892801,2019-01-22T17:24:52.801Z,sell,8.85e-05,115.47,0.010219095
VIA/BTC,1548177892801,2019-01-22T17:24:52.801Z,sell,8.85e-05,2048.54,0.1812957899999999
VIA/BTC,1548177893314,2019-01-22T17:24:53.314Z,buy,8.85e-05,35.9,0.0031771499999999
VIA/BTC,1548177907746,2019-01-22T17:25:07.746Z,buy,8.85e-05,33.9,0.0030001499999999
VIA/BTC,1548177967209,2019-01-22T17:26:07.209Z,buy,8.85e-05,359.52,0.0318175199999999
VIA/BTC,1548177986478,2019-01-22T17:26:26.478Z,sell,8.84e-05,2262.44,0.199999696
VIA/BTC,1548177986478,2019-01-22T17:26:26.478Z,sell,8.83e-05,1282.42,0.113237686
VIA/BTC,1548178028220,2019-01-22T17:27:08.220Z,buy,8.84e-05,33.98,0.0030038319999999
VIA/BTC,1548178060695,2019-01-22T17:27:40.695Z,buy,8.84e-05,11.43,0.0010104119999999
VIA/BTC,1548178060777,2019-01-22T17:27:40.777Z,buy,8.84e-05,11.43,0.0010104119999999
VIA/BTC,1548178060942,2019-01-22T17:27:40.942Z,buy,8.84e-05,11.43,0.0010104119999999
VIA/BTC,1548178061700,2019-01-22T17:27:41.700Z,buy,8.84e-05,11.43,0.0010104119999999
VIA/BTC,1548178061808,2019-01-22T17:27:41.808Z,buy,8.84e-05,11.43,0.0010104119999999
VIA/BTC,1548178062162,2019-01-22T17:27:42.162Z,buy,8.84e-05,11.43,0.0010104119999999
VIA/BTC,1548178062295,2019-01-22T17:27:42.295Z,buy,8.84e-05,11.43,0.0010104119999999
VIA/BTC,1548178062316,2019-01-22T17:27:42.316Z,buy,8.84e-05,9.67,0.000854828
VIA/BTC,1548178103828,2019-01-22T17:28:23.828Z,sell,8.84e-05,111.82,0.0098848879999999
VIA/BTC,1548178108624,2019-01-22T17:28:28.624Z,buy,8.85e-05,11.42,0.00101067
VIA/BTC,1548178121203,2019-01-22T17:28:41.203Z,buy,8.85e-05,11.42,0.00101067
VIA/BTC,1548178122170,2019-01-22T17:28:42.170Z,buy,8.85e-05,11.42,0.00101067
VIA/BTC,1548178122522,2019-01-22T17:28:42.522Z,buy,8.85e-05,11.42,0.00101067
VIA/BTC,1548178122685,2019-01-22T17:28:42.685Z,buy,8.85e-05,285.32,0.0252508199999999
VIA/BTC,1548178123135,2019-01-22T17:28:43.135Z,buy,8.85e-05,11.42,0.00101067
VIA/BTC,1548178309463,2019-01-22T17:31:49.463Z,buy,8.85e-05,801.99,0.0709761149999999
VIA/BTC,1548178321829,2019-01-22T17:32:01.829Z,sell,8.83e-05,364.08,0.032148264
VIA/BTC,1548178321829,2019-01-22T17:32:01.829Z,sell,8.82e-05,360.68,0.031811976
VIA/BTC,1548178321829,2019-01-22T17:32:01.829Z,sell,8.81e-05,239.22,0.021075282
VIA/BTC,1548178427510,2019-01-22T17:33:47.510Z,sell,8.82e-05,220.03,0.019406646
VIA/BTC,1548178438240,2019-01-22T17:33:58.240Z,buy,8.82e-05,1000.0,0.0882
VIA/BTC,1548178448402,2019-01-22T17:34:08.402Z,buy,8.82e-05,34.01,0.002999682
VIA/BTC,1548178507873,2019-01-22T17:35:07.873Z,sell,8.81e-05,82.77,0.0072920369999999
VIA/BTC,1548178509222,2019-01-22T17:35:09.222Z,buy,8.81e-05,11.34,0.000999054
VIA/BTC,1548178532314,2019-01-22T17:35:32.314Z,sell,8.81e-05,732.39,0.064523559
VIA/BTC,1548178532314,2019-01-22T17:35:32.314Z,sell,8.8e-05,1038.55,0.0913924
VIA/BTC,1548178532314,2019-01-22T17:35:32.314Z,sell,8.8e-05,177.68,0.01563584
VIA/BTC,1548178598758,2019-01-22T17:36:38.758Z,buy,8.85e-05,11.42,0.00101067
VIA/BTC,1548178637861,2019-01-22T17:37:17.861Z,buy,8.85e-05,424.17,0.037539045
VIA/BTC,1548178649116,2019-01-22T17:37:29.116Z,sell,8.86e-05,125.83,0.011148538
VIA/BTC,1548179251735,2019-01-22T17:47:31.735Z,buy,8.85e-05,220.03,0.019472655
VIA/BTC,1548179255755,2019-01-22T17:47:35.755Z,buy,8.86e-05,342.55,0.03034993
VIA/BTC,1548179904080,2019-01-22T17:58:24.080Z,sell,8.83e-05,17.4,0.00153642
VIA/BTC,1548179904080,2019-01-22T17:58:24.080Z,sell,8.83e-05,17.4,0.00153642
VIA/BTC,1548181023738,2019-01-22T18:17:03.738Z,sell,8.83e-05,268.05,0.023668815
VIA/BTC,1548181032130,2019-01-22T18:17:12.130Z,sell,8.81e-05,737.8,0.0650001799999999
VIA/BTC,1548181040327,2019-01-22T18:17:20.327Z,buy,8.85e-05,12.19,0.001078815
VIA/BTC,1548181100863,2019-01-22T18:18:20.863Z,sell,8.81e-05,362.95,0.031975895
VIA/BTC,1548181155174,2019-01-22T18:19:15.174Z,buy,8.81e-05,387.46,0.034135226
VIA/BTC,1548181167903,2019-01-22T18:19:27.903Z,sell,8.8e-05,25.64,0.00225632
VIA/BTC,1548181296453,2019-01-22T18:21:36.453Z,sell,8.8e-05,2297.54,0.2021835199999999
VIA/BTC,1548181612585,2019-01-22T18:26:52.585Z,sell,8.81e-05,56.75,0.004999675
VIA/BTC,1548181612585,2019-01-22T18:26:52.585Z,sell,8.8e-05,1300.26,0.1144228799999999
VIA/BTC,1548181612585,2019-01-22T18:26:52.585Z,sell,8.79e-05,535.56,0.0470757239999999
VIA/BTC,1548181612585,2019-01-22T18:26:52.585Z,sell,8.78e-05,139.95,0.01228761
VIA/BTC,1548181612585,2019-01-22T18:26:52.585Z,sell,8.78e-05,28.9,0.00253742
VIA/BTC,1548181614207,2019-01-22T18:26:54.207Z,sell,8.79e-05,11.39,0.001001181
VIA/BTC,1548181869453,2019-01-22T18:31:09.453Z,buy,8.82e-05,55.35,0.00488187
VIA/BTC,1548181869488,2019-01-22T18:31:09.488Z,buy,8.82e-05,17.0,0.0014994
VIA/BTC,1548181869508,2019-01-22T18:31:09.508Z,buy,8.82e-05,55.35,0.00488187
VIA/BTC,1548181895896,2019-01-22T18:31:35.896Z,buy,8.82e-05,27.49,0.002424618
VIA/BTC,1548181931026,2019-01-22T18:32:11.026Z,buy,8.82e-05,17.0,0.0014994
VIA/BTC,1548181978540,2019-01-22T18:32:58.540Z,buy,8.82e-05,22.91,0.002020662
VIA/BTC,1548182037720,2019-01-22T18:33:57.720Z,sell,8.79e-05,60.7,0.00533553
VIA/BTC,1548182114213,2019-01-22T18:35:14.213Z,sell,8.79e-05,76.85,0.0067551149999999
VIA/BTC,1548182114213,2019-01-22T18:35:14.213Z,sell,8.78e-05,158.72,0.013935616
VIA/BTC,1548182114213,2019-01-22T18:35:14.213Z,sell,8.76e-05,941.99,0.082518324
VIA/BTC,1548182314705,2019-01-22T18:38:34.705Z,sell,8.79e-05,827.68,0.0727530719999999
VIA/BTC,1548182314705,2019-01-22T18:38:34.705Z,sell,8.78e-05,103.33,0.009072374
VIA/BTC,1548182314705,2019-01-22T18:38:34.705Z,sell,8.77e-05,11.41,0.001000657
VIA/BTC,1548182314705,2019-01-22T18:38:34.705Z,sell,8.76e-05,2123.44,0.186013344
VIA/BTC,1548182314705,2019-01-22T18:38:34.705Z,sell,8.75e-05,593.68,0.0519469999999999
VIA/BTC,1548182314705,2019-01-22T18:38:34.705Z,sell,8.74e-05,1621.79,0.141744446
VIA/BTC,1548182314705,2019-01-22T18:38:34.705Z,sell,8.74e-05,268.05,0.02342757
VIA/BTC,1548182324637,2019-01-22T18:38:44.637Z,buy,8.81e-05,25.23,0.002222763
VIA/BTC,1548182355308,2019-01-22T18:39:15.308Z,buy,8.8e-05,28.08,0.00247104
VIA/BTC,1548182355431,2019-01-22T18:39:15.431Z,buy,8.8e-05,29.81,0.00262328
VIA/BTC,1548182355514,2019-01-22T18:39:15.514Z,buy,8.8e-05,222.98,0.01962224
VIA/BTC,1548182355514,2019-01-22T18:39:15.514Z,buy,8.81e-05,57.89,0.005100109
VIA/BTC,1548182382810,2019-01-22T18:39:42.810Z,sell,8.79e-05,46.68,0.0041031719999999
VIA/BTC,1548182520351,2019-01-22T18:42:00.351Z,sell,8.8e-05,107.0,0.0094159999999999
VIA/BTC,1548182520351,2019-01-22T18:42:00.351Z,sell,8.79e-05,88.2,0.00775278
VIA/BTC,1548182520351,2019-01-22T18:42:00.351Z,sell,8.77e-05,214.22,0.018787094
VIA/BTC,1548182520351,2019-01-22T18:42:00.351Z,sell,8.76e-05,317.31,0.027796356
VIA/BTC,1548182520351,2019-01-22T18:42:00.351Z,sell,8.75e-05,531.11,0.046472125
VIA/BTC,1548182520351,2019-01-22T18:42:00.351Z,sell,8.74e-05,2453.43,0.2144297819999999
VIA/BTC,1548182520351,2019-01-22T18:42:00.351Z,sell,8.73e-05,616.61,0.0538300529999999
VIA/BTC,1548182520351,2019-01-22T18:42:00.351Z,sell,8.72e-05,1482.8,0.12930016
VIA/BTC,1548182521447,2019-01-22T18:42:01.447Z,buy,8.79e-05,213.05,0.018727095
VIA/BTC,1548182521456,2019-01-22T18:42:01.456Z,buy,8.79e-05,6.32,0.000555528
VIA/BTC,1548182521456,2019-01-22T18:42:01.456Z,buy,8.8e-05,15.61,0.00137368
VIA/BTC,1548182521574,2019-01-22T18:42:01.574Z,buy,8.8e-05,80.26,0.00706288
VIA/BTC,1548182521700,2019-01-22T18:42:01.700Z,buy,8.8e-05,89.17,0.00784696
VIA/BTC,1548182522275,2019-01-22T18:42:02.275Z,buy,8.8e-05,46.38,0.00408144
VIA/BTC,1548182522541,2019-01-22T18:42:02.541Z,buy,8.8e-05,145.84,0.01283392
VIA/BTC,1548182523849,2019-01-22T18:42:03.849Z,buy,8.8e-05,357.19,0.03143272
VIA/BTC,1548182523889,2019-01-22T18:42:03.889Z,buy,8.8e-05,28.56,0.0025132799999999
VIA/BTC,1548182526607,2019-01-22T18:42:06.607Z,sell,8.79e-05,102.91,0.0090457889999999
VIA/BTC,1548182589930,2019-01-22T18:43:09.930Z,sell,8.79e-05,43.67,0.003838593
VIA/BTC,1548182606686,2019-01-22T18:43:26.686Z,sell,8.79e-05,72.79,0.006398241
VIA/BTC,1548182808709,2019-01-22T18:46:48.709Z,sell,8.78e-05,46.82,0.004110796
VIA/BTC,1548182821789,2019-01-22T18:47:01.789Z,sell,8.76e-05,16.09,0.001409484
VIA/BTC,1548182828454,2019-01-22T18:47:08.454Z,buy,8.8e-05,21.03,0.00185064
VIA/BTC,1548183099604,2019-01-22T18:51:39.604Z,buy,8.79e-05,40.0,0.003516
VIA/BTC,1548183103027,2019-01-22T18:51:43.027Z,buy,8.79e-05,21.33,0.0018749069999999
VIA/BTC,1548183183467,2019-01-22T18:53:03.467Z,buy,8.79e-05,22.75,0.001999725
VIA/BTC,1548183399784,2019-01-22T18:56:39.784Z,buy,8.79e-05,139.02,0.012219858
VIA/BTC,1548183399810,2019-01-22T18:56:39.810Z,buy,8.8e-05,30.31,0.0026672799999999
VIA/BTC,1548183412390,2019-01-22T18:56:52.390Z,buy,8.8e-05,33.51,0.0029488799999999
VIA/BTC,1548183466255,2019-01-22T18:57:46.255Z,sell,8.78e-05,318.29,0.027945862
VIA/BTC,1548183474011,2019-01-22T18:57:54.011Z,sell,8.78e-05,97.56,0.008565768
VIA/BTC,1548183483378,2019-01-22T18:58:03.378Z,sell,8.77e-05,205.88,0.018055676
VIA/BTC,1548183483378,2019-01-22T18:58:03.378Z,sell,8.77e-05,205.88,0.018055676
VIA/BTC,1548183642898,2019-01-22T19:00:42.898Z,buy,8.81e-05,25.15,0.002215715
VIA/BTC,1548183732203,2019-01-22T19:02:12.203Z,buy,8.81e-05,97.31,0.008573011
VIA/BTC,1548183751692,2019-01-22T19:02:31.692Z,sell,8.81e-05,0.69,6.0789e-05
VIA/BTC,1548183764637,2019-01-22T19:02:44.637Z,sell,8.8e-05,132.08,0.01162304
VIA/BTC,1548183888532,2019-01-22T19:04:48.532Z,buy,8.8e-05,511.69,0.04502872
VIA/BTC,1548183914794,2019-01-22T19:05:14.794Z,buy,8.8e-05,318.29,0.02800952
VIA/BTC,1548183914794,2019-01-22T19:05:14.794Z,buy,8.81e-05,409.9,0.0361121899999999
VIA/BTC,1548183914794,2019-01-22T19:05:14.794Z,buy,8.82e-05,635.9,0.05608638
VIA/BTC,1548183931257,2019-01-22T19:05:31.257Z,sell,8.82e-05,92.74,0.008179668
VIA/BTC,1548183958035,2019-01-22T19:05:58.035Z,sell,8.82e-05,114.41,0.010090962
VIA/BTC,1548184003917,2019-01-22T19:06:43.917Z,sell,8.82e-05,387.46,0.034173972
VIA/BTC,1548184015941,2019-01-22T19:06:55.941Z,sell,8.82e-05,109.66,0.009672012
VIA/BTC,1548184358554,2019-01-22T19:12:38.554Z,buy,8.81e-05,16.81,0.0014809609999999
VIA/BTC,1548184678982,2019-01-22T19:17:58.982Z,sell,8.8e-05,20.0,0.0017599999999999
VIA/BTC,1548184678982,2019-01-22T19:17:58.982Z,sell,8.79e-05,55.0,0.0048344999999999
VIA/BTC,1548184678982,2019-01-22T19:17:58.982Z,sell,8.78e-05,616.47,0.054126066
VIA/BTC,1548184678982,2019-01-22T19:17:58.982Z,sell,8.75e-05,62.75,0.005490625
VIA/BTC,1548184678982,2019-01-22T19:17:58.982Z,sell,8.73e-05,544.83,0.047563659
VIA/BTC,1548184678982,2019-01-22T19:17:58.982Z,sell,8.72e-05,698.88,0.060942336
VIA/BTC,1548184678982,2019-01-22T19:17:58.982Z,sell,8.71e-05,798.6,0.06955806
VIA/BTC,1548184678982,2019-01-22T19:17:58.982Z,sell,8.7e-05,370.91,0.03226917
VIA/BTC,1548184678982,2019-01-22T19:17:58.982Z,sell,8.69e-05,1097.13,0.095340597
VIA/BTC,1548184678982,2019-01-22T19:17:58.982Z,sell,8.68e-05,1070.39,0.092909852
VIA/BTC,1548184679717,2019-01-22T19:17:59.717Z,buy,8.76e-05,178.05,0.01559718
VIA/BTC,1548184679917,2019-01-22T19:17:59.917Z,buy,8.76e-05,46.95,0.00411282
VIA/BTC,1548184693181,2019-01-22T19:18:13.181Z,buy,8.76e-05,14.28,0.001250928
VIA/BTC,1548184695346,2019-01-22T19:18:15.346Z,buy,8.76e-05,14.28,0.001250928
VIA/BTC,1548184710816,2019-01-22T19:18:30.816Z,sell,8.75e-05,126.21,0.011043375
VIA/BTC,1548184736666,2019-01-22T19:18:56.666Z,buy,8.76e-05,373.15,0.03268794
VIA/BTC,1548184739954,2019-01-22T19:18:59.954Z,buy,8.76e-05,385.26,0.033748776
VIA/BTC,1548184765310,2019-01-22T19:19:25.310Z,buy,8.76e-05,34.25,0.0030003
VIA/BTC,1548184824045,2019-01-22T19:20:24.045Z,buy,8.76e-05,32.0,0.0028032
VIA/BTC,1548184830285,2019-01-22T19:20:30.285Z,buy,8.76e-05,114.15,0.00999954
VIA/BTC,1548184841358,2019-01-22T19:20:41.358Z,sell,8.75e-05,478.0,0.041825
VIA/BTC,1548184855399,2019-01-22T19:20:55.399Z,sell,8.75e-05,170.0,0.014875
VIA/BTC,1548184874601,2019-01-22T19:21:14.601Z,sell,8.75e-05,70.59,0.006176625
VIA/BTC,1548184875836,2019-01-22T19:21:15.836Z,sell,8.75e-05,314.32,0.027503
VIA/BTC,1548184892878,2019-01-22T19:21:32.878Z,buy,8.75e-05,65.68,0.005747
VIA/BTC,1548185021985,2019-01-22T19:23:41.985Z,buy,8.76e-05,60.49,0.005298924
VIA/BTC,1548185126351,2019-01-22T19:25:26.351Z,sell,8.75e-05,4.32,0.000378
VIA/BTC,1548185152452,2019-01-22T19:25:52.452Z,sell,8.74e-05,881.56,0.0770483439999999
VIA/BTC,1548185176092,2019-01-22T19:26:16.092Z,buy,8.75e-05,36.1,0.00315875
VIA/BTC,1548185207252,2019-01-22T19:26:47.252Z,buy,8.75e-05,157.09,0.013745375
VIA/BTC,1548185207512,2019-01-22T19:26:47.512Z,sell,8.75e-05,169.66,0.0148452499999999
VIA/BTC,1548185276474,2019-01-22T19:27:56.474Z,buy,8.76e-05,90.0,0.007884
VIA/BTC,1548185441342,2019-01-22T19:30:41.342Z,buy,8.76e-05,294.75,0.0258201
VIA/BTC,1548185466870,2019-01-22T19:31:06.870Z,buy,8.78e-05,90.57,0.007952046
VIA/BTC,1548185609995,2019-01-22T19:33:29.995Z,sell,8.78e-05,0.01,8.780000000000001e-07
VIA/BTC,1548185723691,2019-01-22T19:35:23.691Z,buy,8.78e-05,14.7,0.00129066
VIA/BTC,1548185942428,2019-01-22T19:39:02.428Z,buy,8.78e-05,19.39,0.001702442
VIA/BTC,1548185951244,2019-01-22T19:39:11.244Z,sell,8.78e-05,0.61,5.355800000000001e-05
VIA/BTC,1548185970171,2019-01-22T19:39:30.171Z,sell,8.77e-05,16.0,0.0014032
VIA/BTC,1548186010067,2019-01-22T19:40:10.067Z,buy,8.77e-05,106.52,0.009341804
VIA/BTC,1548186058143,2019-01-22T19:40:58.143Z,buy,8.77e-05,38.14,0.003344878
VIA/BTC,1548186088115,2019-01-22T19:41:28.115Z,buy,8.78e-05,12.8,0.00112384
VIA/BTC,1548186088202,2019-01-22T19:41:28.202Z,sell,8.77e-05,1.86,0.000163122
VIA/BTC,1548186093820,2019-01-22T19:41:33.820Z,buy,8.77e-05,10.95,0.000960315
VIA/BTC,1548186098718,2019-01-22T19:41:38.718Z,sell,8.77e-05,1.05,9.2085e-05
VIA/BTC,1548186107559,2019-01-22T19:41:47.559Z,buy,8.77e-05,14.0,0.0012278
VIA/BTC,1548186293488,2019-01-22T19:44:53.488Z,sell,8.76e-05,29.0,0.0025404
VIA/BTC,1548186293488,2019-01-22T19:44:53.488Z,sell,8.75e-05,107.14,0.00937475
VIA/BTC,1548186358499,2019-01-22T19:45:58.499Z,sell,8.76e-05,20.0,0.001752
VIA/BTC,1548186379766,2019-01-22T19:46:19.766Z,buy,8.76e-05,13.79,0.001208004
VIA/BTC,1548186384283,2019-01-22T19:46:24.283Z,sell,8.76e-05,14.21,0.001244796
VIA/BTC,1548186465620,2019-01-22T19:47:45.620Z,sell,8.75e-05,892.86,0.07812525
VIA/BTC,1548186512605,2019-01-22T19:48:32.605Z,buy,8.75e-05,36.1,0.00315875
VIA/BTC,1548186615106,2019-01-22T19:50:15.106Z,sell,8.74e-05,28.7,0.0025083799999999
VIA/BTC,1548186615106,2019-01-22T19:50:15.106Z,sell,8.72e-05,17.13,0.001493736
VIA/BTC,1548186615106,2019-01-22T19:50:15.106Z,sell,8.71e-05,13.77,0.001199367
VIA/BTC,1548186615106,2019-01-22T19:50:15.106Z,sell,8.7e-05,45.96,0.00399852
VIA/BTC,1548186615133,2019-01-22T19:50:15.133Z,buy,8.7e-05,41.3,0.0035930999999999
VIA/BTC,1548186619184,2019-01-22T19:50:19.184Z,sell,8.69e-05,226.01,0.019640269
VIA/BTC,1548186629755,2019-01-22T19:50:29.755Z,buy,8.7e-05,3.14,0.00027318
VIA/BTC,1548186630897,2019-01-22T19:50:30.897Z,buy,8.73e-05,41.24,0.003600252
VIA/BTC,1548186632686,2019-01-22T19:50:32.686Z,buy,8.74e-05,21.03,0.001838022
VIA/BTC,1548186641478,2019-01-22T19:50:41.478Z,buy,8.74e-05,268.05,0.02342757
VIA/BTC,1548186656757,2019-01-22T19:50:56.757Z,buy,8.74e-05,29.21,0.002552954
VIA/BTC,1548186667781,2019-01-22T19:51:07.781Z,buy,8.75e-05,68.71,0.0060121249999999
VIA/BTC,1548186668074,2019-01-22T19:51:08.074Z,buy,8.75e-05,34.32,0.003003
VIA/BTC,1548186671376,2019-01-22T19:51:11.376Z,sell,8.72e-05,11.47,0.001000184
VIA/BTC,1548186671376,2019-01-22T19:51:11.376Z,sell,8.71e-05,54.68,0.004762628
VIA/BTC,1548186682385,2019-01-22T19:51:22.385Z,buy,8.74e-05,21.03,0.001838022
VIA/BTC,1548186728725,2019-01-22T19:52:08.725Z,buy,8.74e-05,13.44,0.0011746559999999
VIA/BTC,1548186728725,2019-01-22T19:52:08.725Z,buy,8.75e-05,20.88,0.0018269999999999
VIA/BTC,1548186733721,2019-01-22T19:52:13.721Z,buy,8.75e-05,1993.07,0.174393625
VIA/BTC,1548186784860,2019-01-22T19:53:04.860Z,sell,8.75e-05,1704.38,0.14913325
VIA/BTC,1548187014450,2019-01-22T19:56:54.450Z,sell,8.75e-05,310.0,0.027125
VIA/BTC,1548187019094,2019-01-22T19:56:59.094Z,sell,8.75e-05,0.21,1.8375e-05
VIA/BTC,1548187019094,2019-01-22T19:56:59.094Z,sell,8.75e-05,0.21,1.8375e-05
VIA/BTC,1548187216321,2019-01-22T20:00:16.321Z,buy,8.75e-05,18.79,0.001644125
VIA/BTC,1548187245743,2019-01-22T20:00:45.743Z,buy,8.76e-05,128.49,0.011255724
VIA/BTC,1548187259928,2019-01-22T20:00:59.928Z,sell,8.76e-05,37.25,0.0032631
VIA/BTC,1548187516797,2019-01-22T20:05:16.797Z,buy,8.76e-05,2.75,0.0002409
VIA/BTC,1548187743706,2019-01-22T20:09:03.706Z,buy,8.77e-05,24.89,0.002182853
VIA/BTC,1548187809890,2019-01-22T20:10:09.890Z,sell,8.77e-05,0.11,9.647e-06
VIA/BTC,1548187925540,2019-01-22T20:12:05.540Z,buy,8.77e-05,11.36,0.000996272
VIA/BTC,1548188751202,2019-01-22T20:25:51.202Z,sell,8.77e-05,69.08,0.006058316
VIA/BTC,1548188920137,2019-01-22T20:28:40.137Z,buy,8.77e-05,114.02,0.009999554
VIA/BTC,1548189234063,2019-01-22T20:33:54.063Z,sell,8.76e-05,45.47,0.003983172
VIA/BTC,1548189312955,2019-01-22T20:35:12.955Z,sell,8.76e-05,49.9,0.00437124
VIA/BTC,1548189383062,2019-01-22T20:36:23.062Z,buy,8.77e-05,17.1,0.00149967
VIA/BTC,1548189386691,2019-01-22T20:36:26.691Z,buy,8.77e-05,17.1,0.00149967
VIA/BTC,1548189389217,2019-01-22T20:36:29.217Z,buy,8.77e-05,17.1,0.00149967
VIA/BTC,1548189392051,2019-01-22T20:36:32.051Z,buy,8.77e-05,17.1,0.00149967
VIA/BTC,1548189721499,2019-01-22T20:42:01.499Z,sell,8.76e-05,132.94,0.011645544
VIA/BTC,1548189721499,2019-01-22T20:42:01.499Z,sell,8.75e-05,64.24,0.0056209999999999
VIA/BTC,1548189773798,2019-01-22T20:42:53.798Z,sell,8.75e-05,235.76,0.0206289999999999
VIA/BTC,1548189852520,2019-01-22T20:44:12.520Z,buy,8.75e-05,20.0,0.00175
VIA/BTC,1548189930656,2019-01-22T20:45:30.656Z,buy,8.75e-05,16.35,0.001430625
VIA/BTC,1548190165289,2019-01-22T20:49:25.289Z,buy,8.75e-05,739.0,0.0646625
VIA/BTC,1548190605874,2019-01-22T20:56:45.874Z,sell,8.75e-05,11.43,0.001000125
VIA/BTC,1548190605874,2019-01-22T20:56:45.874Z,sell,8.75e-05,11.43,0.001000125
VIA/BTC,1548190870402,2019-01-22T21:01:10.402Z,buy,8.75e-05,8.57,0.000749875
VIA/BTC,1548191176070,2019-01-22T21:06:16.070Z,buy,8.75e-05,503.03,0.0440151249999999
VIA/BTC,1548191572016,2019-01-22T21:12:52.016Z,buy,8.75e-05,58.56,0.005124
VIA/BTC,1548191627300,2019-01-22T21:13:47.300Z,buy,8.75e-05,9.49,0.000830375
VIA/BTC,1548191695434,2019-01-22T21:14:55.434Z,sell,8.75e-05,75.37,0.006594875
VIA/BTC,1548191796049,2019-01-22T21:16:36.049Z,sell,8.74e-05,15.0,0.0013109999999999
VIA/BTC,1548191907079,2019-01-22T21:18:27.079Z,buy,8.74e-05,17.16,0.0014997839999999
VIA/BTC,1548191909960,2019-01-22T21:18:29.960Z,buy,8.74e-05,51.49,0.004500226
VIA/BTC,1548191930390,2019-01-22T21:18:50.390Z,buy,8.74e-05,11.56,0.001010344
VIA/BTC,1548191954341,2019-01-22T21:19:14.341Z,buy,8.74e-05,294.38,0.025728812
VIA/BTC,1548192018971,2019-01-22T21:20:18.971Z,buy,8.74e-05,173.24,0.015141176
VIA/BTC,1548192185264,2019-01-22T21:23:05.264Z,buy,8.74e-05,17.17,0.001500658
VIA/BTC,1548192205276,2019-01-22T21:23:25.276Z,buy,8.74e-05,322.28,0.0281672719999999
VIA/BTC,1548192379893,2019-01-22T21:26:19.893Z,buy,8.76e-05,18.0,0.0015768
VIA/BTC,1548192379893,2019-01-22T21:26:19.893Z,buy,8.77e-05,21.0,0.0018417
VIA/BTC,1548192379893,2019-01-22T21:26:19.893Z,buy,8.78e-05,74.5,0.0065411
VIA/BTC,1548192381897,2019-01-22T21:26:21.897Z,buy,8.78e-05,11.44,0.001004432
VIA/BTC,1548192406933,2019-01-22T21:26:46.933Z,buy,8.78e-05,246.65,0.02165587
VIA/BTC,1548192444581,2019-01-22T21:27:24.581Z,sell,8.77e-05,175.99,0.015434323
VIA/BTC,1548192677342,2019-01-22T21:31:17.342Z,sell,8.77e-05,61.74,0.005414598
VIA/BTC,1548192677342,2019-01-22T21:31:17.342Z,sell,8.75e-05,88.26,0.00772275
VIA/BTC,1548192765830,2019-01-22T21:32:45.830Z,buy,8.78e-05,113.11,0.009931058
VIA/BTC,1548193100612,2019-01-22T21:38:20.612Z,buy,8.79e-05,20.0,0.001758
VIA/BTC,1548193373092,2019-01-22T21:42:53.092Z,sell,8.75e-05,34.29,0.003000375
VIA/BTC,1548193494186,2019-01-22T21:44:54.186Z,buy,8.75e-05,0.71,6.212499999999999e-05
VIA/BTC,1548193494186,2019-01-22T21:44:54.186Z,buy,8.77e-05,46.29,0.004059633
VIA/BTC,1548193519023,2019-01-22T21:45:19.023Z,sell,8.77e-05,46.56,0.004083312
VIA/BTC,1548193616041,2019-01-22T21:46:56.041Z,sell,8.77e-05,153.44,0.013456688
VIA/BTC,1548193972006,2019-01-22T21:52:52.006Z,sell,8.75e-05,1470.54,0.12867225
VIA/BTC,1548194063995,2019-01-22T21:54:23.995Z,sell,8.74e-05,100.0,0.00874
VIA/BTC,1548194063995,2019-01-22T21:54:23.995Z,sell,8.73e-05,160.1,0.0139767299999999
VIA/BTC,1548194063995,2019-01-22T21:54:23.995Z,sell,8.71e-05,53.32,0.004644172
VIA/BTC,1548194063995,2019-01-22T21:54:23.995Z,sell,8.7e-05,66.58,0.00579246
VIA/BTC,1548194084303,2019-01-22T21:54:44.303Z,buy,8.74e-05,263.0,0.0229862
VIA/BTC,1548194084303,2019-01-22T21:54:44.303Z,buy,8.74e-05,263.0,0.0229862
VIA/BTC,1548195480887,2019-01-22T22:18:00.887Z,sell,8.74e-05,176.6,0.0154348399999999
VIA/BTC,1548195480887,2019-01-22T22:18:00.887Z,sell,8.73e-05,225.0,0.0196425
VIA/BTC,1548195480887,2019-01-22T22:18:00.887Z,sell,8.71e-05,260.03,0.0226486129999999
VIA/BTC,1548195480928,2019-01-22T22:18:00.928Z,buy,8.71e-05,54.18,0.004719078
VIA/BTC,1548195480989,2019-01-22T22:18:00.989Z,buy,8.71e-05,22.08,0.0019231679999999
VIA/BTC,1548195481346,2019-01-22T22:18:01.346Z,buy,8.71e-05,60.7,0.00528697
VIA/BTC,1548195481417,2019-01-22T22:18:01.417Z,buy,8.71e-05,60.7,0.00528697
VIA/BTC,1548195488602,2019-01-22T22:18:08.602Z,buy,8.71e-05,34.44,0.002999724
VIA/BTC,1548195492750,2019-01-22T22:18:12.750Z,buy,8.71e-05,68.71,0.005984641
VIA/BTC,1548195508822,2019-01-22T22:18:28.822Z,buy,8.71e-05,32.02,0.002788942
VIA/BTC,1548195548009,2019-01-22T22:19:08.009Z,buy,8.71e-05,98.5,0.00857935
VIA/BTC,1548195917622,2019-01-22T22:25:17.622Z,sell,8.72e-05,262.44,0.022884768
VIA/BTC,1548196067030,2019-01-22T22:27:47.030Z,sell,8.73e-05,22.04,0.0019240919999999
VIA/BTC,1548196081828,2019-01-22T22:28:01.828Z,sell,8.73e-05,12.34,0.001077282
VIA/BTC,1548196081828,2019-01-22T22:28:01.828Z,sell,8.72e-05,322.28,0.028102816
VIA/BTC,1548196087305,2019-01-22T22:28:07.305Z,sell,8.71e-05,998.58,0.086976318
VIA/BTC,1548196087305,2019-01-22T22:28:07.305Z,sell,8.7e-05,617.56,0.0537277199999999
VIA/BTC,1548196087305,2019-01-22T22:28:07.305Z,sell,8.69e-05,524.72,0.045598168
VIA/BTC,1548196094558,2019-01-22T22:28:14.558Z,buy,8.72e-05,21.03,0.001833816
VIA/BTC,1548196207415,2019-01-22T22:30:07.415Z,buy,8.72e-05,1067.95,0.09312524
VIA/BTC,1548196208067,2019-01-22T22:30:08.067Z,buy,8.72e-05,53.67,0.004680024
VIA/BTC,1548196208067,2019-01-22T22:30:08.067Z,buy,8.74e-05,53.32,0.004660168
VIA/BTC,1548196263711,2019-01-22T22:31:03.711Z,buy,8.73e-05,60.91,0.0053174429999999
VIA/BTC,1548196748137,2019-01-22T22:39:08.137Z,buy,8.75e-05,84.42,0.00738675
VIA/BTC,1548196757169,2019-01-22T22:39:17.169Z,buy,8.74e-05,34.29,0.002996946
VIA/BTC,1548197596201,2019-01-22T22:53:16.201Z,buy,8.74e-05,160.1,0.0139927399999999
VIA/BTC,1548197600839,2019-01-22T22:53:20.839Z,buy,8.74e-05,46.4,0.00405536
VIA/BTC,1548197600839,2019-01-22T22:53:20.839Z,buy,8.74e-05,46.4,0.00405536
VIA/BTC,1548198698239,2019-01-22T23:11:38.239Z,buy,8.74e-05,11.47,0.001002478
VIA/BTC,1548198717297,2019-01-22T23:11:57.297Z,buy,8.75e-05,462.23,0.040445125
VIA/BTC,1548199138770,2019-01-22T23:18:58.770Z,buy,8.75e-05,174.65,0.015281875
VIA/BTC,1548199226438,2019-01-22T23:20:26.438Z,sell,8.75e-05,63.67,0.005571125
VIA/BTC,1548199911765,2019-01-22T23:31:51.765Z,sell,8.76e-05,1000.0,0.0876
VIA/BTC,1548199957026,2019-01-22T23:32:37.026Z,buy,8.76e-05,39.65,0.00347334
VIA/BTC,1548199966798,2019-01-22T23:32:46.798Z,sell,8.75e-05,228.57,0.019999875
VIA/BTC,1548201002904,2019-01-22T23:50:02.904Z,buy,8.75e-05,3067.04,0.268366
VIA/BTC,1548201060985,2019-01-22T23:51:00.985Z,buy,8.76e-05,178.92,0.0156733919999999
VIA/BTC,1548201100752,2019-01-22T23:51:40.752Z,buy,8.76e-05,172.95,0.01515042
VIA/BTC,1548201100752,2019-01-22T23:51:40.752Z,buy,8.76e-05,172.95,0.01515042
VIA/BTC,1548201357682,2019-01-22T23:55:57.682Z,buy,8.77e-05,79.18,0.006944086
VIA/BTC,1548201402344,2019-01-22T23:56:42.344Z,sell,8.75e-05,147.86,0.01293775
VIA/BTC,1548201402344,2019-01-22T23:56:42.344Z,sell,8.74e-05,36.32,0.003174368
VIA/BTC,1548201661714,2019-01-23T00:01:01.714Z,buy,8.77e-05,22.8,0.00199956
VIA/BTC,1548201693376,2019-01-23T00:01:33.376Z,buy,8.77e-05,33.3,0.00292041
VIA/BTC,1548201805858,2019-01-23T00:03:25.858Z,buy,8.77e-05,16.55,0.001451435
VIA/BTC,1548202311681,2019-01-23T00:11:51.681Z,buy,8.77e-05,115.17,0.010100409
VIA/BTC,1548202793014,2019-01-23T00:19:53.014Z,buy,8.77e-05,500.0,0.04385
VIA/BTC,1548202917789,2019-01-23T00:21:57.789Z,sell,8.74e-05,258.53,0.0225955219999999
VIA/BTC,1548203419136,2019-01-23T00:30:19.136Z,buy,8.77e-05,7.01,0.000614777
VIA/BTC,1548203672710,2019-01-23T00:34:32.710Z,buy,8.78e-05,160.08,0.014055024
VIA/BTC,1548203709687,2019-01-23T00:35:09.687Z,sell,8.78e-05,11.43,0.001003554
VIA/BTC,1548203753835,2019-01-23T00:35:53.835Z,sell,8.78e-05,58.42,0.005129276
VIA/BTC,1548203839813,2019-01-23T00:37:19.813Z,buy,8.79e-05,34.48,0.0030307919999999
VIA/BTC,1548204024749,2019-01-23T00:40:24.749Z,buy,8.79e-05,288.99,0.025402221
VIA/BTC,1548204371802,2019-01-23T00:46:11.802Z,buy,8.81e-05,32.02,0.002820962
VIA/BTC,1548204428704,2019-01-23T00:47:08.704Z,sell,8.82e-05,0.98,8.6436e-05
VIA/BTC,1548204434215,2019-01-23T00:47:14.215Z,sell,8.79e-05,68.74,0.0060422459999999
VIA/BTC,1548204434543,2019-01-23T00:47:14.543Z,sell,8.79e-05,25.36,0.0022291439999999
VIA/BTC,1548204468151,2019-01-23T00:47:48.151Z,sell,8.8e-05,17.1,0.0015048
VIA/BTC,1548204473860,2019-01-23T00:47:53.860Z,sell,8.8e-05,17.1,0.0015048
VIA/BTC,1548204473860,2019-01-23T00:47:53.860Z,sell,8.8e-05,17.1,0.0015048
VIA/BTC,1548204937855,2019-01-23T00:55:37.855Z,sell,8.8e-05,1673.83,0.14729704
VIA/BTC,1548205467777,2019-01-23T01:04:27.777Z,buy,8.8e-05,1983.43,0.17454184
VIA/BTC,1548205649799,2019-01-23T01:07:29.799Z,sell,8.8e-05,176.6,0.0155407999999999
VIA/BTC,1548205719388,2019-01-23T01:08:39.388Z,sell,8.8e-05,0.98,8.624e-05
VIA/BTC,1548205918158,2019-01-23T01:11:58.158Z,buy,8.8e-05,68.87,0.00606056
VIA/BTC,1548206613741,2019-01-23T01:23:33.741Z,sell,8.78e-05,103.35,0.00907413
VIA/BTC,1548206648246,2019-01-23T01:24:08.246Z,buy,8.81e-05,10.43,0.000918883
VIA/BTC,1548206648246,2019-01-23T01:24:08.246Z,buy,8.82e-05,23.74,0.002093868
VIA/BTC,1548206679089,2019-01-23T01:24:39.089Z,buy,8.81e-05,11.47,0.001010507
VIA/BTC,1548206817126,2019-01-23T01:26:57.126Z,buy,8.81e-05,27.0,0.0023787
VIA/BTC,1548207737107,2019-01-23T01:42:17.107Z,buy,8.81e-05,60.03,0.005288643
VIA/BTC,1548207737107,2019-01-23T01:42:17.107Z,buy,8.81e-05,60.03,0.005288643
VIA/BTC,1548208350051,2019-01-23T01:52:30.051Z,sell,8.78e-05,504.55,0.04429949
VIA/BTC,1548208765526,2019-01-23T01:59:25.526Z,sell,8.78e-05,725.24,0.063676072
VIA/BTC,1548208771169,2019-01-23T01:59:31.169Z,sell,8.77e-05,1758.25,0.154198525
VIA/BTC,1548208777729,2019-01-23T01:59:37.729Z,sell,8.76e-05,81.05,0.00709998
VIA/BTC,1548208808978,2019-01-23T02:00:08.978Z,buy,8.8e-05,34.25,0.0030139999999999
VIA/BTC,1548209188480,2019-01-23T02:06:28.480Z,buy,8.81e-05,28.67,0.002525827
VIA/BTC,1548209975214,2019-01-23T02:19:35.214Z,buy,8.8e-05,11.48,0.00101024
VIA/BTC,1548210605643,2019-01-23T02:30:05.643Z,buy,8.81e-05,23.64,0.002082684
VIA/BTC,1548210605783,2019-01-23T02:30:05.783Z,sell,8.81e-05,175.12,0.015428072
VIA/BTC,1548210613549,2019-01-23T02:30:13.549Z,sell,8.81e-05,51.49,0.004536269
VIA/BTC,1548210614456,2019-01-23T02:30:14.456Z,sell,8.81e-05,33.51,0.002952231
VIA/BTC,1548210617644,2019-01-23T02:30:17.644Z,buy,8.8e-05,56.68,0.0049878399999999
VIA/BTC,1548210621003,2019-01-23T02:30:21.003Z,buy,8.8e-05,17.04,0.0014995199999999
VIA/BTC,1548210624361,2019-01-23T02:30:24.361Z,buy,8.8e-05,56.81,0.00499928
VIA/BTC,1548210628972,2019-01-23T02:30:28.972Z,buy,8.8e-05,56.81,0.00499928
VIA/BTC,1548210634838,2019-01-23T02:30:34.838Z,buy,8.8e-05,73.86,0.00649968
VIA/BTC,1548210650496,2019-01-23T02:30:50.496Z,buy,8.8e-05,56.81,0.00499928
VIA/BTC,1548210653257,2019-01-23T02:30:53.257Z,buy,8.8e-05,11.37,0.00100056
VIA/BTC,1548210667321,2019-01-23T02:31:07.321Z,buy,8.82e-05,113.37,0.009999234
VIA/BTC,1548210671602,2019-01-23T02:31:11.602Z,buy,8.82e-05,113.37,0.009999234
VIA/BTC,1548210682200,2019-01-23T02:31:22.200Z,buy,8.82e-05,56.68,0.004999176
VIA/BTC,1548210686844,2019-01-23T02:31:26.844Z,buy,8.82e-05,113.37,0.009999234
VIA/BTC,1548210691340,2019-01-23T02:31:31.340Z,buy,8.82e-05,75.29,0.006640578
VIA/BTC,1548210708676,2019-01-23T02:31:48.676Z,sell,8.82e-05,17.1,0.00150822
VIA/BTC,1548210716095,2019-01-23T02:31:56.095Z,sell,8.82e-05,17.1,0.00150822
VIA/BTC,1548210728420,2019-01-23T02:32:08.420Z,sell,8.82e-05,11.39,0.001004598
VIA/BTC,1548210829248,2019-01-23T02:33:49.248Z,sell,8.82e-05,15.16,0.001337112
VIA/BTC,1548210950655,2019-01-23T02:35:50.655Z,buy,8.82e-05,53.98,0.004761036
VIA/BTC,1548210975924,2019-01-23T02:36:15.924Z,buy,8.82e-05,59.65,0.00526113
VIA/BTC,1548210976256,2019-01-23T02:36:16.256Z,sell,8.82e-05,53.72,0.004738104
VIA/BTC,1548210980254,2019-01-23T02:36:20.254Z,sell,8.82e-05,56.68,0.004999176
VIA/BTC,1548210987143,2019-01-23T02:36:27.143Z,buy,8.83e-05,113.25,0.009999975
VIA/BTC,1548211198235,2019-01-23T02:39:58.235Z,buy,8.83e-05,100.04,0.008833532
VIA/BTC,1548211206814,2019-01-23T02:40:06.814Z,sell,8.83e-05,17.16,0.001515228
VIA/BTC,1548211208693,2019-01-23T02:40:08.693Z,sell,8.83e-05,162.8,0.01437524
VIA/BTC,1548211208693,2019-01-23T02:40:08.693Z,sell,8.83e-05,162.8,0.01437524
VIA/BTC,1548211401588,2019-01-23T02:43:21.588Z,buy,8.83e-05,56.62,0.004999546
VIA/BTC,1548211409318,2019-01-23T02:43:29.318Z,buy,8.83e-05,56.62,0.004999546
VIA/BTC,1548211428748,2019-01-23T02:43:48.748Z,buy,8.83e-05,79.27,0.006999541
VIA/BTC,1548211438504,2019-01-23T02:43:58.504Z,buy,8.83e-05,56.62,0.004999546
VIA/BTC,1548211444801,2019-01-23T02:44:04.801Z,buy,8.83e-05,168.41,0.014870603
VIA/BTC,1548211445324,2019-01-23T02:44:05.324Z,sell,8.83e-05,172.69,0.015248527
VIA/BTC,1548211514989,2019-01-23T02:45:14.989Z,sell,8.83e-05,111.9,0.00988077
VIA/BTC,1548211527936,2019-01-23T02:45:27.936Z,buy,8.83e-05,56.62,0.004999546
VIA/BTC,1548211546594,2019-01-23T02:45:46.594Z,buy,8.83e-05,55.19,0.004873277
VIA/BTC,1548212358574,2019-01-23T02:59:18.574Z,buy,8.84e-05,56.56,0.0049999039999999
VIA/BTC,1548212561032,2019-01-23T03:02:41.032Z,sell,8.83e-05,13.89,0.001226487
VIA/BTC,1548212561032,2019-01-23T03:02:41.032Z,sell,8.8e-05,76.67,0.00674696
VIA/BTC,1548212588518,2019-01-23T03:03:08.518Z,buy,8.84e-05,34.09,0.003013556
VIA/BTC,1548213814980,2019-01-23T03:23:34.980Z,buy,8.84e-05,981.0,0.0867203999999999
VIA/BTC,1548214646218,2019-01-23T03:37:26.218Z,buy,8.83e-05,17.16,0.001515228
VIA/BTC,1548214688968,2019-01-23T03:38:08.968Z,buy,8.83e-05,33.98,0.0030004339999999
VIA/BTC,1548214688968,2019-01-23T03:38:08.968Z,buy,8.83e-05,33.98,0.0030004339999999
VIA/BTC,1548215596661,2019-01-23T03:53:16.661Z,buy,8.83e-05,283.13,0.025000379
VIA/BTC,1548216271953,2019-01-23T04:04:31.953Z,sell,8.81e-05,101.0,0.0088981
VIA/BTC,1548216611719,2019-01-23T04:10:11.719Z,sell,8.81e-05,28.46,0.002507326
VIA/BTC,1548216784230,2019-01-23T04:13:04.230Z,sell,8.81e-05,261.32,0.023022292
VIA/BTC,1548216789550,2019-01-23T04:13:09.550Z,buy,8.81e-05,34.05,0.002999805
VIA/BTC,1548217144141,2019-01-23T04:19:04.141Z,sell,8.8e-05,88.0,0.007744
VIA/BTC,1548217368809,2019-01-23T04:22:48.809Z,buy,8.81e-05,40.5,0.00356805
VIA/BTC,1548217402389,2019-01-23T04:23:22.389Z,sell,8.8e-05,60.02,0.00528176
VIA/BTC,1548217939242,2019-01-23T04:32:19.242Z,buy,8.81e-05,22.93,0.002020133
VIA/BTC,1548217940008,2019-01-23T04:32:20.008Z,buy,8.81e-05,22.93,0.002020133
VIA/BTC,1548217958843,2019-01-23T04:32:38.843Z,sell,8.8e-05,46.82,0.00412016
VIA/BTC,1548217958843,2019-01-23T04:32:38.843Z,sell,8.8e-05,46.82,0.00412016
VIA/BTC,1548218598186,2019-01-23T04:43:18.186Z,buy,8.81e-05,362.29,0.031917749
VIA/BTC,1548218599805,2019-01-23T04:43:19.805Z,sell,8.8e-05,374.07,0.03291816
VIA/BTC,1548218599805,2019-01-23T04:43:19.805Z,sell,8.79e-05,261.69,0.023002551
VIA/BTC,1548218599805,2019-01-23T04:43:19.805Z,sell,8.78e-05,468.64,0.041146592
VIA/BTC,1548218599805,2019-01-23T04:43:19.805Z,sell,8.77e-05,28.5,0.00249945
VIA/BTC,1548218599805,2019-01-23T04:43:19.805Z,sell,8.76e-05,732.14,0.064135464
VIA/BTC,1548218599805,2019-01-23T04:43:19.805Z,sell,8.76e-05,144.61,0.012667836
VIA/BTC,1548218640595,2019-01-23T04:44:00.595Z,buy,8.81e-05,102.94,0.009069014
VIA/BTC,1548219609295,2019-01-23T05:00:09.295Z,buy,8.81e-05,40.9,0.00360329
VIA/BTC,1548219610301,2019-01-23T05:00:10.301Z,buy,8.81e-05,40.9,0.00360329
VIA/BTC,1548220126670,2019-01-23T05:08:46.670Z,buy,8.8e-05,108.0,0.009504
VIA/BTC,1548220126670,2019-01-23T05:08:46.670Z,buy,8.81e-05,5.63,0.000496003
VIA/BTC,1548220440278,2019-01-23T05:14:00.278Z,buy,8.8e-05,11.6,0.0010207999999999
VIA/BTC,1548220882286,2019-01-23T05:21:22.286Z,sell,8.78e-05,29.29,0.002571662
VIA/BTC,1548220913678,2019-01-23T05:21:53.678Z,sell,8.78e-05,153.97,0.013518566
VIA/BTC,1548221094661,2019-01-23T05:24:54.661Z,sell,8.78e-05,507.86,0.044590108
VIA/BTC,1548221094661,2019-01-23T05:24:54.661Z,sell,8.78e-05,507.86,0.044590108
VIA/BTC,1548221825561,2019-01-23T05:37:05.561Z,sell,8.78e-05,11.39,0.001000042
VIA/BTC,1548221829301,2019-01-23T05:37:09.301Z,buy,8.78e-05,34.17,0.003000126
VIA/BTC,1548221835031,2019-01-23T05:37:15.031Z,buy,8.78e-05,21.03,0.001846434
VIA/BTC,1548221879252,2019-01-23T05:37:59.252Z,buy,8.78e-05,21.03,0.001846434
VIA/BTC,1548221934930,2019-01-23T05:38:54.930Z,buy,8.78e-05,21.03,0.001846434
VIA/BTC,1548222022003,2019-01-23T05:40:22.003Z,buy,8.78e-05,255.26,0.022411828
VIA/BTC,1548222032102,2019-01-23T05:40:32.102Z,buy,8.78e-05,21.03,0.001846434
VIA/BTC,1548222088623,2019-01-23T05:41:28.623Z,buy,8.78e-05,21.03,0.001846434
VIA/BTC,1548222135757,2019-01-23T05:42:15.757Z,buy,8.78e-05,21.03,0.001846434
VIA/BTC,1548222191477,2019-01-23T05:43:11.477Z,buy,8.78e-05,21.03,0.001846434
VIA/BTC,1548222253046,2019-01-23T05:44:13.046Z,buy,8.78e-05,21.03,0.001846434
VIA/BTC,1548222299873,2019-01-23T05:44:59.873Z,buy,8.78e-05,21.03,0.001846434
VIA/BTC,1548222317495,2019-01-23T05:45:17.495Z,buy,8.78e-05,177.0,0.0155406
VIA/BTC,1548222357595,2019-01-23T05:45:57.595Z,buy,8.78e-05,21.03,0.001846434
VIA/BTC,1548222553096,2019-01-23T05:49:13.096Z,buy,8.78e-05,134.19,0.011781882
VIA/BTC,1548222560472,2019-01-23T05:49:20.472Z,sell,8.77e-05,347.16,0.030445932
VIA/BTC,1548222657288,2019-01-23T05:50:57.288Z,buy,8.77e-05,34.55,0.003030035
VIA/BTC,1548222663663,2019-01-23T05:51:03.663Z,sell,8.76e-05,462.71,0.040533396
VIA/BTC,1548222663663,2019-01-23T05:51:03.663Z,sell,8.76e-05,17.43,0.001526868
VIA/BTC,1548222977999,2019-01-23T05:56:17.999Z,buy,8.78e-05,18.26,0.001603228
VIA/BTC,1548223011996,2019-01-23T05:56:51.996Z,buy,8.78e-05,41.74,0.003664772
VIA/BTC,1548223011996,2019-01-23T05:56:51.996Z,buy,8.82e-05,39.27,0.003463614
VIA/BTC,1548223258731,2019-01-23T06:00:58.731Z,buy,8.81e-05,91.75,0.008083175
VIA/BTC,1548223273234,2019-01-23T06:01:13.234Z,buy,8.81e-05,16.96,0.001494176
VIA/BTC,1548223297793,2019-01-23T06:01:37.793Z,buy,8.81e-05,151.08,0.013310148
VIA/BTC,1548224027304,2019-01-23T06:13:47.304Z,buy,8.79e-05,168.93,0.014848947
VIA/BTC,1548224221883,2019-01-23T06:17:01.883Z,sell,8.77e-05,125.29,0.010987933
VIA/BTC,1548224221883,2019-01-23T06:17:01.883Z,sell,8.76e-05,211.18,0.018499368
VIA/BTC,1548224505353,2019-01-23T06:21:45.353Z,buy,8.81e-05,150.0,0.013215
VIA/BTC,1548224516464,2019-01-23T06:21:56.464Z,buy,8.81e-05,17.03,0.001500343
VIA/BTC,1548224519862,2019-01-23T06:21:59.862Z,buy,8.81e-05,244.55,0.021544855
VIA/BTC,1548224519862,2019-01-23T06:21:59.862Z,buy,8.81e-05,244.55,0.021544855
VIA/BTC,1548226023445,2019-01-23T06:47:03.445Z,buy,8.81e-05,28.67,0.002525827
VIA/BTC,1548226182528,2019-01-23T06:49:42.528Z,buy,8.8e-05,11.48,0.00101024
VIA/BTC,1548226244226,2019-01-23T06:50:44.226Z,sell,8.79e-05,125.29,0.011012991
VIA/BTC,1548226263974,2019-01-23T06:51:03.974Z,sell,8.79e-05,7.96,0.000699684
VIA/BTC,1548226420574,2019-01-23T06:53:40.574Z,sell,8.77e-05,76.46,0.006705542
VIA/BTC,1548226769761,2019-01-23T06:59:29.761Z,buy,8.8e-05,267.54,0.02354352
VIA/BTC,1548226769761,2019-01-23T06:59:29.761Z,buy,8.81e-05,118.58,0.010446898
VIA/BTC,1548226788764,2019-01-23T06:59:48.764Z,buy,8.81e-05,11.47,0.001010507
VIA/BTC,1548226835015,2019-01-23T07:00:35.015Z,buy,8.81e-05,11.47,0.001010507
VIA/BTC,1548227527138,2019-01-23T07:12:07.138Z,sell,8.78e-05,710.9,0.06241702
VIA/BTC,1548227869776,2019-01-23T07:17:49.776Z,sell,8.77e-05,2100.0,0.18417
VIA/BTC,1548227911483,2019-01-23T07:18:31.483Z,sell,8.77e-05,42.48,0.003725496
VIA/BTC,1548228037072,2019-01-23T07:20:37.072Z,buy,8.77e-05,34.2,0.00299934
VIA/BTC,1548228037072,2019-01-23T07:20:37.072Z,buy,8.77e-05,34.2,0.00299934
VIA/BTC,1548228276918,2019-01-23T07:24:36.918Z,sell,8.77e-05,100.32,0.008798064
VIA/BTC,1548228314899,2019-01-23T07:25:14.899Z,sell,8.77e-05,135.0,0.0118395
VIA/BTC,1548228340161,2019-01-23T07:25:40.161Z,sell,8.77e-05,118.56,0.010397712
VIA/BTC,1548228388931,2019-01-23T07:26:28.931Z,buy,8.78e-05,253.81,0.022284518
VIA/BTC,1548228417131,2019-01-23T07:26:57.131Z,buy,8.79e-05,1325.0,0.1164674999999999
VIA/BTC,1548228434853,2019-01-23T07:27:14.853Z,sell,8.79e-05,372.83,0.032771757
VIA/BTC,1548228540275,2019-01-23T07:29:00.275Z,sell,8.79e-05,2940.0,0.258426
VIA/BTC,1548228562995,2019-01-23T07:29:22.995Z,sell,8.79e-05,0.89,7.8231e-05
VIA/BTC,1548228916691,2019-01-23T07:35:16.691Z,sell,8.77e-05,7.13,0.000625301
VIA/BTC,1548228922964,2019-01-23T07:35:22.964Z,sell,8.76e-05,111.0,0.0097236
VIA/BTC,1548229255776,2019-01-23T07:40:55.776Z,sell,8.76e-05,0.15,1.314e-05
VIA/BTC,1548229255776,2019-01-23T07:40:55.776Z,sell,8.75e-05,58.26,0.00509775
VIA/BTC,1548229274242,2019-01-23T07:41:14.242Z,sell,8.75e-05,49.05,0.004291875
VIA/BTC,1548229274242,2019-01-23T07:41:14.242Z,sell,8.74e-05,3071.41,0.268441234
VIA/BTC,1548229287669,2019-01-23T07:41:27.669Z,buy,8.77e-05,11.87,0.001040999
VIA/BTC,1548229287669,2019-01-23T07:41:27.669Z,buy,8.78e-05,102.41,0.008991598
VIA/BTC,1548229300040,2019-01-23T07:41:40.040Z,sell,8.73e-05,721.4,0.0629782199999999
VIA/BTC,1548229300092,2019-01-23T07:41:40.092Z,buy,8.73e-05,54.85,0.004788405
VIA/BTC,1548229324536,2019-01-23T07:42:04.536Z,sell,8.72e-05,932.51,0.081314872
VIA/BTC,1548229742533,2019-01-23T07:49:02.533Z,sell,8.73e-05,34.38,0.003001374
VIA/BTC,1548229742533,2019-01-23T07:49:02.533Z,sell,8.72e-05,667.62,0.058216464
VIA/BTC,1548229809789,2019-01-23T07:50:09.789Z,buy,8.76e-05,34.4,0.00301344
VIA/BTC,1548230023508,2019-01-23T07:53:43.508Z,sell,8.73e-05,13.74,0.0011995019999999
VIA/BTC,1548230280952,2019-01-23T07:58:00.952Z,buy,8.73e-05,15.64,0.001365372
VIA/BTC,1548230280952,2019-01-23T07:58:00.952Z,buy,8.74e-05,2233.56,0.1952131439999999
VIA/BTC,1548230281054,2019-01-23T07:58:01.054Z,sell,8.74e-05,54.86,0.004794764
VIA/BTC,1548230362429,2019-01-23T07:59:22.429Z,sell,8.74e-05,18.76,0.001639624
VIA/BTC,1548230736369,2019-01-23T08:05:36.369Z,sell,8.72e-05,24.82,0.002164304
VIA/BTC,1548230964233,2019-01-23T08:09:24.233Z,sell,8.72e-05,139.57,0.012170504
VIA/BTC,1548230987285,2019-01-23T08:09:47.285Z,sell,8.72e-05,1303.0,0.1136216
VIA/BTC,1548231008372,2019-01-23T08:10:08.372Z,buy,8.72e-05,14.35,0.00125132
VIA/BTC,1548231009785,2019-01-23T08:10:09.785Z,buy,8.72e-05,34.4,0.00299968
VIA/BTC,1548231585794,2019-01-23T08:19:45.794Z,sell,8.71e-05,411.04,0.035801584
VIA/BTC,1548231585794,2019-01-23T08:19:45.794Z,sell,8.7e-05,339.74,0.02955738
VIA/BTC,1548231610163,2019-01-23T08:20:10.163Z,buy,8.75e-05,776.61,0.067953375
VIA/BTC,1548231610220,2019-01-23T08:20:10.220Z,sell,8.75e-05,60.22,0.00526925
VIA/BTC,1548231610323,2019-01-23T08:20:10.323Z,sell,8.75e-05,37.52,0.003283
VIA/BTC,1548231610372,2019-01-23T08:20:10.372Z,sell,8.75e-05,50.01,0.0043758749999999
VIA/BTC,1548231610441,2019-01-23T08:20:10.441Z,sell,8.75e-05,48.85,0.004274375
VIA/BTC,1548231610441,2019-01-23T08:20:10.441Z,sell,8.75e-05,48.85,0.004274375
VIA/BTC,1548231812574,2019-01-23T08:23:32.574Z,sell,8.76e-05,200.0,0.01752
VIA/BTC,1548231812574,2019-01-23T08:23:32.574Z,sell,8.75e-05,5858.16,0.512589
VIA/BTC,1548231913932,2019-01-23T08:25:13.932Z,sell,8.75e-05,1235.0,0.1080625
VIA/BTC,1548232094625,2019-01-23T08:28:14.625Z,sell,8.76e-05,39.89,0.003494364
VIA/BTC,1548232336867,2019-01-23T08:32:16.867Z,sell,8.75e-05,414.81,0.036295875
VIA/BTC,1548232762975,2019-01-23T08:39:22.975Z,buy,8.76e-05,500.0,0.0438
VIA/BTC,1548232968196,2019-01-23T08:42:48.196Z,buy,8.76e-05,114.15,0.00999954
VIA/BTC,1548233121968,2019-01-23T08:45:21.968Z,sell,8.75e-05,292.75,0.025615625
VIA/BTC,1548233129853,2019-01-23T08:45:29.853Z,sell,8.75e-05,127.54,0.01115975
VIA/BTC,1548233158569,2019-01-23T08:45:58.569Z,sell,8.75e-05,13.74,0.00120225
VIA/BTC,1548233168372,2019-01-23T08:46:08.372Z,buy,8.76e-05,113.61,0.009952236
VIA/BTC,1548233168849,2019-01-23T08:46:08.849Z,buy,8.76e-05,71.79,0.006288804
VIA/BTC,1548233168849,2019-01-23T08:46:08.849Z,buy,8.77e-05,39.56,0.003469412
VIA/BTC,1548233326827,2019-01-23T08:48:46.827Z,sell,8.72e-05,17.17,0.001497224
VIA/BTC,1548233775334,2019-01-23T08:56:15.334Z,sell,8.74e-05,34.35,0.00300219
VIA/BTC,1548233775334,2019-01-23T08:56:15.334Z,sell,8.72e-05,108.67,0.009476024
VIA/BTC,1548233775334,2019-01-23T08:56:15.334Z,sell,8.71e-05,180.24,0.015698904
VIA/BTC,1548233775334,2019-01-23T08:56:15.334Z,sell,8.7e-05,293.24,0.02551188
VIA/BTC,1548233775354,2019-01-23T08:56:15.354Z,buy,8.7e-05,58.2,0.0050634
VIA/BTC,1548233775356,2019-01-23T08:56:15.356Z,buy,8.7e-05,96.88,0.00842856
VIA/BTC,1548233775406,2019-01-23T08:56:15.406Z,buy,8.7e-05,58.2,0.0050634
VIA/BTC,1548233775417,2019-01-23T08:56:15.417Z,buy,8.7e-05,30.85,0.00268395
VIA/BTC,1548233775440,2019-01-23T08:56:15.440Z,buy,8.7e-05,29.58,0.00257346
VIA/BTC,1548233775454,2019-01-23T08:56:15.454Z,buy,8.7e-05,58.2,0.0050634
VIA/BTC,1548233775488,2019-01-23T08:56:15.488Z,buy,8.7e-05,22.66,0.00197142
VIA/BTC,1548234061602,2019-01-23T09:01:01.602Z,buy,8.76e-05,22.83,0.001999908
VIA/BTC,1548234112738,2019-01-23T09:01:52.738Z,buy,8.75e-05,252.0,0.02205
VIA/BTC,1548234159641,2019-01-23T09:02:39.641Z,buy,8.75e-05,13.13,0.001148875
VIA/BTC,1548234340038,2019-01-23T09:05:40.038Z,buy,8.75e-05,53.16,0.0046514999999999
VIA/BTC,1548234668647,2019-01-23T09:11:08.647Z,sell,8.75e-05,11.47,0.001003625
VIA/BTC,1548234711688,2019-01-23T09:11:51.688Z,buy,8.76e-05,293.24,0.025687824
VIA/BTC,1548234743277,2019-01-23T09:12:23.277Z,buy,8.77e-05,25.0,0.0021925
VIA/BTC,1548234766969,2019-01-23T09:12:46.969Z,buy,8.77e-05,38.55,0.003380835
VIA/BTC,1548234766969,2019-01-23T09:12:46.969Z,buy,8.77e-05,38.55,0.003380835
VIA/BTC,1548235840466,2019-01-23T09:30:40.466Z,buy,8.77e-05,11.43,0.001002411
VIA/BTC,1548236031549,2019-01-23T09:33:51.549Z,sell,8.77e-05,38.55,0.003380835
VIA/BTC,1548236066370,2019-01-23T09:34:26.370Z,sell,8.77e-05,0.69,6.0513e-05
VIA/BTC,1548236087418,2019-01-23T09:34:47.418Z,buy,8.77e-05,51.31,0.004499887
VIA/BTC,1548236325565,2019-01-23T09:38:45.565Z,buy,8.77e-05,45.61,0.003999997
VIA/BTC,1548236329071,2019-01-23T09:38:49.071Z,buy,8.77e-05,57.01,0.004999777
VIA/BTC,1548236443287,2019-01-23T09:40:43.287Z,buy,8.77e-05,114.03,0.010000431
VIA/BTC,1548236587109,2019-01-23T09:43:07.109Z,sell,8.77e-05,13.61,0.001193597
VIA/BTC,1548236621168,2019-01-23T09:43:41.168Z,buy,8.77e-05,500.9,0.04392893
VIA/BTC,1548236630279,2019-01-23T09:43:50.279Z,buy,8.77e-05,500.4,0.04388508
VIA/BTC,1548236641029,2019-01-23T09:44:01.029Z,buy,8.77e-05,200.9,0.01761893
VIA/BTC,1548236653461,2019-01-23T09:44:13.461Z,buy,8.77e-05,44.88,0.003935976
VIA/BTC,1548236681076,2019-01-23T09:44:41.076Z,buy,8.78e-05,56.94,0.004999332
VIA/BTC,1548236807586,2019-01-23T09:46:47.586Z,buy,8.77e-05,114.02,0.009999554
VIA/BTC,1548236975866,2019-01-23T09:49:35.866Z,sell,8.73e-05,34.38,0.003001374
VIA/BTC,1548236975866,2019-01-23T09:49:35.866Z,sell,8.72e-05,498.64,0.043481408
VIA/BTC,1548236986473,2019-01-23T09:49:46.473Z,buy,8.76e-05,63.0,0.0055188
VIA/BTC,1548237174590,2019-01-23T09:52:54.590Z,sell,8.73e-05,113.01,0.009865773
VIA/BTC,1548237239703,2019-01-23T09:53:59.703Z,sell,8.73e-05,12.99,0.001134027
VIA/BTC,1548237239797,2019-01-23T09:53:59.797Z,buy,8.73e-05,22.25,0.0019424249999999
VIA/BTC,1548237239820,2019-01-23T09:53:59.820Z,buy,8.73e-05,71.52,0.0062436959999999
VIA/BTC,1548237907141,2019-01-23T10:05:07.141Z,buy,8.73e-05,6.61,0.000577053
VIA/BTC,1548237907141,2019-01-23T10:05:07.141Z,buy,8.76e-05,10.51,0.000920676
VIA/BTC,1548237908087,2019-01-23T10:05:08.087Z,buy,8.76e-05,33.99,0.002977524
VIA/BTC,1548237908621,2019-01-23T10:05:08.621Z,buy,8.76e-05,34.28,0.003002928
VIA/BTC,1548237908982,2019-01-23T10:05:08.982Z,buy,8.76e-05,62.51,0.005475876
VIA/BTC,1548237909089,2019-01-23T10:05:09.089Z,buy,8.77e-05,71.57,0.0062766889999999
VIA/BTC,1548237913053,2019-01-23T10:05:13.053Z,sell,8.72e-05,62.51,0.005450872
VIA/BTC,1548237915451,2019-01-23T10:05:15.451Z,buy,8.76e-05,34.6,0.00303096
VIA/BTC,1548237916361,2019-01-23T10:05:16.361Z,buy,8.77e-05,35.6,0.00312212
VIA/BTC,1548237926459,2019-01-23T10:05:26.459Z,sell,8.72e-05,63.75,0.005559
VIA/BTC,1548237926459,2019-01-23T10:05:26.459Z,sell,8.72e-05,63.75,0.005559
VIA/BTC,1548238562415,2019-01-23T10:16:02.415Z,buy,8.75e-05,229.35,0.020068125
VIA/BTC,1548239240689,2019-01-23T10:27:20.689Z,buy,8.75e-05,210.65,0.018431875
VIA/BTC,1548239444155,2019-01-23T10:30:44.155Z,buy,8.76e-05,43.96,0.003850896
VIA/BTC,1548239470973,2019-01-23T10:31:10.973Z,sell,8.76e-05,11.46,0.001003896
VIA/BTC,1548240301953,2019-01-23T10:45:01.953Z,sell,8.76e-05,19.29,0.001689804
VIA/BTC,1548240504743,2019-01-23T10:48:24.743Z,sell,8.76e-05,62.63,0.005486388
VIA/BTC,1548240537253,2019-01-23T10:48:57.253Z,sell,8.75e-05,1406.43,0.123062625
VIA/BTC,1548240537253,2019-01-23T10:48:57.253Z,sell,8.75e-05,1406.43,0.123062625
VIA/BTC,1548241923233,2019-01-23T11:12:03.233Z,sell,8.75e-05,22.5,0.00196875
VIA/BTC,1548242178681,2019-01-23T11:16:18.681Z,buy,8.77e-05,164.09,0.014390693
VIA/BTC,1548242178681,2019-01-23T11:16:18.681Z,buy,8.78e-05,1546.4,0.13577392
VIA/BTC,1548242178681,2019-01-23T11:16:18.681Z,buy,8.79e-05,477.07,0.041934453
VIA/BTC,1548242178704,2019-01-23T11:16:18.704Z,sell,8.79e-05,23.61,0.002075319
VIA/BTC,1548242178775,2019-01-23T11:16:18.775Z,sell,8.79e-05,22.21,0.001952259
VIA/BTC,1548242178854,2019-01-23T11:16:18.854Z,sell,8.79e-05,20.47,0.0017993129999999
VIA/BTC,1548242178930,2019-01-23T11:16:18.930Z,sell,8.79e-05,250.28,0.0219996119999999
VIA/BTC,1548242179034,2019-01-23T11:16:19.034Z,sell,8.79e-05,220.08,0.019345032
VIA/BTC,1548242179141,2019-01-23T11:16:19.141Z,sell,8.79e-05,203.0,0.0178437
VIA/BTC,1548242371513,2019-01-23T11:19:31.513Z,buy,8.81e-05,11.36,0.0010008159999999
VIA/BTC,1548243027137,2019-01-23T11:30:27.137Z,sell,8.79e-05,114.0,0.0100206
VIA/BTC,1548243028900,2019-01-23T11:30:28.900Z,sell,8.79e-05,50.48,0.0044371919999999
VIA/BTC,1548243030491,2019-01-23T11:30:30.491Z,sell,8.79e-05,139.57,0.0122682029999999
VIA/BTC,1548243030628,2019-01-23T11:30:30.628Z,sell,8.79e-05,24.57,0.002159703
VIA/BTC,1548243030682,2019-01-23T11:30:30.682Z,sell,8.79e-05,37.25,0.0032742749999999
VIA/BTC,1548243030788,2019-01-23T11:30:30.788Z,sell,8.79e-05,208.08,0.018290232
VIA/BTC,1548243030974,2019-01-23T11:30:30.974Z,sell,8.79e-05,287.24,0.025248396
VIA/BTC,1548243031327,2019-01-23T11:30:31.327Z,sell,8.79e-05,118.73,0.010436367
VIA/BTC,1548243031660,2019-01-23T11:30:31.660Z,sell,8.79e-05,366.01,0.032172279
VIA/BTC,1548243031732,2019-01-23T11:30:31.732Z,sell,8.79e-05,22.89,0.002012031
VIA/BTC,1548243032079,2019-01-23T11:30:32.079Z,sell,8.79e-05,120.03,0.010550637
VIA/BTC,1548243032238,2019-01-23T11:30:32.238Z,sell,8.79e-05,51.82,0.0045549779999999
VIA/BTC,1548243033022,2019-01-23T11:30:33.022Z,sell,8.79e-05,91.82,0.008070978
VIA/BTC,1548243033090,2019-01-23T11:30:33.090Z,sell,8.79e-05,241.41,0.021219939
VIA/BTC,1548243033246,2019-01-23T11:30:33.246Z,sell,8.79e-05,44.54,0.003915066
VIA/BTC,1548243033435,2019-01-23T11:30:33.435Z,sell,8.79e-05,392.41,0.034492839
VIA/BTC,1548243033519,2019-01-23T11:30:33.519Z,sell,8.79e-05,226.17,0.0198803429999999
VIA/BTC,1548243037088,2019-01-23T11:30:37.088Z,sell,8.79e-05,64.69,0.005686251
VIA/BTC,1548243038100,2019-01-23T11:30:38.100Z,sell,8.79e-05,179.12,0.015744648
VIA/BTC,1548243038114,2019-01-23T11:30:38.114Z,sell,8.79e-05,76.99,0.0067674209999999
VIA/BTC,1548243038786,2019-01-23T11:30:38.786Z,sell,8.79e-05,34.28,0.003013212
VIA/BTC,1548243074180,2019-01-23T11:31:14.180Z,buy,8.8e-05,250.97,0.02208536
VIA/BTC,1548243081143,2019-01-23T11:31:21.143Z,buy,8.81e-05,86.04,0.007580124
VIA/BTC,1548243343088,2019-01-23T11:35:43.088Z,buy,8.8e-05,80.0,0.0070399999999999
VIA/BTC,1548243350579,2019-01-23T11:35:50.579Z,buy,8.8e-05,38.05,0.0033483999999999
VIA/BTC,1548243372536,2019-01-23T11:36:12.536Z,buy,8.81e-05,114.54,0.010090974
VIA/BTC,1548243372536,2019-01-23T11:36:12.536Z,buy,8.82e-05,245.14,0.021621348
VIA/BTC,1548243372536,2019-01-23T11:36:12.536Z,buy,8.83e-05,654.8,0.0578188399999999
VIA/BTC,1548243372536,2019-01-23T11:36:12.536Z,buy,8.84e-05,505.88,0.0447197919999999
VIA/BTC,1548243372536,2019-01-23T11:36:12.536Z,buy,8.85e-05,187.18,0.01656543
VIA/BTC,1548243372536,2019-01-23T11:36:12.536Z,buy,8.86e-05,441.38,0.039106268
VIA/BTC,1548243404409,2019-01-23T11:36:44.409Z,buy,8.83e-05,18.17,0.001604411
VIA/BTC,1548243410887,2019-01-23T11:36:50.887Z,buy,8.83e-05,18.23,0.001609709
VIA/BTC,1548243412444,2019-01-23T11:36:52.444Z,buy,8.83e-05,18.17,0.001604411
VIA/BTC,1548243645510,2019-01-23T11:40:45.510Z,sell,8.8e-05,232.0,0.020416
VIA/BTC,1548243652224,2019-01-23T11:40:52.224Z,buy,8.81e-05,36.37,0.0032041969999999
VIA/BTC,1548244030696,2019-01-23T11:47:10.696Z,sell,8.79e-05,22.43,0.001971597
VIA/BTC,1548244030696,2019-01-23T11:47:10.696Z,sell,8.79e-05,22.43,0.001971597
VIA/BTC,1548244234865,2019-01-23T11:50:34.865Z,buy,8.8e-05,59.38,0.00522544
VIA/BTC,1548244242942,2019-01-23T11:50:42.942Z,sell,8.79e-05,12.17,0.001069743
VIA/BTC,1548244860988,2019-01-23T12:01:00.988Z,buy,8.81e-05,22.7,0.00199987
VIA/BTC,1548244870079,2019-01-23T12:01:10.079Z,sell,8.79e-05,292.04,0.025670316
VIA/BTC,1548245082665,2019-01-23T12:04:42.665Z,buy,8.8e-05,17.22,0.0015153599999999
VIA/BTC,1548245128850,2019-01-23T12:05:28.850Z,sell,8.79e-05,51.31,0.004510149
VIA/BTC,1548245224435,2019-01-23T12:07:04.435Z,sell,8.79e-05,18.07,0.001588353
VIA/BTC,1548245335657,2019-01-23T12:08:55.657Z,buy,8.8e-05,11.48,0.00101024
VIA/BTC,1548245464169,2019-01-23T12:11:04.169Z,buy,8.8e-05,568.64,0.05004032
VIA/BTC,1548245626373,2019-01-23T12:13:46.373Z,sell,8.8e-05,17.07,0.00150216
VIA/BTC,1548245643375,2019-01-23T12:14:03.375Z,sell,8.8e-05,4817.54,0.4239435199999999
VIA/BTC,1548245643375,2019-01-23T12:14:03.375Z,sell,8.79e-05,2267.82,0.199341378
VIA/BTC,1548245643375,2019-01-23T12:14:03.375Z,sell,8.78e-05,318.29,0.027945862
VIA/BTC,1548245643375,2019-01-23T12:14:03.375Z,sell,8.77e-05,2295.46,0.201311842
VIA/BTC,1548245643375,2019-01-23T12:14:03.375Z,sell,8.76e-05,1723.0,0.1509348
VIA/BTC,1548245648749,2019-01-23T12:14:08.749Z,buy,8.8e-05,34.25,0.0030139999999999
VIA/BTC,1548245670327,2019-01-23T12:14:30.327Z,buy,8.78e-05,52.53,0.004612134
VIA/BTC,1548245670357,2019-01-23T12:14:30.357Z,buy,8.78e-05,52.53,0.004612134
VIA/BTC,1548245708828,2019-01-23T12:15:08.828Z,buy,8.78e-05,34.17,0.003000126
VIA/BTC,1548245717846,2019-01-23T12:15:17.846Z,buy,8.78e-05,130.32,0.011442096
VIA/BTC,1548245759573,2019-01-23T12:15:59.573Z,sell,8.78e-05,327.0,0.0287106
VIA/BTC,1548246446148,2019-01-23T12:27:26.148Z,buy,8.81e-05,183.66,0.016180446
VIA/BTC,1548246446148,2019-01-23T12:27:26.148Z,buy,8.82e-05,218.42,0.019264644
VIA/BTC,1548246446148,2019-01-23T12:27:26.148Z,buy,8.83e-05,274.97,0.024279851
VIA/BTC,1548246663500,2019-01-23T12:31:03.500Z,buy,8.82e-05,13.75,0.00121275
VIA/BTC,1548246799120,2019-01-23T12:33:19.120Z,buy,8.82e-05,11.46,0.001010772
VIA/BTC,1548247026754,2019-01-23T12:37:06.754Z,buy,8.83e-05,113.25,0.009999975
VIA/BTC,1548247093512,2019-01-23T12:38:13.512Z,buy,8.83e-05,113.25,0.009999975
VIA/BTC,1548247331289,2019-01-23T12:42:11.289Z,buy,8.83e-05,907.48,0.080130484
VIA/BTC,1548247331289,2019-01-23T12:42:11.289Z,buy,8.83e-05,907.48,0.080130484
VIA/BTC,1548247912320,2019-01-23T12:51:52.320Z,buy,8.83e-05,148.5,0.01311255
VIA/BTC,1548247912320,2019-01-23T12:51:52.320Z,buy,8.84e-05,237.5,0.020995
VIA/BTC,1548248260625,2019-01-23T12:57:40.625Z,sell,8.81e-05,114.03,0.010046043
VIA/BTC,1548248413015,2019-01-23T13:00:13.015Z,buy,8.84e-05,59.4,0.00525096
VIA/BTC,1548248723321,2019-01-23T13:05:23.321Z,buy,8.83e-05,169.88,0.015000404
VIA/BTC,1548248789633,2019-01-23T13:06:29.633Z,sell,8.81e-05,420.44,0.037040764
VIA/BTC,1548248887792,2019-01-23T13:08:07.792Z,sell,8.81e-05,136.68,0.012041508
VIA/BTC,1548249028085,2019-01-23T13:10:28.085Z,sell,8.79e-05,533.86,0.046926294
VIA/BTC,1548249028085,2019-01-23T13:10:28.085Z,sell,8.78e-05,1338.47,0.117517666
VIA/BTC,1548249028085,2019-01-23T13:10:28.085Z,sell,8.77e-05,2043.86,0.179246522
VIA/BTC,1548249028111,2019-01-23T13:10:28.111Z,buy,8.77e-05,404.07,0.035436939
VIA/BTC,1548249036007,2019-01-23T13:10:36.007Z,buy,8.77e-05,0.24,2.1048e-05
VIA/BTC,1548249066159,2019-01-23T13:11:06.159Z,buy,8.8e-05,68.02,0.00598576
VIA/BTC,1548249071875,2019-01-23T13:11:11.875Z,buy,8.8e-05,69.52,0.00611776
VIA/BTC,1548249080454,2019-01-23T13:11:20.454Z,sell,8.77e-05,176.76,0.015501852
VIA/BTC,1548249080454,2019-01-23T13:11:20.454Z,sell,8.76e-05,1969.53,0.172530828
VIA/BTC,1548249128108,2019-01-23T13:12:08.108Z,buy,8.77e-05,34.25,0.003003725
VIA/BTC,1548249145874,2019-01-23T13:12:25.874Z,buy,8.77e-05,55.35,0.004854195
VIA/BTC,1548249236165,2019-01-23T13:13:56.165Z,sell,8.78e-05,24.99,0.002194122
VIA/BTC,1548249236165,2019-01-23T13:13:56.165Z,sell,8.77e-05,1082.65,0.094948405
VIA/BTC,1548249236165,2019-01-23T13:13:56.165Z,sell,8.75e-05,855.73,0.074876375
VIA/BTC,1548249236165,2019-01-23T13:13:56.165Z,sell,8.74e-05,383.74,0.033538876
VIA/BTC,1548249236165,2019-01-23T13:13:56.165Z,sell,8.73e-05,11.46,0.001000458
VIA/BTC,1548249236165,2019-01-23T13:13:56.165Z,sell,8.72e-05,6477.82,0.564865904
VIA/BTC,1548249236189,2019-01-23T13:13:56.189Z,buy,8.72e-05,586.74,0.051163728
VIA/BTC,1548249236195,2019-01-23T13:13:56.195Z,buy,8.72e-05,586.87,0.051175064
VIA/BTC,1548249236217,2019-01-23T13:13:56.217Z,buy,8.72e-05,48.36,0.004216992
VIA/BTC,1548249236233,2019-01-23T13:13:56.233Z,buy,8.72e-05,24.87,0.002168664
VIA/BTC,1548249237215,2019-01-23T13:13:57.215Z,buy,8.72e-05,246.32,0.021479104
VIA/BTC,1548249237418,2019-01-23T13:13:57.418Z,buy,8.72e-05,18.91,0.001648952
VIA/BTC,1548249237438,2019-01-23T13:13:57.438Z,buy,8.72e-05,17.35,0.00151292
VIA/BTC,1548249237464,2019-01-23T13:13:57.464Z,buy,8.72e-05,354.31,0.030895832
VIA/BTC,1548249237930,2019-01-23T13:13:57.930Z,buy,8.72e-05,250.36,0.021831392
VIA/BTC,1548249238305,2019-01-23T13:13:58.305Z,buy,8.72e-05,2.04,0.000177888
VIA/BTC,1548249249147,2019-01-23T13:14:09.147Z,buy,8.76e-05,34.4,0.00301344
VIA/BTC,1548249503296,2019-01-23T13:18:23.296Z,buy,8.77e-05,17.35,0.001521595
VIA/BTC,1548249503296,2019-01-23T13:18:23.296Z,buy,8.78e-05,34.76,0.003051928
VIA/BTC,1548249503296,2019-01-23T13:18:23.296Z,buy,8.79e-05,61.91,0.0054418889999999
VIA/BTC,1548249588010,2019-01-23T13:19:48.010Z,buy,8.79e-05,227.53,0.0199998869999999
VIA/BTC,1548249593587,2019-01-23T13:19:53.587Z,buy,8.79e-05,63.61,0.005591319
VIA/BTC,1548249655104,2019-01-23T13:20:55.104Z,sell,8.79e-05,29.41,0.0025851389999999
VIA/BTC,1548249801780,2019-01-23T13:23:21.780Z,buy,8.8e-05,22.96,0.00202048
VIA/BTC,1548249812636,2019-01-23T13:23:32.636Z,buy,8.8e-05,77.04,0.00677952
VIA/BTC,1548250162610,2019-01-23T13:29:22.610Z,buy,8.81e-05,37.82,0.003331942
VIA/BTC,1548250221842,2019-01-23T13:30:21.842Z,buy,8.82e-05,79.45,0.00700749
VIA/BTC,1548250494102,2019-01-23T13:34:54.102Z,buy,8.82e-05,51.26,0.004521132
VIA/BTC,1548250494102,2019-01-23T13:34:54.102Z,buy,8.83e-05,728.93,0.064364519
VIA/BTC,1548250606951,2019-01-23T13:36:46.951Z,buy,8.83e-05,379.17,0.033480711
VIA/BTC,1548250606951,2019-01-23T13:36:46.951Z,buy,8.83e-05,379.17,0.033480711
VIA/BTC,1548251005655,2019-01-23T13:43:25.655Z,sell,8.81e-05,177.0,0.0155937
VIA/BTC,1548251022800,2019-01-23T13:43:42.800Z,sell,8.81e-05,385.64,0.033974884
VIA/BTC,1548251637014,2019-01-23T13:53:57.014Z,buy,8.82e-05,126.75,0.01117935
VIA/BTC,1548251810723,2019-01-23T13:56:50.723Z,sell,8.82e-05,756.75,0.06674535
VIA/BTC,1548251810723,2019-01-23T13:56:50.723Z,sell,8.81e-05,2313.68,0.203835208
VIA/BTC,1548251810723,2019-01-23T13:56:50.723Z,sell,8.8e-05,928.53,0.08171064
VIA/BTC,1548251810723,2019-01-23T13:56:50.723Z,sell,8.79e-05,2581.72,0.2269331879999999
VIA/BTC,1548251810723,2019-01-23T13:56:50.723Z,sell,8.76e-05,34.66,0.0030362159999999
VIA/BTC,1548251810723,2019-01-23T13:56:50.723Z,sell,8.75e-05,1345.2,0.117705
VIA/BTC,1548251810723,2019-01-23T13:56:50.723Z,sell,8.74e-05,1288.43,0.112608782
VIA/BTC,1548251810723,2019-01-23T13:56:50.723Z,sell,8.72e-05,308.27,0.026881144
VIA/BTC,1548251810723,2019-01-23T13:56:50.723Z,sell,8.71e-05,887.4,0.07729254
VIA/BTC,1548251810723,2019-01-23T13:56:50.723Z,sell,8.7e-05,1378.87,0.11996169
VIA/BTC,1548251811062,2019-01-23T13:56:51.062Z,sell,8.77e-05,59.04,0.005177808
VIA/BTC,1548251825682,2019-01-23T13:57:05.682Z,sell,8.77e-05,1368.52,0.120019204
VIA/BTC,1548251825682,2019-01-23T13:57:05.682Z,sell,8.76e-05,569.77,0.049911852
VIA/BTC,1548251825682,2019-01-23T13:57:05.682Z,sell,8.75e-05,684.51,0.059894625
VIA/BTC,1548251825682,2019-01-23T13:57:05.682Z,sell,8.74e-05,90.02,0.0078677479999999
VIA/BTC,1548251825682,2019-01-23T13:57:05.682Z,sell,8.72e-05,1108.56,0.096666432
VIA/BTC,1548251825682,2019-01-23T13:57:05.682Z,sell,8.71e-05,744.95,0.064885145
VIA/BTC,1548251825716,2019-01-23T13:57:05.716Z,buy,8.71e-05,422.87,0.036831977
VIA/BTC,1548251825718,2019-01-23T13:57:05.718Z,buy,8.71e-05,430.51,0.037497421
VIA/BTC,1548251825740,2019-01-23T13:57:05.740Z,buy,8.71e-05,423.44,0.036881624
VIA/BTC,1548251825767,2019-01-23T13:57:05.767Z,sell,8.7e-05,45.89,0.00399243
VIA/BTC,1548251825767,2019-01-23T13:57:05.767Z,sell,8.69e-05,246.28,0.021401732
VIA/BTC,1548251825767,2019-01-23T13:57:05.767Z,sell,8.68e-05,123.68,0.010735424
VIA/BTC,1548251826836,2019-01-23T13:57:06.836Z,buy,8.71e-05,34.29,0.002986659
VIA/BTC,1548251826945,2019-01-23T13:57:06.945Z,buy,8.71e-05,39.29,0.003422159
VIA/BTC,1548251826993,2019-01-23T13:57:06.993Z,buy,8.71e-05,40.33,0.003512743
VIA/BTC,1548251827197,2019-01-23T13:57:07.197Z,buy,8.71e-05,34.28,0.002985788
VIA/BTC,1548251827228,2019-01-23T13:57:07.228Z,buy,8.71e-05,11.49,0.001000779
VIA/BTC,1548251827300,2019-01-23T13:57:07.300Z,buy,8.71e-05,34.28,0.002985788
VIA/BTC,1548251827752,2019-01-23T13:57:07.752Z,buy,8.71e-05,34.28,0.002985788
VIA/BTC,1548251827960,2019-01-23T13:57:07.960Z,buy,8.71e-05,34.28,0.002985788
VIA/BTC,1548251828019,2019-01-23T13:57:08.019Z,buy,8.71e-05,34.28,0.002985788
VIA/BTC,1548251828035,2019-01-23T13:57:08.035Z,buy,8.71e-05,34.56,0.003010176
VIA/BTC,1548251828838,2019-01-23T13:57:08.838Z,buy,8.71e-05,34.28,0.002985788
VIA/BTC,1548251832850,2019-01-23T13:57:12.850Z,buy,8.71e-05,18.97,0.001652287
VIA/BTC,1548251834394,2019-01-23T13:57:14.394Z,buy,8.71e-05,19.99,0.001741129
VIA/BTC,1548251845396,2019-01-23T13:57:25.396Z,sell,8.69e-05,34.42,0.002991098
VIA/BTC,1548251851443,2019-01-23T13:57:31.443Z,buy,8.71e-05,1095.99,0.095460729
VIA/BTC,1548251858469,2019-01-23T13:57:38.469Z,buy,8.74e-05,71.6,0.0062578399999999
VIA/BTC,1548251866886,2019-01-23T13:57:46.886Z,sell,8.71e-05,69.24,0.006030804
VIA/BTC,1548251942864,2019-01-23T13:59:02.864Z,sell,8.72e-05,173.44,0.015123968
VIA/BTC,1548251942864,2019-01-23T13:59:02.864Z,sell,8.71e-05,226.56,0.019733376
VIA/BTC,1548252037542,2019-01-23T14:00:37.542Z,buy,8.72e-05,140.76,0.012274272
VIA/BTC,1548252038709,2019-01-23T14:00:38.709Z,buy,8.72e-05,22.93,0.001999496
VIA/BTC,1548252041434,2019-01-23T14:00:41.434Z,buy,8.72e-05,169.88,0.014813536
VIA/BTC,1548252082635,2019-01-23T14:01:22.635Z,buy,8.72e-05,13.01,0.001134472
VIA/BTC,1548252092689,2019-01-23T14:01:32.689Z,buy,8.72e-05,11.59,0.001010648
VIA/BTC,1548252092956,2019-01-23T14:01:32.956Z,buy,8.72e-05,11.59,0.001010648
VIA/BTC,1548252093043,2019-01-23T14:01:33.043Z,buy,8.72e-05,11.59,0.001010648
VIA/BTC,1548252094039,2019-01-23T14:01:34.039Z,buy,8.72e-05,11.59,0.001010648
VIA/BTC,1548252353400,2019-01-23T14:05:53.400Z,buy,8.72e-05,11.59,0.001010648
VIA/BTC,1548252464401,2019-01-23T14:07:44.401Z,buy,8.72e-05,120.0,0.010464
VIA/BTC,1548252486157,2019-01-23T14:08:06.157Z,sell,8.71e-05,223.56,0.019472076
VIA/BTC,1548252486157,2019-01-23T14:08:06.157Z,sell,8.7e-05,209.14,0.01819518
VIA/BTC,1548252486157,2019-01-23T14:08:06.157Z,sell,8.69e-05,1714.07,0.148952683
VIA/BTC,1548252490964,2019-01-23T14:08:10.964Z,sell,8.69e-05,569.12,0.049456528
VIA/BTC,1548252616214,2019-01-23T14:10:16.214Z,sell,8.7e-05,15.39,0.00133893
VIA/BTC,1548252652851,2019-01-23T14:10:52.851Z,sell,8.7e-05,82.46,0.00717402
VIA/BTC,1548252654171,2019-01-23T14:10:54.171Z,buy,8.72e-05,70.25,0.0061258
VIA/BTC,1548252718849,2019-01-23T14:11:58.849Z,buy,8.73e-05,114.67,0.0100106909999999
VIA/BTC,1548252738740,2019-01-23T14:12:18.740Z,buy,8.73e-05,75.38,0.0065806739999999
VIA/BTC,1548253012312,2019-01-23T14:16:52.312Z,sell,8.72e-05,13.69,0.001193768
VIA/BTC,1548253172343,2019-01-23T14:19:32.343Z,buy,8.73e-05,80.33,0.0070128089999999
VIA/BTC,1548253172343,2019-01-23T14:19:32.343Z,buy,8.74e-05,796.69,0.069630706
VIA/BTC,1548253183077,2019-01-23T14:19:43.077Z,buy,8.76e-05,272.53,0.0238736279999999
VIA/BTC,1548253183077,2019-01-23T14:19:43.077Z,buy,8.77e-05,532.85,0.046730945
VIA/BTC,1548253250430,2019-01-23T14:20:50.430Z,buy,8.77e-05,24.9,0.00218373
VIA/BTC,1548253250430,2019-01-23T14:20:50.430Z,buy,8.78e-05,1510.36,0.132609608
VIA/BTC,1548253251175,2019-01-23T14:20:51.175Z,sell,8.78e-05,15.61,0.001370558
VIA/BTC,1548253260618,2019-01-23T14:21:00.618Z,sell,8.78e-05,39.6,0.00347688
VIA/BTC,1548253260738,2019-01-23T14:21:00.738Z,sell,8.78e-05,27.2,0.00238816
VIA/BTC,1548253260988,2019-01-23T14:21:00.988Z,sell,8.78e-05,11.47,0.001007066
VIA/BTC,1548253408370,2019-01-23T14:23:28.370Z,buy,8.79e-05,22.99,0.002020821
VIA/BTC,1548253423655,2019-01-23T14:23:43.655Z,sell,8.78e-05,226.5,0.0198867
VIA/BTC,1548253543812,2019-01-23T14:25:43.812Z,sell,8.78e-05,303.17,0.026618326
VIA/BTC,1548253699241,2019-01-23T14:28:19.241Z,sell,8.78e-05,75.68,0.006644704
VIA/BTC,1548253702035,2019-01-23T14:28:22.035Z,sell,8.78e-05,43.41,0.003811398
VIA/BTC,1548253828166,2019-01-23T14:30:28.166Z,buy,8.77e-05,432.23,0.037906571
VIA/BTC,1548253828166,2019-01-23T14:30:28.166Z,sell,8.77e-05,90.02,0.007894754
VIA/BTC,1548253834979,2019-01-23T14:30:34.979Z,buy,8.78e-05,41.44,0.003638432
VIA/BTC,1548253843300,2019-01-23T14:30:43.300Z,buy,8.79e-05,113.76,0.009999504
VIA/BTC,1548253843658,2019-01-23T14:30:43.658Z,sell,8.78e-05,15.5,0.0013609
VIA/BTC,1548253849410,2019-01-23T14:30:49.410Z,buy,8.78e-05,68.25,0.00599235
VIA/BTC,1548253853847,2019-01-23T14:30:53.847Z,buy,8.78e-05,56.94,0.004999332
VIA/BTC,1548253857207,2019-01-23T14:30:57.207Z,buy,8.78e-05,0.06,5.268e-06
VIA/BTC,1548253869161,2019-01-23T14:31:09.161Z,buy,8.79e-05,56.88,0.004999752
VIA/BTC,1548253871956,2019-01-23T14:31:11.956Z,buy,8.79e-05,56.88,0.004999752
VIA/BTC,1548253874818,2019-01-23T14:31:14.818Z,buy,8.79e-05,125.14,0.0109998059999999
VIA/BTC,1548253886230,2019-01-23T14:31:26.230Z,buy,8.79e-05,56.88,0.004999752
VIA/BTC,1548253889334,2019-01-23T14:31:29.334Z,buy,8.79e-05,113.76,0.009999504
VIA/BTC,1548253894088,2019-01-23T14:31:34.088Z,buy,8.79e-05,17.88,0.0015716519999999
VIA/BTC,1548253901245,2019-01-23T14:31:41.245Z,buy,8.8e-05,56.81,0.00499928
VIA/BTC,1548253910266,2019-01-23T14:31:50.266Z,buy,8.8e-05,14.79,0.0013015199999999
VIA/BTC,1548253919374,2019-01-23T14:31:59.374Z,buy,8.81e-05,82.42,0.007261202
VIA/BTC,1548253936562,2019-01-23T14:32:16.562Z,buy,8.82e-05,56.68,0.004999176
VIA/BTC,1548253950752,2019-01-23T14:32:30.752Z,buy,8.82e-05,56.68,0.004999176
VIA/BTC,1548253979645,2019-01-23T14:32:59.645Z,sell,8.81e-05,31.08,0.0027381479999999
VIA/BTC,1548253989735,2019-01-23T14:33:09.735Z,sell,8.8e-05,22.92,0.00201696
VIA/BTC,1548254145210,2019-01-23T14:35:45.210Z,sell,8.8e-05,75.91,0.00668008
VIA/BTC,1548254150463,2019-01-23T14:35:50.463Z,sell,8.79e-05,58.33,0.005127207
VIA/BTC,1548254150463,2019-01-23T14:35:50.463Z,sell,8.78e-05,10.48,0.000920144
VIA/BTC,1548254193677,2019-01-23T14:36:33.677Z,sell,8.78e-05,240.02,0.021073756
VIA/BTC,1548254193677,2019-01-23T14:36:33.677Z,sell,8.77e-05,90.29,0.007918433
VIA/BTC,1548254194515,2019-01-23T14:36:34.515Z,buy,8.81e-05,12.48,0.001099488
VIA/BTC,1548254194515,2019-01-23T14:36:34.515Z,buy,8.81e-05,12.48,0.001099488
VIA/BTC,1548254311074,2019-01-23T14:38:31.074Z,buy,8.8e-05,11.48,0.00101024
VIA/BTC,1548254415543,2019-01-23T14:40:15.543Z,sell,8.77e-05,45.89,0.004024553
VIA/BTC,1548254454407,2019-01-23T14:40:54.407Z,sell,8.77e-05,25.71,0.002254767
VIA/BTC,1548254703441,2019-01-23T14:45:03.441Z,buy,8.77e-05,57.01,0.004999777
VIA/BTC,1548254716185,2019-01-23T14:45:16.185Z,buy,8.77e-05,57.01,0.004999777
VIA/BTC,1548254737303,2019-01-23T14:45:37.303Z,buy,8.77e-05,57.01,0.004999777
VIA/BTC,1548254745408,2019-01-23T14:45:45.408Z,buy,8.77e-05,57.01,0.004999777
VIA/BTC,1548254748134,2019-01-23T14:45:48.134Z,buy,8.77e-05,57.01,0.004999777
VIA/BTC,1548254751801,2019-01-23T14:45:51.801Z,buy,8.77e-05,57.01,0.004999777
VIA/BTC,1548254755254,2019-01-23T14:45:55.254Z,buy,8.77e-05,54.81,0.004806837
VIA/BTC,1548254774530,2019-01-23T14:46:14.530Z,sell,8.77e-05,59.21,0.005192717
VIA/BTC,1548254776773,2019-01-23T14:46:16.773Z,buy,8.77e-05,56.94,0.004993638
VIA/BTC,1548254784324,2019-01-23T14:46:24.324Z,buy,8.77e-05,57.01,0.004999777
VIA/BTC,1548254829026,2019-01-23T14:47:09.026Z,sell,8.74e-05,655.59,0.057298566
VIA/BTC,1548254829026,2019-01-23T14:47:09.026Z,sell,8.73e-05,114.34,0.009981882
VIA/BTC,1548254829026,2019-01-23T14:47:09.026Z,sell,8.72e-05,936.67,0.081677624
VIA/BTC,1548254829026,2019-01-23T14:47:09.026Z,sell,8.71e-05,2476.21,0.215677891
VIA/BTC,1548254829133,2019-01-23T14:47:09.133Z,buy,8.72e-05,236.31,0.020606232
VIA/BTC,1548254836708,2019-01-23T14:47:16.708Z,buy,8.72e-05,15.59,0.001359448
VIA/BTC,1548254846446,2019-01-23T14:47:26.446Z,sell,8.71e-05,319.69,0.027844999
VIA/BTC,1548254846446,2019-01-23T14:47:26.446Z,sell,8.7e-05,445.6,0.0387672
VIA/BTC,1548254846446,2019-01-23T14:47:26.446Z,sell,8.69e-05,196.32,0.017060208
VIA/BTC,1548254846446,2019-01-23T14:47:26.446Z,sell,8.68e-05,259.5,0.0225246
VIA/BTC,1548254888544,2019-01-23T14:48:08.544Z,buy,8.72e-05,34.56,0.003013632
VIA/BTC,1548254951951,2019-01-23T14:49:11.951Z,buy,8.72e-05,16.39,0.001429208
VIA/BTC,1548255047076,2019-01-23T14:50:47.076Z,sell,8.71e-05,140.25,0.012215775
VIA/BTC,1548255088864,2019-01-23T14:51:28.864Z,buy,8.71e-05,13.77,0.001199367
VIA/BTC,1548255105522,2019-01-23T14:51:45.522Z,buy,8.71e-05,156.56,0.013636376
VIA/BTC,1548255114392,2019-01-23T14:51:54.392Z,buy,8.72e-05,273.35,0.02383612
VIA/BTC,1548255127487,2019-01-23T14:52:07.487Z,buy,8.72e-05,218.43,0.019047096
VIA/BTC,1548255130429,2019-01-23T14:52:10.429Z,buy,8.72e-05,251.2,0.02190464
VIA/BTC,1548255144400,2019-01-23T14:52:24.400Z,buy,8.72e-05,242.57,0.021152104
VIA/BTC,1548255156479,2019-01-23T14:52:36.479Z,buy,8.75e-05,136.23,0.0119201249999999
VIA/BTC,1548255156557,2019-01-23T14:52:36.557Z,sell,8.75e-05,34.07,0.002981125
VIA/BTC,1548255156729,2019-01-23T14:52:36.729Z,sell,8.75e-05,15.66,0.00137025
VIA/BTC,1548255174722,2019-01-23T14:52:54.722Z,buy,8.77e-05,34.56,0.003030912
VIA/BTC,1548255174722,2019-01-23T14:52:54.722Z,buy,8.78e-05,480.26,0.042166828
VIA/BTC,1548255174722,2019-01-23T14:52:54.722Z,buy,8.79e-05,28.15,0.002474385
VIA/BTC,1548255183809,2019-01-23T14:53:03.809Z,buy,8.78e-05,114.34,0.010039052
VIA/BTC,1548255429933,2019-01-23T14:57:09.933Z,buy,8.79e-05,108.34,0.009523086
VIA/BTC,1548255468680,2019-01-23T14:57:48.680Z,sell,8.75e-05,43.44,0.0038009999999999
VIA/BTC,1548255468680,2019-01-23T14:57:48.680Z,sell,8.74e-05,71.56,0.006254344
VIA/BTC,1548255532900,2019-01-23T14:58:52.900Z,buy,8.79e-05,56.88,0.004999752
VIA/BTC,1548255536961,2019-01-23T14:58:56.961Z,buy,8.79e-05,341.29,0.029999391
VIA/BTC,1548255647583,2019-01-23T15:00:47.583Z,sell,8.78e-05,140.25,0.01231395
VIA/BTC,1548255839439,2019-01-23T15:03:59.439Z,buy,8.79e-05,300.0,0.0263699999999999
VIA/BTC,1548256017771,2019-01-23T15:06:57.771Z,sell,8.76e-05,100.45,0.00879942
VIA/BTC,1548256017771,2019-01-23T15:06:57.771Z,sell,8.75e-05,14.98,0.00131075
VIA/BTC,1548257132911,2019-01-23T15:25:32.911Z,sell,8.75e-05,266.07,0.023281125
VIA/BTC,1548257132911,2019-01-23T15:25:32.911Z,sell,8.75e-05,266.07,0.023281125
VIA/BTC,1548258202746,2019-01-23T15:43:22.746Z,sell,8.75e-05,1140.25,0.099771875
VIA/BTC,1548258320400,2019-01-23T15:45:20.400Z,sell,8.75e-05,14.13,0.001236375
VIA/BTC,1548258423515,2019-01-23T15:47:03.515Z,sell,8.74e-05,50.0,0.00437
VIA/BTC,1548258427390,2019-01-23T15:47:07.390Z,buy,8.74e-05,9.51,0.000831174
VIA/BTC,1548258427390,2019-01-23T15:47:07.390Z,buy,8.75e-05,24.81,0.002170875
VIA/BTC,1548259130542,2019-01-23T15:58:50.542Z,buy,8.74e-05,308.92,0.026999608
VIA/BTC,1548259148075,2019-01-23T15:59:08.075Z,buy,8.74e-05,11.45,0.0010007299999999
VIA/BTC,1548259188906,2019-01-23T15:59:48.906Z,sell,8.73e-05,50.0,0.004365
VIA/BTC,1548259234405,2019-01-23T16:00:34.405Z,buy,8.74e-05,22.89,0.002000586
VIA/BTC,1548259293803,2019-01-23T16:01:33.803Z,buy,8.74e-05,11.56,0.001010344
VIA/BTC,1548259630107,2019-01-23T16:07:10.107Z,sell,8.72e-05,336.14,0.029311408
VIA/BTC,1548259630107,2019-01-23T16:07:10.107Z,sell,8.71e-05,203.24,0.017702204
VIA/BTC,1548259630107,2019-01-23T16:07:10.107Z,sell,8.7e-05,465.63,0.04050981
VIA/BTC,1548259630107,2019-01-23T16:07:10.107Z,sell,8.69e-05,338.29,0.029397401
VIA/BTC,1548259630107,2019-01-23T16:07:10.107Z,sell,8.68e-05,337.41,0.029287188
VIA/BTC,1548259688856,2019-01-23T16:08:08.856Z,buy,8.73e-05,34.56,0.003017088
VIA/BTC,1548259915737,2019-01-23T16:11:55.737Z,sell,8.71e-05,75.74,0.0065969539999999
VIA/BTC,1548260076643,2019-01-23T16:14:36.643Z,sell,8.71e-05,216.73,0.018877183
VIA/BTC,1548260124941,2019-01-23T16:15:24.941Z,sell,8.7e-05,400.04,0.03480348
VIA/BTC,1548260214543,2019-01-23T16:16:54.543Z,buy,8.74e-05,12.52,0.001094248
VIA/BTC,1548260214543,2019-01-23T16:16:54.543Z,buy,8.74e-05,12.52,0.001094248
VIA/BTC,1548260989268,2019-01-23T16:29:49.268Z,sell,8.7e-05,1138.68,0.09906516
VIA/BTC,1548261068902,2019-01-23T16:31:08.902Z,buy,8.72e-05,34.48,0.003006656
VIA/BTC,1548261069440,2019-01-23T16:31:09.440Z,buy,8.72e-05,90.09,0.007855848
VIA/BTC,1548261110785,2019-01-23T16:31:50.785Z,sell,8.72e-05,409.91,0.035744152
VIA/BTC,1548261110785,2019-01-23T16:31:50.785Z,sell,8.7e-05,510.37,0.04440219
VIA/BTC,1548261110785,2019-01-23T16:31:50.785Z,sell,8.69e-05,99.81,0.008673489
VIA/BTC,1548261110785,2019-01-23T16:31:50.785Z,sell,8.68e-05,2491.45,0.2162578599999999
VIA/BTC,1548261110785,2019-01-23T16:31:50.785Z,sell,8.67e-05,967.31,0.083865777
VIA/BTC,1548261110785,2019-01-23T16:31:50.785Z,sell,8.66e-05,184.51,0.015978566
VIA/BTC,1548261110785,2019-01-23T16:31:50.785Z,sell,8.65e-05,395.49,0.034209885
VIA/BTC,1548261110785,2019-01-23T16:31:50.785Z,sell,8.64e-05,160.73,0.0138870719999999
VIA/BTC,1548261110785,2019-01-23T16:31:50.785Z,sell,8.63e-05,692.75,0.059784325
VIA/BTC,1548261110785,2019-01-23T16:31:50.785Z,sell,8.62e-05,942.83,0.081271946
VIA/BTC,1548261110785,2019-01-23T16:31:50.785Z,sell,8.61e-05,666.74,0.057406314
VIA/BTC,1548261110785,2019-01-23T16:31:50.785Z,sell,8.6e-05,5419.05,0.4660383
VIA/BTC,1548261110785,2019-01-23T16:31:50.785Z,sell,8.59e-05,346.88,0.029796992
VIA/BTC,1548261110785,2019-01-23T16:31:50.785Z,sell,8.58e-05,361.46,0.0310132679999999
VIA/BTC,1548261110785,2019-01-23T16:31:50.785Z,sell,8.57e-05,109.51,0.009385007
VIA/BTC,1548261110785,2019-01-23T16:31:50.785Z,sell,8.56e-05,721.2,0.06173472
VIA/BTC,1548261110827,2019-01-23T16:31:50.827Z,buy,8.58e-05,409.91,0.035170278
VIA/BTC,1548261110829,2019-01-23T16:31:50.829Z,buy,8.58e-05,163.57,0.014034306
VIA/BTC,1548261110872,2019-01-23T16:31:50.872Z,buy,8.65e-05,175.35,0.015167775
VIA/BTC,1548261110896,2019-01-23T16:31:50.896Z,buy,8.65e-05,15.33,0.001326045
VIA/BTC,1548261111196,2019-01-23T16:31:51.196Z,buy,8.65e-05,25.92,0.00224208
VIA/BTC,1548261111307,2019-01-23T16:31:51.307Z,sell,8.64e-05,46.1,0.00398304
VIA/BTC,1548261111453,2019-01-23T16:31:51.453Z,buy,8.65e-05,172.5,0.01492125
VIA/BTC,1548261111454,2019-01-23T16:31:51.454Z,buy,8.65e-05,281.98,0.02439127
VIA/BTC,1548261111938,2019-01-23T16:31:51.938Z,buy,8.68e-05,16.65,0.0014452199999999
VIA/BTC,1548261112522,2019-01-23T16:31:52.522Z,sell,8.66e-05,38.12,0.003301192
VIA/BTC,1548261112522,2019-01-23T16:31:52.522Z,sell,8.65e-05,19.87,0.001718755
VIA/BTC,1548261113975,2019-01-23T16:31:53.975Z,sell,8.66e-05,57.64,0.004991624
VIA/BTC,1548261113975,2019-01-23T16:31:53.975Z,sell,8.65e-05,109.09,0.009436285
VIA/BTC,1548261113975,2019-01-23T16:31:53.975Z,sell,8.64e-05,243.18,0.021010752
VIA/BTC,1548261116475,2019-01-23T16:31:56.475Z,buy,8.66e-05,69.45,0.00601437
VIA/BTC,1548261119622,2019-01-23T16:31:59.622Z,sell,8.65e-05,40.35,0.003490275
VIA/BTC,1548261119622,2019-01-23T16:31:59.622Z,sell,8.64e-05,700.63,0.060534432
VIA/BTC,1548261121392,2019-01-23T16:32:01.392Z,sell,8.64e-05,1046.88,0.090450432
VIA/BTC,1548261121392,2019-01-23T16:32:01.392Z,sell,8.63e-05,683.12,0.0589532559999999
VIA/BTC,1548261123812,2019-01-23T16:32:03.812Z,buy,8.68e-05,31.68,0.0027498239999999
VIA/BTC,1548261124363,2019-01-23T16:32:04.363Z,sell,8.65e-05,355.29,0.030732585
