symbol,timestamp,datetime,side,price,amount,btc_volume
VIB/BTC,1565374114071,2019-08-09T18:08:34.071Z,sell,1.49e-06,3199.0,0.00476651
VIB/BTC,1565374256985,2019-08-09T18:10:56.985Z,sell,1.48e-06,805.0,0.0011914
VIB/BTC,1565374257555,2019-08-09T18:10:57.555Z,sell,1.48e-06,1897.0,0.00280756
VIB/BTC,1565374265036,2019-08-09T18:11:05.036Z,sell,1.48e-06,10803.0,0.01598844
VIB/BTC,1565374278915,2019-08-09T18:11:18.915Z,sell,1.48e-06,21811.0,0.03228028
VIB/BTC,1565375449548,2019-08-09T18:30:49.548Z,buy,1.49e-06,17710.0,0.0263879
VIB/BTC,1565375450231,2019-08-09T18:30:50.231Z,sell,1.49e-06,2670.0,0.0039783
VIB/BTC,1565375654639,2019-08-09T18:34:14.639Z,sell,1.48e-06,81.0,0.00011988
VIB/BTC,1565376045270,2019-08-09T18:40:45.270Z,buy,1.5e-06,174.0,0.000261
VIB/BTC,1565376045514,2019-08-09T18:40:45.514Z,buy,1.5e-06,2538.0,0.003807
VIB/BTC,1565376045520,2019-08-09T18:40:45.520Z,buy,1.5e-06,866.0,0.001299
VIB/BTC,1565376073438,2019-08-09T18:41:13.438Z,buy,1.5e-06,21231.0,0.0318465
VIB/BTC,1565376964184,2019-08-09T18:56:04.184Z,buy,1.49e-06,50448.0,0.07516752
VIB/BTC,1565376970859,2019-08-09T18:56:10.859Z,buy,1.49e-06,156594.0,0.23332506
VIB/BTC,1565376976124,2019-08-09T18:56:16.124Z,buy,1.49e-06,208792.0,0.31110008
VIB/BTC,1565376982854,2019-08-09T18:56:22.854Z,buy,1.49e-06,104396.0,0.15555004
VIB/BTC,1565376982854,2019-08-09T18:56:22.854Z,buy,1.49e-06,104396.0,0.15555004
VIB/BTC,1565377164138,2019-08-09T18:59:24.138Z,sell,1.49e-06,6037.0,0.0089951299999999
VIB/BTC,1565377232330,2019-08-09T19:00:32.330Z,sell,1.49e-06,26104.0,0.03889496
VIB/BTC,1565377235356,2019-08-09T19:00:35.356Z,buy,1.49e-06,79503.0,0.11845947
VIB/BTC,1565377241988,2019-08-09T19:00:41.988Z,buy,1.49e-06,136799.0,0.20383051
VIB/BTC,1565377246869,2019-08-09T19:00:46.869Z,buy,1.49e-06,182399.0,0.2717745099999999
VIB/BTC,1565377252145,2019-08-09T19:00:52.145Z,buy,1.49e-06,45600.0,0.0679439999999999
VIB/BTC,1565377262647,2019-08-09T19:01:02.647Z,buy,1.49e-06,100.0,0.000149
VIB/BTC,1565377265466,2019-08-09T19:01:05.466Z,buy,1.49e-06,1000.0,0.00149
VIB/BTC,1565377267198,2019-08-09T19:01:07.198Z,buy,1.49e-06,500.0,0.000745
VIB/BTC,1565377268831,2019-08-09T19:01:08.831Z,buy,1.49e-06,100.0,0.000149
VIB/BTC,1565377270317,2019-08-09T19:01:10.317Z,buy,1.49e-06,100.0,0.000149
VIB/BTC,1565377271684,2019-08-09T19:01:11.684Z,buy,1.49e-06,100.0,0.000149
VIB/BTC,1565377273897,2019-08-09T19:01:13.897Z,buy,1.49e-06,100.0,0.000149
VIB/BTC,1565377275203,2019-08-09T19:01:15.203Z,buy,1.49e-06,100.0,0.000149
VIB/BTC,1565377276535,2019-08-09T19:01:16.535Z,buy,1.49e-06,100.0,0.000149
VIB/BTC,1565377277872,2019-08-09T19:01:17.872Z,buy,1.49e-06,100.0,0.000149
VIB/BTC,1565377279335,2019-08-09T19:01:19.335Z,buy,1.49e-06,100.0,0.000149
VIB/BTC,1565377280670,2019-08-09T19:01:20.670Z,buy,1.49e-06,100.0,0.000149
VIB/BTC,1565377282064,2019-08-09T19:01:22.064Z,buy,1.49e-06,100.0,0.000149
VIB/BTC,1565377283281,2019-08-09T19:01:23.281Z,buy,1.49e-06,100.0,0.000149
VIB/BTC,1565377284708,2019-08-09T19:01:24.708Z,buy,1.49e-06,100.0,0.000149
VIB/BTC,1565377285965,2019-08-09T19:01:25.965Z,buy,1.49e-06,100.0,0.000149
VIB/BTC,1565377287486,2019-08-09T19:01:27.486Z,buy,1.49e-06,100.0,0.000149
VIB/BTC,1565377288875,2019-08-09T19:01:28.875Z,buy,1.49e-06,100.0,0.000149
VIB/BTC,1565377290475,2019-08-09T19:01:30.475Z,buy,1.49e-06,100.0,0.000149
VIB/BTC,1565377291728,2019-08-09T19:01:31.728Z,buy,1.49e-06,100.0,0.000149
VIB/BTC,1565377293644,2019-08-09T19:01:33.644Z,buy,1.49e-06,100.0,0.000149
VIB/BTC,1565377295620,2019-08-09T19:01:35.620Z,buy,1.49e-06,100.0,0.000149
VIB/BTC,1565377297118,2019-08-09T19:01:37.118Z,buy,1.49e-06,100.0,0.000149
VIB/BTC,1565377298431,2019-08-09T19:01:38.431Z,buy,1.49e-06,100.0,0.000149
VIB/BTC,1565377299748,2019-08-09T19:01:39.748Z,buy,1.49e-06,100.0,0.000149
VIB/BTC,1565377301281,2019-08-09T19:01:41.281Z,buy,1.49e-06,100.0,0.000149
VIB/BTC,1565377302566,2019-08-09T19:01:42.566Z,buy,1.49e-06,100.0,0.000149
VIB/BTC,1565377305443,2019-08-09T19:01:45.443Z,buy,1.49e-06,100.0,0.000149
VIB/BTC,1565377306678,2019-08-09T19:01:46.678Z,buy,1.49e-06,100.0,0.000149
VIB/BTC,1565377307979,2019-08-09T19:01:47.979Z,buy,1.49e-06,100.0,0.000149
VIB/BTC,1565377309260,2019-08-09T19:01:49.260Z,buy,1.49e-06,100.0,0.000149
VIB/BTC,1565377310485,2019-08-09T19:01:50.485Z,buy,1.49e-06,100.0,0.000149
VIB/BTC,1565377311873,2019-08-09T19:01:51.873Z,buy,1.49e-06,100.0,0.000149
VIB/BTC,1565377313197,2019-08-09T19:01:53.197Z,buy,1.49e-06,100.0,0.000149
VIB/BTC,1565377314620,2019-08-09T19:01:54.620Z,buy,1.49e-06,100.0,0.000149
VIB/BTC,1565377315910,2019-08-09T19:01:55.910Z,buy,1.49e-06,100.0,0.000149
VIB/BTC,1565377317182,2019-08-09T19:01:57.182Z,buy,1.49e-06,100.0,0.000149
VIB/BTC,1565377319149,2019-08-09T19:01:59.149Z,buy,1.49e-06,100.0,0.000149
VIB/BTC,1565377321237,2019-08-09T19:02:01.237Z,buy,1.49e-06,100.0,0.000149
VIB/BTC,1565377323493,2019-08-09T19:02:03.493Z,buy,1.49e-06,500.0,0.000745
VIB/BTC,1565377327673,2019-08-09T19:02:07.673Z,buy,1.49e-06,200.0,0.000298
VIB/BTC,1565377329496,2019-08-09T19:02:09.496Z,buy,1.49e-06,200.0,0.000298
VIB/BTC,1565377330757,2019-08-09T19:02:10.757Z,buy,1.49e-06,200.0,0.000298
VIB/BTC,1565377333202,2019-08-09T19:02:13.202Z,buy,1.49e-06,200.0,0.000298
VIB/BTC,1565377335712,2019-08-09T19:02:15.712Z,buy,1.49e-06,147.0,0.00021903
VIB/BTC,1565377337548,2019-08-09T19:02:17.548Z,buy,1.49e-06,357.0,0.00053193
VIB/BTC,1565377340587,2019-08-09T19:02:20.587Z,buy,1.49e-06,541.0,0.00080609
VIB/BTC,1565377342926,2019-08-09T19:02:22.926Z,buy,1.49e-06,147.0,0.00021903
VIB/BTC,1565377346142,2019-08-09T19:02:26.142Z,buy,1.49e-06,327.0,0.0004872299999999
VIB/BTC,1565377349866,2019-08-09T19:02:29.866Z,buy,1.49e-06,427.0,0.00063623
VIB/BTC,1565377351968,2019-08-09T19:02:31.968Z,buy,1.49e-06,224.0,0.00033376
VIB/BTC,1565377354195,2019-08-09T19:02:34.195Z,sell,1.48e-06,3132.0,0.00463536
VIB/BTC,1565377354836,2019-08-09T19:02:34.836Z,buy,1.49e-06,187.0,0.00027863
VIB/BTC,1565377358169,2019-08-09T19:02:38.169Z,buy,1.49e-06,196.0,0.00029204
VIB/BTC,1565377361346,2019-08-09T19:02:41.346Z,buy,1.49e-06,947.0,0.00141103
VIB/BTC,1565377366021,2019-08-09T19:02:46.021Z,buy,1.5e-06,100.0,0.00015
VIB/BTC,1565377369871,2019-08-09T19:02:49.871Z,buy,1.5e-06,100.0,0.00015
VIB/BTC,1565377396413,2019-08-09T19:03:16.413Z,buy,1.49e-06,100.0,0.000149
VIB/BTC,1565377398017,2019-08-09T19:03:18.017Z,buy,1.49e-06,1000.0,0.00149
VIB/BTC,1565377400355,2019-08-09T19:03:20.355Z,buy,1.49e-06,504.0,0.00075096
VIB/BTC,1565377402096,2019-08-09T19:03:22.096Z,buy,1.49e-06,500.0,0.000745
VIB/BTC,1565377403366,2019-08-09T19:03:23.366Z,buy,1.49e-06,500.0,0.000745
VIB/BTC,1565377404865,2019-08-09T19:03:24.865Z,buy,1.49e-06,100.0,0.000149
VIB/BTC,1565377406103,2019-08-09T19:03:26.103Z,buy,1.49e-06,100.0,0.000149
VIB/BTC,1565377407438,2019-08-09T19:03:27.438Z,buy,1.49e-06,100.0,0.000149
VIB/BTC,1565377409483,2019-08-09T19:03:29.483Z,buy,1.49e-06,100.0,0.000149
VIB/BTC,1565377410798,2019-08-09T19:03:30.798Z,buy,1.49e-06,100.0,0.000149
VIB/BTC,1565377412078,2019-08-09T19:03:32.078Z,buy,1.49e-06,100.0,0.000149
VIB/BTC,1565377413380,2019-08-09T19:03:33.380Z,buy,1.49e-06,100.0,0.000149
VIB/BTC,1565377414850,2019-08-09T19:03:34.850Z,buy,1.49e-06,100.0,0.000149
VIB/BTC,1565377416314,2019-08-09T19:03:36.314Z,buy,1.49e-06,500.0,0.000745
VIB/BTC,1565377418605,2019-08-09T19:03:38.605Z,buy,1.49e-06,100.0,0.000149
VIB/BTC,1565377419848,2019-08-09T19:03:39.848Z,buy,1.49e-06,100.0,0.000149
VIB/BTC,1565377421152,2019-08-09T19:03:41.152Z,buy,1.49e-06,100.0,0.000149
VIB/BTC,1565377422922,2019-08-09T19:03:42.922Z,buy,1.49e-06,100.0,0.000149
VIB/BTC,1565377424254,2019-08-09T19:03:44.254Z,buy,1.49e-06,100.0,0.000149
VIB/BTC,1565377425517,2019-08-09T19:03:45.517Z,buy,1.49e-06,500.0,0.000745
VIB/BTC,1565377427672,2019-08-09T19:03:47.672Z,buy,1.49e-06,100.0,0.000149
VIB/BTC,1565377429367,2019-08-09T19:03:49.367Z,buy,1.49e-06,100.0,0.000149
VIB/BTC,1565377431044,2019-08-09T19:03:51.044Z,buy,1.49e-06,500.0,0.000745
VIB/BTC,1565377432435,2019-08-09T19:03:52.435Z,buy,1.49e-06,500.0,0.000745
VIB/BTC,1565377433986,2019-08-09T19:03:53.986Z,buy,1.49e-06,1000.0,0.00149
VIB/BTC,1565377436182,2019-08-09T19:03:56.182Z,buy,1.49e-06,100.0,0.000149
VIB/BTC,1565377437532,2019-08-09T19:03:57.532Z,buy,1.49e-06,100.0,0.000149
VIB/BTC,1565377439119,2019-08-09T19:03:59.119Z,buy,1.49e-06,1000.0,0.00149
VIB/BTC,1565377441267,2019-08-09T19:04:01.267Z,buy,1.49e-06,1696.0,0.00252704
VIB/BTC,1565377681085,2019-08-09T19:08:01.085Z,sell,1.49e-06,1000.0,0.00149
VIB/BTC,1565378013014,2019-08-09T19:13:33.014Z,buy,1.5e-06,331.0,0.0004965
VIB/BTC,1565379398258,2019-08-09T19:36:38.258Z,buy,1.49e-06,335.0,0.00049915
VIB/BTC,1565379427716,2019-08-09T19:37:07.716Z,buy,1.49e-06,335.0,0.00049915
VIB/BTC,1565379922228,2019-08-09T19:45:22.228Z,sell,1.48e-06,34475.0,0.051023
VIB/BTC,1565379928713,2019-08-09T19:45:28.713Z,sell,1.47e-06,290.0,0.0004262999999999
VIB/BTC,1565379935022,2019-08-09T19:45:35.022Z,buy,1.48e-06,150343.0,0.22250764
VIB/BTC,1565379940871,2019-08-09T19:45:40.871Z,buy,1.48e-06,115484.0,0.17091632
VIB/BTC,1565379948522,2019-08-09T19:45:48.522Z,buy,1.48e-06,76535.0,0.1132718
VIB/BTC,1565379961507,2019-08-09T19:46:01.507Z,buy,1.48e-06,38268.0,0.05663664
VIB/BTC,1565379976904,2019-08-09T19:46:16.904Z,buy,1.48e-06,100000.0,0.148
VIB/BTC,1565379984843,2019-08-09T19:46:24.843Z,buy,1.48e-06,13232.0,0.01958336
VIB/BTC,1565379995749,2019-08-09T19:46:35.749Z,buy,1.48e-06,145717.0,0.21566116
VIB/BTC,1565379995749,2019-08-09T19:46:35.749Z,buy,1.48e-06,145717.0,0.21566116
VIB/BTC,1565380668040,2019-08-09T19:57:48.040Z,buy,1.49e-06,120.0,0.0001787999999999
VIB/BTC,1565380814204,2019-08-09T20:00:14.204Z,buy,1.48e-06,152070.0,0.2250636
VIB/BTC,1565380819068,2019-08-09T20:00:19.068Z,buy,1.48e-06,76035.0,0.1125318
VIB/BTC,1565380823378,2019-08-09T20:00:23.378Z,buy,1.48e-06,114053.0,0.16879844
VIB/BTC,1565380828252,2019-08-09T20:00:28.252Z,buy,1.48e-06,38018.0,0.05626664
VIB/BTC,1565380845413,2019-08-09T20:00:45.413Z,buy,1.48e-06,135271.0,0.20020108
VIB/BTC,1565380851772,2019-08-09T20:00:51.772Z,buy,1.49e-06,100.0,0.000149
VIB/BTC,1565380853219,2019-08-09T20:00:53.219Z,buy,1.49e-06,100.0,0.000149
VIB/BTC,1565380855315,2019-08-09T20:00:55.315Z,buy,1.49e-06,100.0,0.000149
VIB/BTC,1565380856949,2019-08-09T20:00:56.949Z,buy,1.49e-06,100.0,0.000149
VIB/BTC,1565380858562,2019-08-09T20:00:58.562Z,buy,1.49e-06,100.0,0.000149
VIB/BTC,1565380859909,2019-08-09T20:00:59.909Z,buy,1.49e-06,100.0,0.000149
VIB/BTC,1565380861220,2019-08-09T20:01:01.220Z,buy,1.49e-06,100.0,0.000149
VIB/BTC,1565380862672,2019-08-09T20:01:02.672Z,buy,1.49e-06,100.0,0.000149
VIB/BTC,1565380863941,2019-08-09T20:01:03.941Z,buy,1.49e-06,100.0,0.000149
VIB/BTC,1565380865260,2019-08-09T20:01:05.260Z,buy,1.49e-06,100.0,0.000149
VIB/BTC,1565380866524,2019-08-09T20:01:06.524Z,buy,1.49e-06,100.0,0.000149
VIB/BTC,1565380867814,2019-08-09T20:01:07.814Z,buy,1.49e-06,100.0,0.000149
VIB/BTC,1565380869172,2019-08-09T20:01:09.172Z,buy,1.49e-06,100.0,0.000149
VIB/BTC,1565380875881,2019-08-09T20:01:15.881Z,buy,1.49e-06,100.0,0.000149
VIB/BTC,1565380877307,2019-08-09T20:01:17.307Z,buy,1.49e-06,100.0,0.000149
VIB/BTC,1565380879165,2019-08-09T20:01:19.165Z,buy,1.49e-06,100.0,0.000149
VIB/BTC,1565380880845,2019-08-09T20:01:20.845Z,buy,1.49e-06,100.0,0.000149
VIB/BTC,1565380882371,2019-08-09T20:01:22.371Z,buy,1.49e-06,100.0,0.000149
VIB/BTC,1565380883702,2019-08-09T20:01:23.702Z,buy,1.49e-06,100.0,0.000149
VIB/BTC,1565380885021,2019-08-09T20:01:25.021Z,buy,1.49e-06,100.0,0.000149
VIB/BTC,1565380886259,2019-08-09T20:01:26.259Z,buy,1.49e-06,100.0,0.000149
VIB/BTC,1565380887716,2019-08-09T20:01:27.716Z,buy,1.49e-06,100.0,0.000149
VIB/BTC,1565380889163,2019-08-09T20:01:29.163Z,buy,1.49e-06,100.0,0.000149
VIB/BTC,1565380890660,2019-08-09T20:01:30.660Z,buy,1.49e-06,100.0,0.000149
VIB/BTC,1565380892000,2019-08-09T20:01:32.000Z,buy,1.49e-06,100.0,0.000149
VIB/BTC,1565380893247,2019-08-09T20:01:33.247Z,buy,1.49e-06,100.0,0.000149
VIB/BTC,1565380894749,2019-08-09T20:01:34.749Z,buy,1.49e-06,100.0,0.000149
VIB/BTC,1565380896018,2019-08-09T20:01:36.018Z,buy,1.49e-06,100.0,0.000149
VIB/BTC,1565380897803,2019-08-09T20:01:37.803Z,buy,1.49e-06,100.0,0.000149
VIB/BTC,1565380899271,2019-08-09T20:01:39.271Z,buy,1.49e-06,100.0,0.000149
VIB/BTC,1565380900527,2019-08-09T20:01:40.527Z,buy,1.49e-06,100.0,0.000149
VIB/BTC,1565380901826,2019-08-09T20:01:41.826Z,buy,1.49e-06,100.0,0.000149
VIB/BTC,1565380903554,2019-08-09T20:01:43.554Z,buy,1.49e-06,100.0,0.000149
VIB/BTC,1565380905028,2019-08-09T20:01:45.028Z,buy,1.49e-06,100.0,0.000149
VIB/BTC,1565380906275,2019-08-09T20:01:46.275Z,buy,1.49e-06,100.0,0.000149
VIB/BTC,1565380908347,2019-08-09T20:01:48.347Z,buy,1.49e-06,100.0,0.000149
VIB/BTC,1565380909731,2019-08-09T20:01:49.731Z,buy,1.49e-06,100.0,0.000149
VIB/BTC,1565380911525,2019-08-09T20:01:51.525Z,buy,1.49e-06,100.0,0.000149
VIB/BTC,1565380913500,2019-08-09T20:01:53.500Z,buy,1.49e-06,100.0,0.000149
VIB/BTC,1565380915088,2019-08-09T20:01:55.088Z,buy,1.49e-06,100.0,0.000149
VIB/BTC,1565380916539,2019-08-09T20:01:56.539Z,buy,1.49e-06,100.0,0.000149
VIB/BTC,1565380917924,2019-08-09T20:01:57.924Z,buy,1.49e-06,100.0,0.000149
VIB/BTC,1565380919256,2019-08-09T20:01:59.256Z,buy,1.49e-06,100.0,0.000149
VIB/BTC,1565380920609,2019-08-09T20:02:00.609Z,buy,1.49e-06,100.0,0.000149
VIB/BTC,1565380922220,2019-08-09T20:02:02.220Z,buy,1.49e-06,100.0,0.000149
VIB/BTC,1565380923911,2019-08-09T20:02:03.911Z,buy,1.49e-06,100.0,0.000149
VIB/BTC,1565380925158,2019-08-09T20:02:05.158Z,buy,1.49e-06,100.0,0.000149
VIB/BTC,1565380927007,2019-08-09T20:02:07.007Z,buy,1.49e-06,100.0,0.000149
VIB/BTC,1565380928466,2019-08-09T20:02:08.466Z,buy,1.49e-06,100.0,0.000149
VIB/BTC,1565380929856,2019-08-09T20:02:09.856Z,buy,1.49e-06,100.0,0.000149
VIB/BTC,1565380931111,2019-08-09T20:02:11.111Z,buy,1.49e-06,100.0,0.000149
VIB/BTC,1565380932679,2019-08-09T20:02:12.679Z,buy,1.49e-06,100.0,0.000149
VIB/BTC,1565380934097,2019-08-09T20:02:14.097Z,buy,1.49e-06,100.0,0.000149
VIB/BTC,1565380935778,2019-08-09T20:02:15.778Z,buy,1.49e-06,100.0,0.000149
VIB/BTC,1565380937061,2019-08-09T20:02:17.061Z,buy,1.49e-06,100.0,0.000149
VIB/BTC,1565380938459,2019-08-09T20:02:18.459Z,buy,1.49e-06,100.0,0.000149
VIB/BTC,1565380939634,2019-08-09T20:02:19.634Z,buy,1.49e-06,100.0,0.000149
VIB/BTC,1565380941081,2019-08-09T20:02:21.081Z,buy,1.49e-06,100.0,0.000149
VIB/BTC,1565380942750,2019-08-09T20:02:22.750Z,buy,1.49e-06,100.0,0.000149
VIB/BTC,1565380944838,2019-08-09T20:02:24.838Z,buy,1.49e-06,100.0,0.000149
VIB/BTC,1565380946636,2019-08-09T20:02:26.636Z,buy,1.49e-06,100.0,0.000149
VIB/BTC,1565380948288,2019-08-09T20:02:28.288Z,buy,1.49e-06,100.0,0.000149
VIB/BTC,1565380950096,2019-08-09T20:02:30.096Z,buy,1.49e-06,100.0,0.000149
VIB/BTC,1565380951372,2019-08-09T20:02:31.372Z,buy,1.49e-06,100.0,0.000149
VIB/BTC,1565380952752,2019-08-09T20:02:32.752Z,buy,1.49e-06,100.0,0.000149
VIB/BTC,1565380954042,2019-08-09T20:02:34.042Z,buy,1.49e-06,100.0,0.000149
VIB/BTC,1565380955409,2019-08-09T20:02:35.409Z,buy,1.49e-06,100.0,0.000149
VIB/BTC,1565380956789,2019-08-09T20:02:36.789Z,buy,1.49e-06,100.0,0.000149
VIB/BTC,1565380958128,2019-08-09T20:02:38.128Z,buy,1.49e-06,100.0,0.000149
VIB/BTC,1565380959400,2019-08-09T20:02:39.400Z,buy,1.49e-06,100.0,0.000149
VIB/BTC,1565380960703,2019-08-09T20:02:40.703Z,buy,1.49e-06,100.0,0.000149
VIB/BTC,1565380961989,2019-08-09T20:02:41.989Z,buy,1.49e-06,100.0,0.000149
VIB/BTC,1565380963420,2019-08-09T20:02:43.420Z,buy,1.49e-06,100.0,0.000149
VIB/BTC,1565380964980,2019-08-09T20:02:44.980Z,buy,1.49e-06,100.0,0.000149
VIB/BTC,1565380966578,2019-08-09T20:02:46.578Z,buy,1.49e-06,100.0,0.000149
VIB/BTC,1565380968004,2019-08-09T20:02:48.004Z,buy,1.49e-06,100.0,0.000149
VIB/BTC,1565380969284,2019-08-09T20:02:49.284Z,buy,1.49e-06,100.0,0.000149
VIB/BTC,1565380970586,2019-08-09T20:02:50.586Z,buy,1.49e-06,100.0,0.000149
VIB/BTC,1565380971928,2019-08-09T20:02:51.928Z,buy,1.49e-06,100.0,0.000149
VIB/BTC,1565380973649,2019-08-09T20:02:53.649Z,buy,1.49e-06,100.0,0.000149
VIB/BTC,1565380975119,2019-08-09T20:02:55.119Z,buy,1.49e-06,100.0,0.000149
VIB/BTC,1565380976811,2019-08-09T20:02:56.811Z,buy,1.49e-06,100.0,0.000149
VIB/BTC,1565380978576,2019-08-09T20:02:58.576Z,buy,1.49e-06,100.0,0.000149
VIB/BTC,1565380982499,2019-08-09T20:03:02.499Z,buy,1.49e-06,100.0,0.000149
VIB/BTC,1565380993231,2019-08-09T20:03:13.231Z,sell,1.48e-06,1000.0,0.00148
VIB/BTC,1565380995988,2019-08-09T20:03:15.988Z,buy,1.48e-06,604.0,0.00089392
VIB/BTC,1565381002707,2019-08-09T20:03:22.707Z,buy,1.48e-06,8023.0,0.01187404
VIB/BTC,1565381008456,2019-08-09T20:03:28.456Z,buy,1.48e-06,1203.0,0.00178044
VIB/BTC,1565381019593,2019-08-09T20:03:39.593Z,buy,1.48e-06,3571.0,0.00528508
VIB/BTC,1565381023558,2019-08-09T20:03:43.558Z,buy,1.49e-06,705.0,0.0010504499999999
VIB/BTC,1565381028682,2019-08-09T20:03:48.682Z,buy,1.48e-06,1353.0,0.00200244
VIB/BTC,1565381036278,2019-08-09T20:03:56.278Z,buy,1.48e-06,235.0,0.0003478
VIB/BTC,1565381042371,2019-08-09T20:04:02.371Z,buy,1.48e-06,118.0,0.00017464
VIB/BTC,1565381633556,2019-08-09T20:13:53.556Z,sell,1.48e-06,26953.0,0.03989044
VIB/BTC,1565381633874,2019-08-09T20:13:53.874Z,buy,1.48e-06,527.0,0.00077996
VIB/BTC,1565381634689,2019-08-09T20:13:54.689Z,buy,1.48e-06,3647.0,0.00539756
VIB/BTC,1565381637484,2019-08-09T20:13:57.484Z,buy,1.48e-06,92763.0,0.13728924
VIB/BTC,1565381644901,2019-08-09T20:14:04.901Z,buy,1.48e-06,132880.0,0.1966624
VIB/BTC,1565381665527,2019-08-09T20:14:25.527Z,buy,1.49e-06,43671.0,0.06506979
VIB/BTC,1565381714612,2019-08-09T20:15:14.612Z,buy,1.49e-06,88276.0,0.13153124
VIB/BTC,1565381719358,2019-08-09T20:15:19.358Z,buy,1.49e-06,17655.0,0.0263059499999999
VIB/BTC,1565381726575,2019-08-09T20:15:26.575Z,buy,1.49e-06,13241.0,0.0197290899999999
VIB/BTC,1565381733269,2019-08-09T20:15:33.269Z,buy,1.49e-06,14138.0,0.02106562
VIB/BTC,1565381752715,2019-08-09T20:15:52.715Z,buy,1.49e-06,28741.0,0.0428240899999999
VIB/BTC,1565381763572,2019-08-09T20:16:03.572Z,buy,1.5e-06,100.0,0.00015
VIB/BTC,1565381763777,2019-08-09T20:16:03.777Z,sell,1.49e-06,1000.0,0.00149
VIB/BTC,1565381764919,2019-08-09T20:16:04.919Z,buy,1.5e-06,100.0,0.00015
VIB/BTC,1565381767491,2019-08-09T20:16:07.491Z,buy,1.5e-06,100.0,0.00015
VIB/BTC,1565381769309,2019-08-09T20:16:09.309Z,buy,1.5e-06,100.0,0.00015
VIB/BTC,1565381771974,2019-08-09T20:16:11.974Z,buy,1.5e-06,100.0,0.00015
VIB/BTC,1565381773711,2019-08-09T20:16:13.711Z,buy,1.5e-06,100.0,0.00015
VIB/BTC,1565382125845,2019-08-09T20:22:05.845Z,buy,1.5e-06,3333.0,0.0049995
VIB/BTC,1565383438760,2019-08-09T20:43:58.760Z,sell,1.48e-06,849.0,0.00125652
VIB/BTC,1565383438760,2019-08-09T20:43:58.760Z,sell,1.48e-06,849.0,0.00125652
VIB/BTC,1565383678785,2019-08-09T20:47:58.785Z,sell,1.48e-06,941.0,0.00139268
VIB/BTC,1565384395641,2019-08-09T20:59:55.641Z,buy,1.49e-06,4765.0,0.0070998499999999
VIB/BTC,1565384395641,2019-08-09T20:59:55.641Z,buy,1.5e-06,23502.0,0.035253
VIB/BTC,1565384435175,2019-08-09T21:00:35.175Z,buy,1.5e-06,1664.0,0.002496
VIB/BTC,1565384908094,2019-08-09T21:08:28.094Z,sell,1.48e-06,802.0,0.00118696
VIB/BTC,1565385121466,2019-08-09T21:12:01.466Z,sell,1.48e-06,12514.0,0.01852072
VIB/BTC,1565385999690,2019-08-09T21:26:39.690Z,sell,1.47e-06,2322.0,0.00341334
VIB/BTC,1565386037519,2019-08-09T21:27:17.519Z,sell,1.47e-06,554.0,0.00081438
VIB/BTC,1565386037519,2019-08-09T21:27:17.519Z,sell,1.47e-06,554.0,0.00081438
VIB/BTC,1565387127723,2019-08-09T21:45:27.723Z,sell,1.47e-06,10000.0,0.0147
VIB/BTC,1565387131637,2019-08-09T21:45:31.637Z,sell,1.47e-06,1014.0,0.0014905799999999
VIB/BTC,1565387132400,2019-08-09T21:45:32.400Z,sell,1.47e-06,2400.0,0.003528
VIB/BTC,1565387134074,2019-08-09T21:45:34.074Z,sell,1.46e-06,310.0,0.0004526
VIB/BTC,1565387156239,2019-08-09T21:45:56.239Z,sell,1.47e-06,10647.0,0.01565109
VIB/BTC,1565387458728,2019-08-09T21:50:58.728Z,buy,1.47e-06,211.0,0.0003101699999999
VIB/BTC,1565387840254,2019-08-09T21:57:20.254Z,sell,1.47e-06,1453.0,0.00213591
VIB/BTC,1565388442635,2019-08-09T22:07:22.635Z,buy,1.48e-06,484.0,0.00071632
VIB/BTC,1565388442635,2019-08-09T22:07:22.635Z,buy,1.48e-06,484.0,0.00071632
VIB/BTC,1565389703358,2019-08-09T22:28:23.358Z,sell,1.47e-06,10544.0,0.0154996799999999
VIB/BTC,1565389703381,2019-08-09T22:28:23.381Z,sell,1.47e-06,251.0,0.00036897
VIB/BTC,1565390128448,2019-08-09T22:35:28.448Z,sell,1.47e-06,2032.0,0.00298704
VIB/BTC,1565390128448,2019-08-09T22:35:28.448Z,sell,1.47e-06,2032.0,0.00298704
VIB/BTC,1565393064453,2019-08-09T23:24:24.453Z,buy,1.48e-06,1153.0,0.00170644
VIB/BTC,1565393064453,2019-08-09T23:24:24.453Z,buy,1.48e-06,1153.0,0.00170644
VIB/BTC,1565395217237,2019-08-10T00:00:17.237Z,buy,1.48e-06,2084.0,0.00308432
VIB/BTC,1565395217843,2019-08-10T00:00:17.843Z,sell,1.48e-06,18186.0,0.02691528
VIB/BTC,1565395559903,2019-08-10T00:05:59.903Z,buy,1.48e-06,2249.0,0.00332852
VIB/BTC,1565395560012,2019-08-10T00:06:00.012Z,buy,1.48e-06,1731.0,0.00256188
VIB/BTC,1565395562769,2019-08-10T00:06:02.769Z,buy,1.48e-06,9992.0,0.01478816
VIB/BTC,1565395613901,2019-08-10T00:06:53.901Z,sell,1.47e-06,150.0,0.0002205
VIB/BTC,1565395618235,2019-08-10T00:06:58.235Z,buy,1.48e-06,581.0,0.00085988
VIB/BTC,1565395708260,2019-08-10T00:08:28.260Z,sell,1.47e-06,1552.0,0.00228144
VIB/BTC,1565396165452,2019-08-10T00:16:05.452Z,buy,1.48e-06,122.0,0.00018056
VIB/BTC,1565396176012,2019-08-10T00:16:16.012Z,buy,1.48e-06,150.0,0.000222
VIB/BTC,1565396321403,2019-08-10T00:18:41.403Z,buy,1.48e-06,2257.0,0.00334036
VIB/BTC,1565396334764,2019-08-10T00:18:54.764Z,buy,1.48e-06,6390.0,0.0094572
VIB/BTC,1565396526972,2019-08-10T00:22:06.972Z,buy,1.48e-06,124.0,0.00018352
VIB/BTC,1565396552028,2019-08-10T00:22:32.028Z,sell,1.47e-06,150.0,0.0002205
VIB/BTC,1565396552028,2019-08-10T00:22:32.028Z,sell,1.47e-06,150.0,0.0002205
VIB/BTC,1565397256916,2019-08-10T00:34:16.916Z,buy,1.48e-06,1268.0,0.00187664
VIB/BTC,1565397257509,2019-08-10T00:34:17.509Z,buy,1.48e-06,527.0,0.00077996
VIB/BTC,1565398057526,2019-08-10T00:47:37.526Z,buy,1.48e-06,673.0,0.00099604
VIB/BTC,1565398060294,2019-08-10T00:47:40.294Z,sell,1.47e-06,150.0,0.0002205
VIB/BTC,1565399115171,2019-08-10T01:05:15.171Z,buy,1.48e-06,5581.0,0.00825988
VIB/BTC,1565399980383,2019-08-10T01:19:40.383Z,buy,1.48e-06,81.0,0.00011988
VIB/BTC,1565399980383,2019-08-10T01:19:40.383Z,buy,1.48e-06,81.0,0.00011988
VIB/BTC,1565400840912,2019-08-10T01:34:00.912Z,sell,1.47e-06,10000.0,0.0147
VIB/BTC,1565402645391,2019-08-10T02:04:05.391Z,sell,1.47e-06,7911.0,0.01162917
VIB/BTC,1565402756377,2019-08-10T02:05:56.377Z,buy,1.48e-06,12714.0,0.01881672
VIB/BTC,1565402760734,2019-08-10T02:06:00.734Z,buy,1.49e-06,2112.0,0.00314688
VIB/BTC,1565402884259,2019-08-10T02:08:04.259Z,buy,1.5e-06,690.0,0.001035
VIB/BTC,1565402927105,2019-08-10T02:08:47.105Z,buy,1.5e-06,467.0,0.0007005
VIB/BTC,1565402968374,2019-08-10T02:09:28.374Z,sell,1.49e-06,596.0,0.00088804
VIB/BTC,1565403009651,2019-08-10T02:10:09.651Z,sell,1.49e-06,12701.0,0.01892449
VIB/BTC,1565403009651,2019-08-10T02:10:09.651Z,sell,1.49e-06,12701.0,0.01892449
VIB/BTC,1565403972621,2019-08-10T02:26:12.621Z,sell,1.49e-06,72.0,0.0001072799999999
VIB/BTC,1565404553795,2019-08-10T02:35:53.795Z,sell,1.49e-06,11484.0,0.01711116
VIB/BTC,1565405707295,2019-08-10T02:55:07.295Z,buy,1.5e-06,10786.0,0.016179
VIB/BTC,1565405837855,2019-08-10T02:57:17.855Z,sell,1.49e-06,68.0,0.00010132
VIB/BTC,1565405911858,2019-08-10T02:58:31.858Z,sell,1.49e-06,16.0,2.384e-05
VIB/BTC,1565406023395,2019-08-10T03:00:23.395Z,sell,1.48e-06,187.0,0.00027676
VIB/BTC,1565406044629,2019-08-10T03:00:44.629Z,buy,1.49e-06,84.0,0.00012516
VIB/BTC,1565406044629,2019-08-10T03:00:44.629Z,buy,1.5e-06,33162.0,0.049743
VIB/BTC,1565406044629,2019-08-10T03:00:44.629Z,buy,1.51e-06,214138.0,0.32334838
VIB/BTC,1565406044629,2019-08-10T03:00:44.629Z,buy,1.52e-06,1082.0,0.00164464
VIB/BTC,1565406044629,2019-08-10T03:00:44.629Z,buy,1.53e-06,12971.0,0.01984563
VIB/BTC,1565406045875,2019-08-10T03:00:45.875Z,buy,1.52e-06,10471.0,0.01591592
VIB/BTC,1565406045875,2019-08-10T03:00:45.875Z,buy,1.53e-06,1029.0,0.00157437
VIB/BTC,1565406046868,2019-08-10T03:00:46.868Z,sell,1.49e-06,430.0,0.0006407
VIB/BTC,1565406048087,2019-08-10T03:00:48.087Z,buy,1.52e-06,713.0,0.00108376
VIB/BTC,1565406074000,2019-08-10T03:01:14.000Z,buy,1.52e-06,84.0,0.00012768
VIB/BTC,1565406075829,2019-08-10T03:01:15.829Z,sell,1.51e-06,71.0,0.00010721
VIB/BTC,1565406076708,2019-08-10T03:01:16.708Z,sell,1.51e-06,13.0,1.963e-05
VIB/BTC,1565406078586,2019-08-10T03:01:18.586Z,sell,1.5e-06,84.0,0.000126
VIB/BTC,1565406078586,2019-08-10T03:01:18.586Z,sell,1.49e-06,1454.0,0.00216646
VIB/BTC,1565406078586,2019-08-10T03:01:18.586Z,sell,1.48e-06,1340.0,0.0019832
VIB/BTC,1565406105434,2019-08-10T03:01:45.434Z,sell,1.49e-06,10659.0,0.01588191
VIB/BTC,1565406254410,2019-08-10T03:04:14.410Z,sell,1.49e-06,72.0,0.0001072799999999
VIB/BTC,1565406254410,2019-08-10T03:04:14.410Z,sell,1.49e-06,72.0,0.0001072799999999
VIB/BTC,1565406976622,2019-08-10T03:16:16.622Z,buy,1.5e-06,2265.0,0.0033975
VIB/BTC,1565407740814,2019-08-10T03:29:00.814Z,buy,1.5e-06,11163.0,0.0167445
VIB/BTC,1565407742040,2019-08-10T03:29:02.040Z,buy,1.51e-06,945.0,0.00142695
VIB/BTC,1565407742122,2019-08-10T03:29:02.122Z,sell,1.51e-06,1736.0,0.00262136
VIB/BTC,1565407742141,2019-08-10T03:29:02.141Z,sell,1.51e-06,19.0,2.869e-05
VIB/BTC,1565407762384,2019-08-10T03:29:22.384Z,sell,1.5e-06,1100.0,0.00165
VIB/BTC,1565409056187,2019-08-10T03:50:56.187Z,buy,1.52e-06,700.0,0.001064
VIB/BTC,1565409060825,2019-08-10T03:51:00.825Z,buy,1.52e-06,700.0,0.001064
VIB/BTC,1565409069138,2019-08-10T03:51:09.138Z,buy,1.52e-06,700.0,0.001064
VIB/BTC,1565409083469,2019-08-10T03:51:23.469Z,buy,1.52e-06,700.0,0.001064
VIB/BTC,1565409092753,2019-08-10T03:51:32.753Z,buy,1.52e-06,700.0,0.001064
VIB/BTC,1565409092753,2019-08-10T03:51:32.753Z,buy,1.52e-06,700.0,0.001064
VIB/BTC,1565409855960,2019-08-10T04:04:15.960Z,sell,1.51e-06,84.0,0.00012684
VIB/BTC,1565410698684,2019-08-10T04:18:18.684Z,buy,1.51e-06,6993.0,0.01055943
VIB/BTC,1565410703857,2019-08-10T04:18:23.857Z,buy,1.52e-06,84.0,0.00012768
VIB/BTC,1565410704089,2019-08-10T04:18:24.089Z,sell,1.52e-06,2598.0,0.00394896
VIB/BTC,1565411489847,2019-08-10T04:31:29.847Z,sell,1.51e-06,1340.0,0.0020234
VIB/BTC,1565411589761,2019-08-10T04:33:09.761Z,buy,1.52e-06,100.0,0.000152
VIB/BTC,1565411934382,2019-08-10T04:38:54.382Z,buy,1.52e-06,168.0,0.00025536
VIB/BTC,1565411934382,2019-08-10T04:38:54.382Z,buy,1.53e-06,3138.0,0.00480114
VIB/BTC,1565412142217,2019-08-10T04:42:22.217Z,sell,1.52e-06,69.0,0.00010488
VIB/BTC,1565412143069,2019-08-10T04:42:23.069Z,sell,1.52e-06,73.0,0.00011096
VIB/BTC,1565412267670,2019-08-10T04:44:27.670Z,sell,1.51e-06,467.0,0.00070517
VIB/BTC,1565412267670,2019-08-10T04:44:27.670Z,sell,1.51e-06,467.0,0.00070517
VIB/BTC,1565413357713,2019-08-10T05:02:37.713Z,sell,1.52e-06,100.0,0.000152
VIB/BTC,1565413358642,2019-08-10T05:02:38.642Z,sell,1.51e-06,113.0,0.0001706299999999
VIB/BTC,1565413725156,2019-08-10T05:08:45.156Z,sell,1.52e-06,1132.0,0.00172064
VIB/BTC,1565414661913,2019-08-10T05:24:21.913Z,buy,1.52e-06,7105.0,0.0107996
VIB/BTC,1565414663474,2019-08-10T05:24:23.474Z,sell,1.52e-06,3295.0,0.0050084
VIB/BTC,1565414665480,2019-08-10T05:24:25.480Z,sell,1.52e-06,5309.0,0.00806968
VIB/BTC,1565414666769,2019-08-10T05:24:26.769Z,buy,1.53e-06,7008.0,0.01072224
VIB/BTC,1565415254695,2019-08-10T05:34:14.695Z,sell,1.52e-06,83.0,0.00012616
VIB/BTC,1565415254695,2019-08-10T05:34:14.695Z,sell,1.52e-06,83.0,0.00012616
VIB/BTC,1565417072854,2019-08-10T06:04:32.854Z,sell,1.52e-06,1132.0,0.00172064
VIB/BTC,1565417541420,2019-08-10T06:12:21.420Z,buy,1.53e-06,6578.0,0.01006434
VIB/BTC,1565418244946,2019-08-10T06:24:04.946Z,sell,1.52e-06,4513.0,0.00685976
VIB/BTC,1565418293543,2019-08-10T06:24:53.543Z,buy,1.53e-06,2676.0,0.00409428
VIB/BTC,1565418293543,2019-08-10T06:24:53.543Z,buy,1.54e-06,4714.0,0.00725956
VIB/BTC,1565418293543,2019-08-10T06:24:53.543Z,buy,1.55e-06,6436.0,0.0099758
VIB/BTC,1565418293543,2019-08-10T06:24:53.543Z,buy,1.56e-06,11627.0,0.01813812
VIB/BTC,1565418293543,2019-08-10T06:24:53.543Z,buy,1.57e-06,3209.0,0.00503813
VIB/BTC,1565418293775,2019-08-10T06:24:53.775Z,sell,1.53e-06,5998.0,0.00917694
VIB/BTC,1565418293813,2019-08-10T06:24:53.813Z,sell,1.53e-06,1199.0,0.00183447
VIB/BTC,1565418293822,2019-08-10T06:24:53.822Z,sell,1.53e-06,151.0,0.00023103
VIB/BTC,1565418294148,2019-08-10T06:24:54.148Z,buy,1.53e-06,745.0,0.00113985
VIB/BTC,1565418294832,2019-08-10T06:24:54.832Z,buy,1.53e-06,251.0,0.00038403
VIB/BTC,1565418295812,2019-08-10T06:24:55.812Z,buy,1.53e-06,2661.0,0.00407133
VIB/BTC,1565418299540,2019-08-10T06:24:59.540Z,buy,1.53e-06,84.0,0.00012852
VIB/BTC,1565418300608,2019-08-10T06:25:00.608Z,buy,1.53e-06,84.0,0.00012852
VIB/BTC,1565418301677,2019-08-10T06:25:01.677Z,buy,1.53e-06,84.0,0.00012852
VIB/BTC,1565418302959,2019-08-10T06:25:02.959Z,buy,1.53e-06,84.0,0.00012852
VIB/BTC,1565418302959,2019-08-10T06:25:02.959Z,buy,1.53e-06,84.0,0.00012852
VIB/BTC,1565418938947,2019-08-10T06:35:38.947Z,buy,1.53e-06,1098.0,0.00167994
VIB/BTC,1565419469241,2019-08-10T06:44:29.241Z,sell,1.52e-06,1018.0,0.00154736
VIB/BTC,1565419469429,2019-08-10T06:44:29.429Z,sell,1.52e-06,160.0,0.0002432
VIB/BTC,1565419469614,2019-08-10T06:44:29.614Z,sell,1.52e-06,160.0,0.0002432
VIB/BTC,1565419469800,2019-08-10T06:44:29.800Z,sell,1.52e-06,160.0,0.0002432
VIB/BTC,1565419469993,2019-08-10T06:44:29.993Z,sell,1.52e-06,160.0,0.0002432
VIB/BTC,1565419470180,2019-08-10T06:44:30.180Z,sell,1.52e-06,160.0,0.0002432
VIB/BTC,1565419470366,2019-08-10T06:44:30.366Z,sell,1.52e-06,160.0,0.0002432
VIB/BTC,1565419470554,2019-08-10T06:44:30.554Z,sell,1.52e-06,160.0,0.0002432
VIB/BTC,1565419470742,2019-08-10T06:44:30.742Z,sell,1.52e-06,160.0,0.0002432
VIB/BTC,1565419470927,2019-08-10T06:44:30.927Z,sell,1.52e-06,160.0,0.0002432
VIB/BTC,1565419471158,2019-08-10T06:44:31.158Z,sell,1.52e-06,160.0,0.0002432
VIB/BTC,1565419471336,2019-08-10T06:44:31.336Z,sell,1.52e-06,160.0,0.0002432
VIB/BTC,1565419471525,2019-08-10T06:44:31.525Z,sell,1.52e-06,160.0,0.0002432
VIB/BTC,1565419471713,2019-08-10T06:44:31.713Z,sell,1.52e-06,160.0,0.0002432
VIB/BTC,1565419471894,2019-08-10T06:44:31.894Z,sell,1.52e-06,160.0,0.0002432
VIB/BTC,1565419472086,2019-08-10T06:44:32.086Z,sell,1.52e-06,160.0,0.0002432
VIB/BTC,1565419472275,2019-08-10T06:44:32.275Z,sell,1.52e-06,160.0,0.0002432
VIB/BTC,1565419472457,2019-08-10T06:44:32.457Z,sell,1.52e-06,160.0,0.0002432
VIB/BTC,1565419472651,2019-08-10T06:44:32.651Z,sell,1.52e-06,160.0,0.0002432
VIB/BTC,1565419472836,2019-08-10T06:44:32.836Z,sell,1.52e-06,160.0,0.0002432
VIB/BTC,1565419473024,2019-08-10T06:44:33.024Z,sell,1.52e-06,160.0,0.0002432
VIB/BTC,1565419473207,2019-08-10T06:44:33.207Z,sell,1.52e-06,160.0,0.0002432
VIB/BTC,1565419473393,2019-08-10T06:44:33.393Z,sell,1.52e-06,160.0,0.0002432
VIB/BTC,1565419473588,2019-08-10T06:44:33.588Z,sell,1.52e-06,160.0,0.0002432
VIB/BTC,1565419473774,2019-08-10T06:44:33.774Z,sell,1.52e-06,160.0,0.0002432
VIB/BTC,1565419473957,2019-08-10T06:44:33.957Z,sell,1.52e-06,160.0,0.0002432
VIB/BTC,1565419474145,2019-08-10T06:44:34.145Z,sell,1.52e-06,160.0,0.0002432
VIB/BTC,1565419474330,2019-08-10T06:44:34.330Z,sell,1.52e-06,160.0,0.0002432
VIB/BTC,1565419474529,2019-08-10T06:44:34.529Z,sell,1.52e-06,160.0,0.0002432
VIB/BTC,1565419474712,2019-08-10T06:44:34.712Z,sell,1.52e-06,160.0,0.0002432
VIB/BTC,1565419474893,2019-08-10T06:44:34.893Z,sell,1.52e-06,160.0,0.0002432
VIB/BTC,1565419475088,2019-08-10T06:44:35.088Z,sell,1.52e-06,160.0,0.0002432
VIB/BTC,1565419475274,2019-08-10T06:44:35.274Z,sell,1.52e-06,160.0,0.0002432
VIB/BTC,1565419475457,2019-08-10T06:44:35.457Z,sell,1.52e-06,160.0,0.0002432
VIB/BTC,1565419475645,2019-08-10T06:44:35.645Z,sell,1.52e-06,160.0,0.0002432
VIB/BTC,1565419475831,2019-08-10T06:44:35.831Z,sell,1.52e-06,160.0,0.0002432
VIB/BTC,1565419476032,2019-08-10T06:44:36.032Z,sell,1.52e-06,160.0,0.0002432
VIB/BTC,1565419476304,2019-08-10T06:44:36.304Z,sell,1.52e-06,160.0,0.0002432
VIB/BTC,1565419476489,2019-08-10T06:44:36.489Z,sell,1.52e-06,160.0,0.0002432
VIB/BTC,1565419476676,2019-08-10T06:44:36.676Z,sell,1.52e-06,160.0,0.0002432
VIB/BTC,1565419476867,2019-08-10T06:44:36.867Z,sell,1.52e-06,160.0,0.0002432
VIB/BTC,1565419477051,2019-08-10T06:44:37.051Z,sell,1.52e-06,160.0,0.0002432
VIB/BTC,1565419477245,2019-08-10T06:44:37.245Z,sell,1.52e-06,160.0,0.0002432
VIB/BTC,1565419477426,2019-08-10T06:44:37.426Z,sell,1.52e-06,160.0,0.0002432
VIB/BTC,1565419477739,2019-08-10T06:44:37.739Z,sell,1.52e-06,160.0,0.0002432
VIB/BTC,1565419477931,2019-08-10T06:44:37.931Z,sell,1.52e-06,160.0,0.0002432
VIB/BTC,1565419478114,2019-08-10T06:44:38.114Z,sell,1.52e-06,160.0,0.0002432
VIB/BTC,1565419478302,2019-08-10T06:44:38.302Z,sell,1.52e-06,160.0,0.0002432
VIB/BTC,1565419478498,2019-08-10T06:44:38.498Z,sell,1.52e-06,160.0,0.0002432
VIB/BTC,1565419478678,2019-08-10T06:44:38.678Z,sell,1.52e-06,160.0,0.0002432
VIB/BTC,1565419478864,2019-08-10T06:44:38.864Z,sell,1.52e-06,160.0,0.0002432
VIB/BTC,1565419479056,2019-08-10T06:44:39.056Z,sell,1.52e-06,160.0,0.0002432
VIB/BTC,1565419479326,2019-08-10T06:44:39.326Z,sell,1.52e-06,160.0,0.0002432
VIB/BTC,1565419479513,2019-08-10T06:44:39.513Z,sell,1.52e-06,160.0,0.0002432
VIB/BTC,1565419479699,2019-08-10T06:44:39.699Z,sell,1.52e-06,160.0,0.0002432
VIB/BTC,1565419479892,2019-08-10T06:44:39.892Z,sell,1.52e-06,160.0,0.0002432
VIB/BTC,1565419480076,2019-08-10T06:44:40.076Z,sell,1.52e-06,160.0,0.0002432
VIB/BTC,1565419480260,2019-08-10T06:44:40.260Z,sell,1.52e-06,160.0,0.0002432
VIB/BTC,1565419480448,2019-08-10T06:44:40.448Z,sell,1.52e-06,160.0,0.0002432
VIB/BTC,1565419480639,2019-08-10T06:44:40.639Z,sell,1.52e-06,160.0,0.0002432
VIB/BTC,1565419480829,2019-08-10T06:44:40.829Z,sell,1.52e-06,160.0,0.0002432
VIB/BTC,1565419481010,2019-08-10T06:44:41.010Z,sell,1.52e-06,160.0,0.0002432
VIB/BTC,1565419481201,2019-08-10T06:44:41.201Z,sell,1.52e-06,160.0,0.0002432
VIB/BTC,1565419481384,2019-08-10T06:44:41.384Z,sell,1.52e-06,160.0,0.0002432
VIB/BTC,1565419481574,2019-08-10T06:44:41.574Z,sell,1.52e-06,160.0,0.0002432
VIB/BTC,1565419481766,2019-08-10T06:44:41.766Z,sell,1.52e-06,160.0,0.0002432
VIB/BTC,1565419481949,2019-08-10T06:44:41.949Z,sell,1.52e-06,160.0,0.0002432
VIB/BTC,1565419482140,2019-08-10T06:44:42.140Z,sell,1.52e-06,160.0,0.0002432
VIB/BTC,1565419482342,2019-08-10T06:44:42.342Z,sell,1.52e-06,160.0,0.0002432
VIB/BTC,1565419482529,2019-08-10T06:44:42.529Z,sell,1.52e-06,160.0,0.0002432
VIB/BTC,1565419482713,2019-08-10T06:44:42.713Z,sell,1.52e-06,160.0,0.0002432
VIB/BTC,1565419482901,2019-08-10T06:44:42.901Z,sell,1.52e-06,160.0,0.0002432
VIB/BTC,1565419483093,2019-08-10T06:44:43.093Z,sell,1.52e-06,160.0,0.0002432
VIB/BTC,1565419483275,2019-08-10T06:44:43.275Z,sell,1.52e-06,160.0,0.0002432
VIB/BTC,1565419483464,2019-08-10T06:44:43.464Z,sell,1.52e-06,160.0,0.0002432
VIB/BTC,1565419661541,2019-08-10T06:47:41.541Z,buy,1.53e-06,3338.0,0.00510714
VIB/BTC,1565420065469,2019-08-10T06:54:25.469Z,buy,1.53e-06,57351.0,0.08774703
VIB/BTC,1565420071707,2019-08-10T06:54:31.707Z,sell,1.52e-06,8557.0,0.01300664
VIB/BTC,1565420073100,2019-08-10T06:54:33.100Z,buy,1.53e-06,212216.0,0.32469048
VIB/BTC,1565420079739,2019-08-10T06:54:39.739Z,sell,1.53e-06,2664.0,0.00407592
VIB/BTC,1565420079966,2019-08-10T06:54:39.966Z,buy,1.53e-06,14350.0,0.0219555
VIB/BTC,1565420080193,2019-08-10T06:54:40.193Z,buy,1.53e-06,14350.0,0.0219555
VIB/BTC,1565420080234,2019-08-10T06:54:40.234Z,buy,1.53e-06,886.0,0.00135558
VIB/BTC,1565420080294,2019-08-10T06:54:40.294Z,buy,1.53e-06,14350.0,0.0219555
VIB/BTC,1565420081323,2019-08-10T06:54:41.323Z,buy,1.53e-06,395.0,0.00060435
VIB/BTC,1565420082102,2019-08-10T06:54:42.102Z,sell,1.52e-06,14348.0,0.02180896
VIB/BTC,1565420082535,2019-08-10T06:54:42.535Z,buy,1.53e-06,59508.0,0.09104724
VIB/BTC,1565420094914,2019-08-10T06:54:54.914Z,buy,1.54e-06,20972.0,0.03229688
VIB/BTC,1565420094978,2019-08-10T06:54:54.978Z,sell,1.54e-06,2664.0,0.00410256
VIB/BTC,1565420123051,2019-08-10T06:55:23.051Z,buy,1.54e-06,1000.0,0.00154
VIB/BTC,1565420151517,2019-08-10T06:55:51.517Z,buy,1.54e-06,190580.0,0.2934932
VIB/BTC,1565420152499,2019-08-10T06:55:52.499Z,sell,1.54e-06,798.0,0.00122892
VIB/BTC,1565420152606,2019-08-10T06:55:52.606Z,sell,1.54e-06,487.0,0.00074998
VIB/BTC,1565420152704,2019-08-10T06:55:52.704Z,sell,1.54e-06,1362.0,0.00209748
VIB/BTC,1565420164755,2019-08-10T06:56:04.755Z,buy,1.54e-06,97937.0,0.15082298
VIB/BTC,1565420180411,2019-08-10T06:56:20.411Z,buy,1.54e-06,48307.0,0.07439278
VIB/BTC,1565420638113,2019-08-10T07:03:58.113Z,sell,1.53e-06,3731.0,0.00570843
VIB/BTC,1565420641825,2019-08-10T07:04:01.825Z,buy,1.53e-06,95530.0,0.1461609
VIB/BTC,1565420648112,2019-08-10T07:04:08.112Z,buy,1.53e-06,144857.0,0.22163121
VIB/BTC,1565420653334,2019-08-10T07:04:13.334Z,buy,1.53e-06,195522.0,0.29914866
VIB/BTC,1565420660761,2019-08-10T07:04:20.761Z,buy,1.53e-06,48881.0,0.07478793
VIB/BTC,1565420666956,2019-08-10T07:04:26.956Z,sell,1.53e-06,2288.0,0.0035006399999999
VIB/BTC,1565420670205,2019-08-10T07:04:30.205Z,buy,1.53e-06,95473.0,0.14607369
VIB/BTC,1565420682197,2019-08-10T07:04:42.197Z,sell,1.53e-06,69626.0,0.10652778
VIB/BTC,1565420689998,2019-08-10T07:04:49.998Z,sell,1.53e-06,135286.0,0.20698758
VIB/BTC,1565420697210,2019-08-10T07:04:57.210Z,sell,1.53e-06,27057.0,0.04139721
VIB/BTC,1565420705927,2019-08-10T07:05:05.927Z,sell,1.53e-06,20292.0,0.03104676
VIB/BTC,1565420725081,2019-08-10T07:05:25.081Z,buy,1.53e-06,100.0,0.000153
VIB/BTC,1565420726303,2019-08-10T07:05:26.303Z,buy,1.53e-06,100.0,0.000153
VIB/BTC,1565420727617,2019-08-10T07:05:27.617Z,buy,1.53e-06,100.0,0.000153
VIB/BTC,1565420728912,2019-08-10T07:05:28.912Z,buy,1.53e-06,100.0,0.000153
VIB/BTC,1565420730225,2019-08-10T07:05:30.225Z,buy,1.53e-06,100.0,0.000153
VIB/BTC,1565420731483,2019-08-10T07:05:31.483Z,buy,1.53e-06,100.0,0.000153
VIB/BTC,1565420732669,2019-08-10T07:05:32.669Z,buy,1.53e-06,100.0,0.000153
VIB/BTC,1565420733812,2019-08-10T07:05:33.812Z,buy,1.53e-06,100.0,0.000153
VIB/BTC,1565420734985,2019-08-10T07:05:34.985Z,buy,1.53e-06,100.0,0.000153
VIB/BTC,1565420736161,2019-08-10T07:05:36.161Z,buy,1.53e-06,100.0,0.000153
VIB/BTC,1565420737854,2019-08-10T07:05:37.854Z,buy,1.53e-06,100.0,0.000153
VIB/BTC,1565420739959,2019-08-10T07:05:39.959Z,buy,1.53e-06,100.0,0.000153
VIB/BTC,1565420741596,2019-08-10T07:05:41.596Z,buy,1.53e-06,100.0,0.000153
VIB/BTC,1565420742894,2019-08-10T07:05:42.894Z,buy,1.53e-06,100.0,0.000153
VIB/BTC,1565420744109,2019-08-10T07:05:44.109Z,buy,1.53e-06,100.0,0.000153
VIB/BTC,1565420745582,2019-08-10T07:05:45.582Z,buy,1.53e-06,100.0,0.000153
VIB/BTC,1565420746805,2019-08-10T07:05:46.805Z,buy,1.53e-06,100.0,0.000153
VIB/BTC,1565420748675,2019-08-10T07:05:48.675Z,buy,1.53e-06,100.0,0.000153
VIB/BTC,1565420749994,2019-08-10T07:05:49.994Z,buy,1.53e-06,100.0,0.000153
VIB/BTC,1565420751451,2019-08-10T07:05:51.451Z,buy,1.53e-06,100.0,0.000153
VIB/BTC,1565420752971,2019-08-10T07:05:52.971Z,buy,1.53e-06,100.0,0.000153
VIB/BTC,1565420755061,2019-08-10T07:05:55.061Z,buy,1.53e-06,100.0,0.000153
VIB/BTC,1565420756350,2019-08-10T07:05:56.350Z,buy,1.53e-06,100.0,0.000153
VIB/BTC,1565420760978,2019-08-10T07:06:00.978Z,buy,1.53e-06,100.0,0.000153
VIB/BTC,1565420762338,2019-08-10T07:06:02.338Z,buy,1.53e-06,100.0,0.000153
VIB/BTC,1565420763797,2019-08-10T07:06:03.797Z,buy,1.53e-06,100.0,0.000153
VIB/BTC,1565420765043,2019-08-10T07:06:05.043Z,buy,1.53e-06,100.0,0.000153
VIB/BTC,1565420766677,2019-08-10T07:06:06.677Z,buy,1.53e-06,100.0,0.000153
VIB/BTC,1565420767995,2019-08-10T07:06:07.995Z,buy,1.53e-06,100.0,0.000153
VIB/BTC,1565420769322,2019-08-10T07:06:09.322Z,buy,1.53e-06,100.0,0.000153
VIB/BTC,1565420771178,2019-08-10T07:06:11.178Z,buy,1.53e-06,100.0,0.000153
VIB/BTC,1565420772406,2019-08-10T07:06:12.406Z,buy,1.53e-06,100.0,0.000153
VIB/BTC,1565420774098,2019-08-10T07:06:14.098Z,buy,1.53e-06,100.0,0.000153
VIB/BTC,1565420775405,2019-08-10T07:06:15.405Z,buy,1.53e-06,100.0,0.000153
VIB/BTC,1565420776712,2019-08-10T07:06:16.712Z,buy,1.53e-06,100.0,0.000153
VIB/BTC,1565420778662,2019-08-10T07:06:18.662Z,buy,1.53e-06,100.0,0.000153
VIB/BTC,1565420780616,2019-08-10T07:06:20.616Z,buy,1.53e-06,100.0,0.000153
VIB/BTC,1565420782547,2019-08-10T07:06:22.547Z,buy,1.53e-06,100.0,0.000153
VIB/BTC,1565420784541,2019-08-10T07:06:24.541Z,buy,1.53e-06,100.0,0.000153
VIB/BTC,1565420786407,2019-08-10T07:06:26.407Z,buy,1.53e-06,100.0,0.000153
VIB/BTC,1565420788027,2019-08-10T07:06:28.027Z,buy,1.53e-06,100.0,0.000153
VIB/BTC,1565420789364,2019-08-10T07:06:29.364Z,buy,1.53e-06,100.0,0.000153
VIB/BTC,1565420790599,2019-08-10T07:06:30.599Z,buy,1.53e-06,100.0,0.000153
VIB/BTC,1565420791936,2019-08-10T07:06:31.936Z,buy,1.53e-06,100.0,0.000153
VIB/BTC,1565420793394,2019-08-10T07:06:33.394Z,buy,1.53e-06,100.0,0.000153
VIB/BTC,1565420794980,2019-08-10T07:06:34.980Z,buy,1.53e-06,100.0,0.000153
VIB/BTC,1565420796212,2019-08-10T07:06:36.212Z,buy,1.53e-06,100.0,0.000153
VIB/BTC,1565420797691,2019-08-10T07:06:37.691Z,buy,1.53e-06,100.0,0.000153
VIB/BTC,1565420799453,2019-08-10T07:06:39.453Z,buy,1.53e-06,100.0,0.000153
VIB/BTC,1565420800821,2019-08-10T07:06:40.821Z,buy,1.53e-06,100.0,0.000153
VIB/BTC,1565420802171,2019-08-10T07:06:42.171Z,buy,1.53e-06,100.0,0.000153
VIB/BTC,1565420803878,2019-08-10T07:06:43.878Z,buy,1.53e-06,100.0,0.000153
VIB/BTC,1565420805455,2019-08-10T07:06:45.455Z,buy,1.53e-06,100.0,0.000153
VIB/BTC,1565420806858,2019-08-10T07:06:46.858Z,buy,1.53e-06,100.0,0.000153
VIB/BTC,1565420808075,2019-08-10T07:06:48.075Z,buy,1.53e-06,100.0,0.000153
VIB/BTC,1565420809306,2019-08-10T07:06:49.306Z,buy,1.53e-06,100.0,0.000153
VIB/BTC,1565420810588,2019-08-10T07:06:50.588Z,buy,1.53e-06,100.0,0.000153
VIB/BTC,1565420811830,2019-08-10T07:06:51.830Z,buy,1.53e-06,100.0,0.000153
VIB/BTC,1565420813105,2019-08-10T07:06:53.105Z,buy,1.53e-06,100.0,0.000153
VIB/BTC,1565420814445,2019-08-10T07:06:54.445Z,buy,1.53e-06,100.0,0.000153
VIB/BTC,1565420815594,2019-08-10T07:06:55.594Z,buy,1.53e-06,100.0,0.000153
VIB/BTC,1565420817080,2019-08-10T07:06:57.080Z,buy,1.53e-06,100.0,0.000153
VIB/BTC,1565420818248,2019-08-10T07:06:58.248Z,buy,1.53e-06,100.0,0.000153
VIB/BTC,1565420820172,2019-08-10T07:07:00.172Z,buy,1.53e-06,100.0,0.000153
VIB/BTC,1565420821395,2019-08-10T07:07:01.395Z,buy,1.53e-06,100.0,0.000153
VIB/BTC,1565420822660,2019-08-10T07:07:02.660Z,buy,1.53e-06,100.0,0.000153
VIB/BTC,1565420823912,2019-08-10T07:07:03.912Z,buy,1.53e-06,100.0,0.000153
VIB/BTC,1565420825443,2019-08-10T07:07:05.443Z,buy,1.53e-06,100.0,0.000153
VIB/BTC,1565420826672,2019-08-10T07:07:06.672Z,buy,1.53e-06,100.0,0.000153
VIB/BTC,1565420827972,2019-08-10T07:07:07.972Z,buy,1.53e-06,100.0,0.000153
VIB/BTC,1565420829332,2019-08-10T07:07:09.332Z,buy,1.53e-06,100.0,0.000153
VIB/BTC,1565420830529,2019-08-10T07:07:10.529Z,buy,1.53e-06,100.0,0.000153
VIB/BTC,1565420833997,2019-08-10T07:07:13.997Z,buy,1.53e-06,500.0,0.000765
VIB/BTC,1565420835519,2019-08-10T07:07:15.519Z,buy,1.53e-06,500.0,0.000765
VIB/BTC,1565420837052,2019-08-10T07:07:17.052Z,buy,1.53e-06,500.0,0.000765
VIB/BTC,1565420838821,2019-08-10T07:07:18.821Z,buy,1.53e-06,500.0,0.000765
VIB/BTC,1565420840328,2019-08-10T07:07:20.328Z,buy,1.53e-06,500.0,0.000765
VIB/BTC,1565420841548,2019-08-10T07:07:21.548Z,buy,1.53e-06,300.0,0.000459
VIB/BTC,1565420868294,2019-08-10T07:07:48.294Z,sell,1.53e-06,200.0,0.000306
VIB/BTC,1565420874675,2019-08-10T07:07:54.675Z,buy,1.53e-06,6764.0,0.01034892
VIB/BTC,1565420877227,2019-08-10T07:07:57.227Z,buy,1.53e-06,2029.0,0.00310437
VIB/BTC,1565420883944,2019-08-10T07:08:03.944Z,buy,1.53e-06,738.0,0.00112914
VIB/BTC,1565420886564,2019-08-10T07:08:06.564Z,buy,1.53e-06,883.0,0.00135099
VIB/BTC,1565420895906,2019-08-10T07:08:15.906Z,buy,1.53e-06,1458.0,0.00223074
VIB/BTC,1565420901184,2019-08-10T07:08:21.184Z,buy,1.53e-06,1945.0,0.00297585
VIB/BTC,1565420907913,2019-08-10T07:08:27.913Z,buy,1.53e-06,261.0,0.00039933
VIB/BTC,1565420921102,2019-08-10T07:08:41.102Z,buy,1.53e-06,731.0,0.00111843
VIB/BTC,1565420934676,2019-08-10T07:08:54.676Z,buy,1.53e-06,466.0,0.00071298
VIB/BTC,1565420945931,2019-08-10T07:09:05.931Z,buy,1.53e-06,332.0,0.00050796
VIB/BTC,1565420965439,2019-08-10T07:09:25.439Z,buy,1.53e-06,145.0,0.00022185
VIB/BTC,1565421354330,2019-08-10T07:15:54.330Z,sell,1.53e-06,8872.0,0.01357416
VIB/BTC,1565421357139,2019-08-10T07:15:57.139Z,buy,1.53e-06,91104.0,0.13938912
VIB/BTC,1565421364963,2019-08-10T07:16:04.963Z,buy,1.53e-06,18943.0,0.0289827899999999
VIB/BTC,1565421370365,2019-08-10T07:16:10.365Z,buy,1.53e-06,14207.0,0.02173671
VIB/BTC,1565421370365,2019-08-10T07:16:10.365Z,buy,1.53e-06,14207.0,0.02173671
VIB/BTC,1565422327632,2019-08-10T07:32:07.632Z,sell,1.53e-06,1146.0,0.00175338
VIB/BTC,1565423235503,2019-08-10T07:47:15.503Z,sell,1.53e-06,2493.0,0.0038142899999999
VIB/BTC,1565423591956,2019-08-10T07:53:11.956Z,sell,1.52e-06,750.0,0.00114
VIB/BTC,1565423629067,2019-08-10T07:53:49.067Z,sell,1.52e-06,438.0,0.00066576
VIB/BTC,1565423845957,2019-08-10T07:57:25.957Z,sell,1.52e-06,25355.0,0.0385396
VIB/BTC,1565423850189,2019-08-10T07:57:30.189Z,buy,1.52e-06,1398.0,0.00212496
VIB/BTC,1565423850235,2019-08-10T07:57:30.235Z,buy,1.52e-06,968.0,0.00147136
VIB/BTC,1565423850606,2019-08-10T07:57:30.606Z,buy,1.52e-06,432.0,0.00065664
VIB/BTC,1565423853184,2019-08-10T07:57:33.184Z,buy,1.52e-06,41361.0,0.06286872
VIB/BTC,1565423857392,2019-08-10T07:57:37.392Z,sell,1.52e-06,159.0,0.00024168
VIB/BTC,1565423860376,2019-08-10T07:57:40.376Z,buy,1.52e-06,124283.0,0.18891016
VIB/BTC,1565423865548,2019-08-10T07:57:45.548Z,buy,1.52e-06,165922.0,0.25220144
VIB/BTC,1565423870808,2019-08-10T07:57:50.808Z,buy,1.52e-06,82961.0,0.12610072
VIB/BTC,1565423886515,2019-08-10T07:58:06.515Z,buy,1.52e-06,147824.0,0.22469248
VIB/BTC,1565423895859,2019-08-10T07:58:15.859Z,buy,1.52e-06,115757.0,0.17595064
VIB/BTC,1565423903200,2019-08-10T07:58:23.200Z,sell,1.52e-06,74829.0,0.11374008
VIB/BTC,1565423907513,2019-08-10T07:58:27.513Z,sell,1.52e-06,152320.0,0.2315264
VIB/BTC,1565423916525,2019-08-10T07:58:36.525Z,sell,1.52e-06,30197.0,0.04589944
VIB/BTC,1565423919892,2019-08-10T07:58:39.892Z,buy,1.52e-06,944.0,0.00143488
VIB/BTC,1565423929721,2019-08-10T07:58:49.721Z,buy,1.52e-06,83348.0,0.12668896
VIB/BTC,1565424282948,2019-08-10T08:04:42.948Z,buy,1.53e-06,2371.0,0.0036276299999999
VIB/BTC,1565424821059,2019-08-10T08:13:41.059Z,buy,1.54e-06,360.0,0.0005544
VIB/BTC,1565424905428,2019-08-10T08:15:05.428Z,sell,1.53e-06,84.0,0.00012852
VIB/BTC,1565424909188,2019-08-10T08:15:09.188Z,buy,1.53e-06,166265.0,0.25438545
VIB/BTC,1565424919129,2019-08-10T08:15:19.129Z,buy,1.53e-06,124699.0,0.19078947
VIB/BTC,1565424924749,2019-08-10T08:15:24.749Z,buy,1.53e-06,83133.0,0.12719349
VIB/BTC,1565424929922,2019-08-10T08:15:29.922Z,buy,1.53e-06,41566.0,0.06359598
VIB/BTC,1565424937865,2019-08-10T08:15:37.865Z,sell,1.53e-06,76712.0,0.1173693599999999
VIB/BTC,1565424943668,2019-08-10T08:15:43.668Z,sell,1.53e-06,149467.0,0.22868451
VIB/BTC,1565424964986,2019-08-10T08:16:04.986Z,buy,1.53e-06,1636.0,0.00250308
VIB/BTC,1565424964986,2019-08-10T08:16:04.986Z,buy,1.53e-06,1636.0,0.00250308
VIB/BTC,1565424973640,2019-08-10T08:16:13.640Z,buy,1.53e-06,6728.0,0.01029384
VIB/BTC,1565424985821,2019-08-10T08:16:25.821Z,buy,1.53e-06,100.0,0.000153
VIB/BTC,1565424987732,2019-08-10T08:16:27.732Z,buy,1.53e-06,100.0,0.000153
VIB/BTC,1565424989033,2019-08-10T08:16:29.033Z,buy,1.53e-06,100.0,0.000153
VIB/BTC,1565424990569,2019-08-10T08:16:30.569Z,buy,1.53e-06,100.0,0.000153
VIB/BTC,1565424991811,2019-08-10T08:16:31.811Z,buy,1.53e-06,100.0,0.000153
VIB/BTC,1565424993101,2019-08-10T08:16:33.101Z,buy,1.53e-06,100.0,0.000153
VIB/BTC,1565424994473,2019-08-10T08:16:34.473Z,buy,1.53e-06,100.0,0.000153
VIB/BTC,1565424996351,2019-08-10T08:16:36.351Z,buy,1.53e-06,100.0,0.000153
VIB/BTC,1565424998155,2019-08-10T08:16:38.155Z,buy,1.53e-06,100.0,0.000153
VIB/BTC,1565425001937,2019-08-10T08:16:41.937Z,buy,1.53e-06,100.0,0.000153
VIB/BTC,1565425003494,2019-08-10T08:16:43.494Z,buy,1.53e-06,100.0,0.000153
VIB/BTC,1565425005280,2019-08-10T08:16:45.280Z,buy,1.53e-06,100.0,0.000153
VIB/BTC,1565425006920,2019-08-10T08:16:46.920Z,buy,1.53e-06,100.0,0.000153
VIB/BTC,1565425008731,2019-08-10T08:16:48.731Z,buy,1.53e-06,100.0,0.000153
VIB/BTC,1565425011753,2019-08-10T08:16:51.753Z,buy,1.53e-06,110.0,0.0001683
VIB/BTC,1565425012909,2019-08-10T08:16:52.909Z,buy,1.53e-06,100.0,0.000153
VIB/BTC,1565425014135,2019-08-10T08:16:54.135Z,buy,1.53e-06,100.0,0.000153
VIB/BTC,1565425015492,2019-08-10T08:16:55.492Z,buy,1.53e-06,100.0,0.000153
VIB/BTC,1565425017064,2019-08-10T08:16:57.064Z,buy,1.53e-06,100.0,0.000153
VIB/BTC,1565425018597,2019-08-10T08:16:58.597Z,buy,1.53e-06,100.0,0.000153
VIB/BTC,1565425019945,2019-08-10T08:16:59.945Z,buy,1.53e-06,100.0,0.000153
VIB/BTC,1565425022452,2019-08-10T08:17:02.452Z,buy,1.53e-06,100.0,0.000153
VIB/BTC,1565425023874,2019-08-10T08:17:03.874Z,buy,1.53e-06,100.0,0.000153
VIB/BTC,1565425025198,2019-08-10T08:17:05.198Z,buy,1.53e-06,100.0,0.000153
VIB/BTC,1565425026524,2019-08-10T08:17:06.524Z,buy,1.53e-06,100.0,0.000153
VIB/BTC,1565425027712,2019-08-10T08:17:07.712Z,buy,1.53e-06,100.0,0.000153
VIB/BTC,1565425029670,2019-08-10T08:17:09.670Z,buy,1.53e-06,100.0,0.000153
VIB/BTC,1565425030961,2019-08-10T08:17:10.961Z,buy,1.53e-06,100.0,0.000153
VIB/BTC,1565425032670,2019-08-10T08:17:12.670Z,buy,1.53e-06,100.0,0.000153
VIB/BTC,1565425035568,2019-08-10T08:17:15.568Z,buy,1.53e-06,100.0,0.000153
VIB/BTC,1565425037124,2019-08-10T08:17:17.124Z,buy,1.53e-06,100.0,0.000153
VIB/BTC,1565425039183,2019-08-10T08:17:19.183Z,buy,1.53e-06,100.0,0.000153
VIB/BTC,1565425040949,2019-08-10T08:17:20.949Z,buy,1.53e-06,100.0,0.000153
VIB/BTC,1565425042722,2019-08-10T08:17:22.722Z,buy,1.53e-06,100.0,0.000153
VIB/BTC,1565425045174,2019-08-10T08:17:25.174Z,buy,1.53e-06,100.0,0.000153
VIB/BTC,1565425046736,2019-08-10T08:17:26.736Z,buy,1.53e-06,100.0,0.000153
VIB/BTC,1565425047997,2019-08-10T08:17:27.997Z,buy,1.53e-06,100.0,0.000153
VIB/BTC,1565425049313,2019-08-10T08:17:29.313Z,buy,1.53e-06,100.0,0.000153
VIB/BTC,1565425050617,2019-08-10T08:17:30.617Z,buy,1.53e-06,100.0,0.000153
VIB/BTC,1565425052500,2019-08-10T08:17:32.500Z,buy,1.53e-06,100.0,0.000153
VIB/BTC,1565425054393,2019-08-10T08:17:34.393Z,buy,1.53e-06,100.0,0.000153
VIB/BTC,1565425055746,2019-08-10T08:17:35.746Z,buy,1.53e-06,100.0,0.000153
VIB/BTC,1565425057079,2019-08-10T08:17:37.079Z,buy,1.53e-06,100.0,0.000153
VIB/BTC,1565425058379,2019-08-10T08:17:38.379Z,buy,1.53e-06,100.0,0.000153
VIB/BTC,1565425060321,2019-08-10T08:17:40.321Z,buy,1.53e-06,100.0,0.000153
VIB/BTC,1565425061767,2019-08-10T08:17:41.767Z,buy,1.53e-06,100.0,0.000153
VIB/BTC,1565425063084,2019-08-10T08:17:43.084Z,buy,1.53e-06,100.0,0.000153
VIB/BTC,1565425064401,2019-08-10T08:17:44.401Z,buy,1.53e-06,100.0,0.000153
VIB/BTC,1565425066229,2019-08-10T08:17:46.229Z,buy,1.53e-06,100.0,0.000153
VIB/BTC,1565425067668,2019-08-10T08:17:47.668Z,buy,1.53e-06,100.0,0.000153
VIB/BTC,1565425069883,2019-08-10T08:17:49.883Z,buy,1.53e-06,100.0,0.000153
VIB/BTC,1565425071319,2019-08-10T08:17:51.319Z,buy,1.53e-06,100.0,0.000153
VIB/BTC,1565425073310,2019-08-10T08:17:53.310Z,buy,1.53e-06,100.0,0.000153
VIB/BTC,1565425074526,2019-08-10T08:17:54.526Z,buy,1.53e-06,100.0,0.000153
VIB/BTC,1565425076275,2019-08-10T08:17:56.275Z,buy,1.53e-06,100.0,0.000153
VIB/BTC,1565425078039,2019-08-10T08:17:58.039Z,buy,1.53e-06,100.0,0.000153
VIB/BTC,1565425079505,2019-08-10T08:17:59.505Z,buy,1.53e-06,100.0,0.000153
VIB/BTC,1565425081736,2019-08-10T08:18:01.736Z,buy,1.53e-06,100.0,0.000153
VIB/BTC,1565425084461,2019-08-10T08:18:04.461Z,buy,1.53e-06,100.0,0.000153
VIB/BTC,1565425085826,2019-08-10T08:18:05.826Z,buy,1.53e-06,100.0,0.000153
VIB/BTC,1565425087518,2019-08-10T08:18:07.518Z,buy,1.53e-06,100.0,0.000153
VIB/BTC,1565425088795,2019-08-10T08:18:08.795Z,buy,1.53e-06,100.0,0.000153
VIB/BTC,1565425090157,2019-08-10T08:18:10.157Z,buy,1.53e-06,100.0,0.000153
VIB/BTC,1565425091584,2019-08-10T08:18:11.584Z,buy,1.53e-06,100.0,0.000153
VIB/BTC,1565425092844,2019-08-10T08:18:12.844Z,buy,1.53e-06,100.0,0.000153
VIB/BTC,1565425094211,2019-08-10T08:18:14.211Z,buy,1.53e-06,100.0,0.000153
VIB/BTC,1565425095366,2019-08-10T08:18:15.366Z,buy,1.53e-06,100.0,0.000153
VIB/BTC,1565425096611,2019-08-10T08:18:16.611Z,buy,1.53e-06,100.0,0.000153
VIB/BTC,1565425098202,2019-08-10T08:18:18.202Z,buy,1.53e-06,100.0,0.000153
VIB/BTC,1565425099591,2019-08-10T08:18:19.591Z,buy,1.53e-06,100.0,0.000153
VIB/BTC,1565425102041,2019-08-10T08:18:22.041Z,buy,1.53e-06,124.0,0.00018972
VIB/BTC,1565425105552,2019-08-10T08:18:25.552Z,buy,1.53e-06,254.0,0.00038862
VIB/BTC,1565425108409,2019-08-10T08:18:28.409Z,buy,1.53e-06,324.0,0.00049572
VIB/BTC,1565425110595,2019-08-10T08:18:30.595Z,buy,1.53e-06,514.0,0.00078642
VIB/BTC,1565425114746,2019-08-10T08:18:34.746Z,buy,1.53e-06,275.0,0.00042075
VIB/BTC,1565425117352,2019-08-10T08:18:37.352Z,buy,1.53e-06,1000.0,0.00153
VIB/BTC,1565425118981,2019-08-10T08:18:38.981Z,buy,1.53e-06,500.0,0.000765
VIB/BTC,1565425122372,2019-08-10T08:18:42.372Z,buy,1.53e-06,274.0,0.00041922
VIB/BTC,1565425125410,2019-08-10T08:18:45.410Z,buy,1.53e-06,147.0,0.0002249099999999
VIB/BTC,1565425130441,2019-08-10T08:18:50.441Z,buy,1.53e-06,500.0,0.000765
VIB/BTC,1565425132507,2019-08-10T08:18:52.507Z,buy,1.53e-06,1000.0,0.00153
VIB/BTC,1565425263812,2019-08-10T08:21:03.812Z,buy,1.53e-06,666.0,0.00101898
VIB/BTC,1565426995251,2019-08-10T08:49:55.251Z,buy,1.53e-06,1307.0,0.00199971
VIB/BTC,1565427381313,2019-08-10T08:56:21.313Z,sell,1.52e-06,3722.0,0.00565744
VIB/BTC,1565427381313,2019-08-10T08:56:21.313Z,sell,1.51e-06,46278.0,0.06987978
VIB/BTC,1565427382063,2019-08-10T08:56:22.063Z,sell,1.51e-06,4547.0,0.00686597
VIB/BTC,1565427382079,2019-08-10T08:56:22.079Z,buy,1.51e-06,4547.0,0.00686597
VIB/BTC,1565427382106,2019-08-10T08:56:22.106Z,buy,1.51e-06,906.0,0.00136806
VIB/BTC,1565427382482,2019-08-10T08:56:22.482Z,sell,1.5e-06,360.0,0.00054
VIB/BTC,1565427402456,2019-08-10T08:56:42.456Z,sell,1.51e-06,84.0,0.00012684
VIB/BTC,1565427602875,2019-08-10T09:00:02.875Z,sell,1.51e-06,9911.0,0.0149656099999999
VIB/BTC,1565427686233,2019-08-10T09:01:26.233Z,sell,1.51e-06,20404.0,0.03081004
VIB/BTC,1565427686668,2019-08-10T09:01:26.668Z,buy,1.51e-06,1090.0,0.0016458999999999
VIB/BTC,1565427688613,2019-08-10T09:01:28.613Z,buy,1.51e-06,1095.0,0.0016534499999999
VIB/BTC,1565427699753,2019-08-10T09:01:39.753Z,sell,1.5e-06,21582.0,0.032373
VIB/BTC,1565427699991,2019-08-10T09:01:39.991Z,sell,1.5e-06,4575.0,0.0068625
VIB/BTC,1565427711601,2019-08-10T09:01:51.601Z,sell,1.5e-06,561.0,0.0008415
VIB/BTC,1565427716948,2019-08-10T09:01:56.948Z,sell,1.5e-06,798.0,0.001197
VIB/BTC,1565427841941,2019-08-10T09:04:01.941Z,sell,1.5e-06,72.0,0.000108
VIB/BTC,1565427928423,2019-08-10T09:05:28.423Z,sell,1.5e-06,74.0,0.000111
VIB/BTC,1565428158668,2019-08-10T09:09:18.668Z,sell,1.5e-06,120.0,0.00018
VIB/BTC,1565428158668,2019-08-10T09:09:18.668Z,sell,1.5e-06,120.0,0.00018
VIB/BTC,1565428904508,2019-08-10T09:21:44.508Z,sell,1.5e-06,14891.0,0.0223365
VIB/BTC,1565428915468,2019-08-10T09:21:55.468Z,sell,1.5e-06,3635.0,0.0054525
VIB/BTC,1565429032528,2019-08-10T09:23:52.528Z,sell,1.5e-06,90515.0,0.1357725
VIB/BTC,1565429224259,2019-08-10T09:27:04.259Z,sell,1.5e-06,25250.0,0.037875
VIB/BTC,1565429421241,2019-08-10T09:30:21.241Z,sell,1.5e-06,51.0,7.65e-05
VIB/BTC,1565429427950,2019-08-10T09:30:27.950Z,buy,1.5e-06,177.0,0.0002655
VIB/BTC,1565429428722,2019-08-10T09:30:28.722Z,buy,1.5e-06,179.0,0.0002685
VIB/BTC,1565429428945,2019-08-10T09:30:28.945Z,buy,1.5e-06,183.0,0.0002745
VIB/BTC,1565429544129,2019-08-10T09:32:24.129Z,buy,1.5e-06,700.0,0.00105
VIB/BTC,1565429578180,2019-08-10T09:32:58.180Z,buy,1.51e-06,52380.0,0.0790937999999999
VIB/BTC,1565429630425,2019-08-10T09:33:50.425Z,sell,1.5e-06,22735.0,0.0341025
VIB/BTC,1565430247503,2019-08-10T09:44:07.503Z,sell,1.49e-06,7286.0,0.01085614
VIB/BTC,1565430249799,2019-08-10T09:44:09.799Z,sell,1.49e-06,994.0,0.00148106
VIB/BTC,1565430250609,2019-08-10T09:44:10.609Z,sell,1.49e-06,439.0,0.00065411
VIB/BTC,1565430476370,2019-08-10T09:47:56.370Z,buy,1.5e-06,84.0,0.000126
VIB/BTC,1565430544145,2019-08-10T09:49:04.145Z,buy,1.51e-06,1323.0,0.00199773
VIB/BTC,1565430565596,2019-08-10T09:49:25.596Z,sell,1.5e-06,21200.0,0.0318
VIB/BTC,1565430640978,2019-08-10T09:50:40.978Z,sell,1.5e-06,795.0,0.0011925
VIB/BTC,1565430679259,2019-08-10T09:51:19.259Z,sell,1.5e-06,4750.0,0.007125
VIB/BTC,1565430708298,2019-08-10T09:51:48.298Z,buy,1.51e-06,464.0,0.00070064
VIB/BTC,1565431165990,2019-08-10T09:59:25.990Z,buy,1.5e-06,191914.0,0.287871
VIB/BTC,1565431168655,2019-08-10T09:59:28.655Z,sell,1.5e-06,19322.0,0.028983
VIB/BTC,1565431171641,2019-08-10T09:59:31.641Z,buy,1.5e-06,124614.0,0.186921
VIB/BTC,1565431171879,2019-08-10T09:59:31.879Z,buy,1.5e-06,2700.0,0.00405
VIB/BTC,1565431175527,2019-08-10T09:59:35.527Z,sell,1.5e-06,2700.0,0.00405
VIB/BTC,1565431178055,2019-08-10T09:59:38.055Z,buy,1.5e-06,83596.0,0.125394
VIB/BTC,1565431178871,2019-08-10T09:59:38.871Z,buy,1.5e-06,2700.0,0.00405
VIB/BTC,1565431181007,2019-08-10T09:59:41.007Z,sell,1.5e-06,2700.0,0.00405
VIB/BTC,1565431181880,2019-08-10T09:59:41.880Z,buy,1.5e-06,39773.0,0.0596595
VIB/BTC,1565431182872,2019-08-10T09:59:42.872Z,buy,1.5e-06,82675.0,0.1240125
VIB/BTC,1565431185181,2019-08-10T09:59:45.181Z,sell,1.5e-06,2700.0,0.00405
VIB/BTC,1565431185875,2019-08-10T09:59:45.875Z,buy,1.5e-06,9680.0,0.01452
VIB/BTC,1565431202302,2019-08-10T10:00:02.302Z,buy,1.51e-06,49898.0,0.0753459799999999
VIB/BTC,1565431216881,2019-08-10T10:00:16.881Z,buy,1.51e-06,2649.0,0.00399999
VIB/BTC,1565431230048,2019-08-10T10:00:30.048Z,sell,1.51e-06,75381.0,0.11382531
VIB/BTC,1565431236670,2019-08-10T10:00:36.670Z,sell,1.51e-06,146766.0,0.22161666
VIB/BTC,1565431246711,2019-08-10T10:00:46.711Z,sell,1.51e-06,29353.0,0.04432303
VIB/BTC,1565431257106,2019-08-10T10:00:57.106Z,buy,1.51e-06,175317.0,0.26472867
VIB/BTC,1565431266919,2019-08-10T10:01:06.919Z,buy,1.51e-06,87659.0,0.13236509
VIB/BTC,1565431273606,2019-08-10T10:01:13.606Z,buy,1.51e-06,131488.0,0.1985468799999999
VIB/BTC,1565431290883,2019-08-10T10:01:30.883Z,buy,1.51e-06,10000.0,0.0150999999999999
VIB/BTC,1565431307561,2019-08-10T10:01:47.561Z,buy,1.52e-06,100.0,0.000152
VIB/BTC,1565431308574,2019-08-10T10:01:48.574Z,buy,1.52e-06,307.0,0.00046664
VIB/BTC,1565431308988,2019-08-10T10:01:48.988Z,buy,1.52e-06,100.0,0.000152
VIB/BTC,1565431310460,2019-08-10T10:01:50.460Z,buy,1.52e-06,100.0,0.000152
VIB/BTC,1565431311913,2019-08-10T10:01:51.913Z,buy,1.52e-06,100.0,0.000152
VIB/BTC,1565431313212,2019-08-10T10:01:53.212Z,buy,1.52e-06,100.0,0.000152
VIB/BTC,1565431314471,2019-08-10T10:01:54.471Z,buy,1.52e-06,100.0,0.000152
VIB/BTC,1565431316144,2019-08-10T10:01:56.144Z,buy,1.52e-06,100.0,0.000152
VIB/BTC,1565431319548,2019-08-10T10:01:59.548Z,buy,1.52e-06,100.0,0.000152
VIB/BTC,1565431320946,2019-08-10T10:02:00.946Z,buy,1.52e-06,100.0,0.000152
VIB/BTC,1565431322985,2019-08-10T10:02:02.985Z,buy,1.52e-06,100.0,0.000152
VIB/BTC,1565431324165,2019-08-10T10:02:04.165Z,buy,1.52e-06,100.0,0.000152
VIB/BTC,1565431325545,2019-08-10T10:02:05.545Z,buy,1.52e-06,100.0,0.000152
VIB/BTC,1565431327240,2019-08-10T10:02:07.240Z,buy,1.52e-06,100.0,0.000152
VIB/BTC,1565431328743,2019-08-10T10:02:08.743Z,buy,1.52e-06,100.0,0.000152
VIB/BTC,1565431331082,2019-08-10T10:02:11.082Z,buy,1.52e-06,100.0,0.000152
VIB/BTC,1565431333667,2019-08-10T10:02:13.667Z,buy,1.52e-06,100.0,0.000152
VIB/BTC,1565431335466,2019-08-10T10:02:15.466Z,buy,1.52e-06,100.0,0.000152
VIB/BTC,1565431336948,2019-08-10T10:02:16.948Z,buy,1.52e-06,100.0,0.000152
VIB/BTC,1565431347629,2019-08-10T10:02:27.629Z,buy,1.52e-06,100.0,0.000152
VIB/BTC,1565431349237,2019-08-10T10:02:29.237Z,buy,1.52e-06,100.0,0.000152
VIB/BTC,1565431350482,2019-08-10T10:02:30.482Z,buy,1.52e-06,100.0,0.000152
VIB/BTC,1565431352062,2019-08-10T10:02:32.062Z,buy,1.52e-06,100.0,0.000152
VIB/BTC,1565431353649,2019-08-10T10:02:33.649Z,buy,1.52e-06,100.0,0.000152
VIB/BTC,1565431354994,2019-08-10T10:02:34.994Z,buy,1.52e-06,100.0,0.000152
VIB/BTC,1565431356367,2019-08-10T10:02:36.367Z,buy,1.52e-06,100.0,0.000152
VIB/BTC,1565431357661,2019-08-10T10:02:37.661Z,buy,1.52e-06,100.0,0.000152
VIB/BTC,1565431359442,2019-08-10T10:02:39.442Z,buy,1.52e-06,100.0,0.000152
VIB/BTC,1565431363462,2019-08-10T10:02:43.462Z,buy,1.52e-06,100.0,0.000152
VIB/BTC,1565431365851,2019-08-10T10:02:45.851Z,buy,1.52e-06,100.0,0.000152
VIB/BTC,1565431367883,2019-08-10T10:02:47.883Z,buy,1.52e-06,100.0,0.000152
VIB/BTC,1565431370017,2019-08-10T10:02:50.017Z,buy,1.52e-06,100.0,0.000152
VIB/BTC,1565431371915,2019-08-10T10:02:51.915Z,buy,1.52e-06,100.0,0.000152
VIB/BTC,1565431373924,2019-08-10T10:02:53.924Z,buy,1.52e-06,100.0,0.000152
VIB/BTC,1565431375598,2019-08-10T10:02:55.598Z,buy,1.52e-06,100.0,0.000152
VIB/BTC,1565431378049,2019-08-10T10:02:58.049Z,buy,1.52e-06,100.0,0.000152
VIB/BTC,1565431380044,2019-08-10T10:03:00.044Z,buy,1.52e-06,100.0,0.000152
VIB/BTC,1565431381815,2019-08-10T10:03:01.815Z,buy,1.52e-06,100.0,0.000152
VIB/BTC,1565431383301,2019-08-10T10:03:03.301Z,buy,1.52e-06,100.0,0.000152
VIB/BTC,1565431384735,2019-08-10T10:03:04.735Z,buy,1.52e-06,100.0,0.000152
VIB/BTC,1565431386292,2019-08-10T10:03:06.292Z,buy,1.52e-06,100.0,0.000152
VIB/BTC,1565431387790,2019-08-10T10:03:07.790Z,buy,1.52e-06,100.0,0.000152
VIB/BTC,1565431389093,2019-08-10T10:03:09.093Z,buy,1.52e-06,100.0,0.000152
VIB/BTC,1565431390235,2019-08-10T10:03:10.235Z,buy,1.52e-06,19323.0,0.02937096
VIB/BTC,1565431391282,2019-08-10T10:03:11.282Z,sell,1.52e-06,443.0,0.00067336
VIB/BTC,1565431398273,2019-08-10T10:03:18.273Z,buy,1.53e-06,100.0,0.000153
VIB/BTC,1565431399769,2019-08-10T10:03:19.769Z,buy,1.53e-06,100.0,0.000153
VIB/BTC,1565431401205,2019-08-10T10:03:21.205Z,buy,1.53e-06,100.0,0.000153
VIB/BTC,1565431403961,2019-08-10T10:03:23.961Z,buy,1.53e-06,100.0,0.000153
VIB/BTC,1565431406655,2019-08-10T10:03:26.655Z,buy,1.53e-06,100.0,0.000153
VIB/BTC,1565431408092,2019-08-10T10:03:28.092Z,buy,1.53e-06,100.0,0.000153
VIB/BTC,1565431409367,2019-08-10T10:03:29.367Z,buy,1.53e-06,100.0,0.000153
VIB/BTC,1565431411398,2019-08-10T10:03:31.398Z,buy,1.53e-06,100.0,0.000153
VIB/BTC,1565431412634,2019-08-10T10:03:32.634Z,buy,1.53e-06,100.0,0.000153
VIB/BTC,1565431414118,2019-08-10T10:03:34.118Z,buy,1.53e-06,100.0,0.000153
VIB/BTC,1565431415317,2019-08-10T10:03:35.317Z,buy,1.53e-06,100.0,0.000153
VIB/BTC,1565431416554,2019-08-10T10:03:36.554Z,buy,1.53e-06,100.0,0.000153
VIB/BTC,1565431417927,2019-08-10T10:03:37.927Z,buy,1.53e-06,100.0,0.000153
VIB/BTC,1565431419146,2019-08-10T10:03:39.146Z,buy,1.53e-06,100.0,0.000153
VIB/BTC,1565431420974,2019-08-10T10:03:40.974Z,buy,1.53e-06,100.0,0.000153
VIB/BTC,1565431434846,2019-08-10T10:03:54.846Z,buy,1.53e-06,100.0,0.000153
VIB/BTC,1565431436475,2019-08-10T10:03:56.475Z,buy,1.53e-06,100.0,0.000153
VIB/BTC,1565431437875,2019-08-10T10:03:57.875Z,buy,1.53e-06,100.0,0.000153
VIB/BTC,1565431439450,2019-08-10T10:03:59.450Z,buy,1.53e-06,100.0,0.000153
VIB/BTC,1565431440786,2019-08-10T10:04:00.786Z,buy,1.53e-06,100.0,0.000153
VIB/BTC,1565431442848,2019-08-10T10:04:02.848Z,buy,1.53e-06,100.0,0.000153
VIB/BTC,1565431444238,2019-08-10T10:04:04.238Z,buy,1.53e-06,100.0,0.000153
VIB/BTC,1565431445540,2019-08-10T10:04:05.540Z,buy,1.53e-06,100.0,0.000153
VIB/BTC,1565431447148,2019-08-10T10:04:07.148Z,buy,1.53e-06,100.0,0.000153
VIB/BTC,1565431448436,2019-08-10T10:04:08.436Z,buy,1.53e-06,100.0,0.000153
VIB/BTC,1565431449940,2019-08-10T10:04:09.940Z,buy,1.53e-06,100.0,0.000153
VIB/BTC,1565431451521,2019-08-10T10:04:11.521Z,buy,1.53e-06,100.0,0.000153
VIB/BTC,1565431452884,2019-08-10T10:04:12.884Z,buy,1.53e-06,100.0,0.000153
VIB/BTC,1565431454210,2019-08-10T10:04:14.210Z,buy,1.53e-06,100.0,0.000153
VIB/BTC,1565431455803,2019-08-10T10:04:15.803Z,buy,1.53e-06,100.0,0.000153
VIB/BTC,1565431457051,2019-08-10T10:04:17.051Z,buy,1.53e-06,100.0,0.000153
VIB/BTC,1565431460461,2019-08-10T10:04:20.461Z,buy,1.53e-06,280.0,0.0004284
VIB/BTC,1565431465533,2019-08-10T10:04:25.533Z,buy,1.53e-06,210.0,0.0003213
VIB/BTC,1565431470272,2019-08-10T10:04:30.272Z,buy,1.53e-06,196.0,0.00029988
VIB/BTC,1565431478529,2019-08-10T10:04:38.529Z,buy,1.53e-06,140.0,0.0002142
VIB/BTC,1565431483800,2019-08-10T10:04:43.800Z,buy,1.53e-06,699.0,0.0010694699999999
VIB/BTC,1565431488759,2019-08-10T10:04:48.759Z,buy,1.53e-06,790.0,0.0012087
VIB/BTC,1565431492787,2019-08-10T10:04:52.787Z,buy,1.53e-06,100.0,0.000153
VIB/BTC,1565431494313,2019-08-10T10:04:54.313Z,buy,1.53e-06,100.0,0.000153
VIB/BTC,1565431494313,2019-08-10T10:04:54.313Z,buy,1.53e-06,100.0,0.000153
VIB/BTC,1565431838057,2019-08-10T10:10:38.057Z,buy,1.53e-06,43455.0,0.06648615
VIB/BTC,1565431998681,2019-08-10T10:13:18.681Z,buy,1.53e-06,5096.0,0.00779688
VIB/BTC,1565432365153,2019-08-10T10:19:25.153Z,sell,1.52e-06,700.0,0.001064
VIB/BTC,1565433033811,2019-08-10T10:30:33.811Z,buy,1.53e-06,2637.0,0.00403461
VIB/BTC,1565433503743,2019-08-10T10:38:23.743Z,buy,1.53e-06,43169.0,0.06604857
VIB/BTC,1565433981792,2019-08-10T10:46:21.792Z,sell,1.52e-06,1324.0,0.00201248
VIB/BTC,1565434350876,2019-08-10T10:52:30.876Z,buy,1.53e-06,7909.0,0.01210077
VIB/BTC,1565434350876,2019-08-10T10:52:30.876Z,buy,1.53e-06,7909.0,0.01210077
VIB/BTC,1565435280091,2019-08-10T11:08:00.091Z,sell,1.52e-06,39471.0,0.05999592
VIB/BTC,1565435455239,2019-08-10T11:10:55.239Z,sell,1.51e-06,58754.0,0.08871854
VIB/BTC,1565435498040,2019-08-10T11:11:38.040Z,sell,1.51e-06,16517.0,0.0249406699999999
VIB/BTC,1565435598243,2019-08-10T11:13:18.243Z,buy,1.51e-06,6081.0,0.0091823099999999
VIB/BTC,1565435603735,2019-08-10T11:13:23.735Z,buy,1.51e-06,1060.0,0.0016006
VIB/BTC,1565435619569,2019-08-10T11:13:39.569Z,buy,1.52e-06,1315.0,0.0019988
VIB/BTC,1565435957955,2019-08-10T11:19:17.955Z,buy,1.52e-06,84.0,0.00012768
VIB/BTC,1565436188680,2019-08-10T11:23:08.680Z,buy,1.52e-06,2799.0,0.00425448
VIB/BTC,1565436239070,2019-08-10T11:23:59.070Z,sell,1.52e-06,3827.0,0.00581704
VIB/BTC,1565436421307,2019-08-10T11:27:01.307Z,buy,1.53e-06,10315.0,0.01578195
VIB/BTC,1565436463500,2019-08-10T11:27:43.500Z,sell,1.52e-06,805.0,0.0012236
VIB/BTC,1565436532322,2019-08-10T11:28:52.322Z,buy,1.53e-06,783.0,0.00119799
VIB/BTC,1565436536246,2019-08-10T11:28:56.246Z,buy,1.53e-06,1511.0,0.00231183
VIB/BTC,1565436537181,2019-08-10T11:28:57.181Z,buy,1.53e-06,3388.0,0.00518364
VIB/BTC,1565436566976,2019-08-10T11:29:26.976Z,sell,1.53e-06,5415.0,0.00828495
VIB/BTC,1565436570148,2019-08-10T11:29:30.148Z,buy,1.54e-06,673.0,0.00103642
VIB/BTC,1565436577754,2019-08-10T11:29:37.754Z,sell,1.53e-06,6791.0,0.01039023
VIB/BTC,1565436649303,2019-08-10T11:30:49.303Z,buy,1.54e-06,11480.0,0.0176792
VIB/BTC,1565436671778,2019-08-10T11:31:11.778Z,buy,1.55e-06,40418.0,0.0626478999999999
VIB/BTC,1565436680755,2019-08-10T11:31:20.755Z,sell,1.54e-06,83.0,0.00012782
VIB/BTC,1565436683564,2019-08-10T11:31:23.564Z,sell,1.53e-06,464.0,0.00070992
VIB/BTC,1565436695493,2019-08-10T11:31:35.493Z,buy,1.54e-06,248.0,0.00038192
VIB/BTC,1565436695493,2019-08-10T11:31:35.493Z,buy,1.55e-06,401.0,0.00062155
VIB/BTC,1565436751569,2019-08-10T11:32:31.569Z,sell,1.54e-06,84.0,0.00012936
VIB/BTC,1565436751569,2019-08-10T11:32:31.569Z,sell,1.53e-06,6098.0,0.00932994
VIB/BTC,1565436754377,2019-08-10T11:32:34.377Z,sell,1.53e-06,3502.0,0.0053580599999999
VIB/BTC,1565436794692,2019-08-10T11:33:14.692Z,sell,1.53e-06,1315.0,0.0020119499999999
VIB/BTC,1565437060300,2019-08-10T11:37:40.300Z,sell,1.54e-06,4436.0,0.00683144
VIB/BTC,1565437065780,2019-08-10T11:37:45.780Z,buy,1.55e-06,9219.0,0.01428945
VIB/BTC,1565437105657,2019-08-10T11:38:25.657Z,buy,1.55e-06,4642.0,0.0071951
VIB/BTC,1565437108170,2019-08-10T11:38:28.170Z,buy,1.55e-06,4648.0,0.0072044
VIB/BTC,1565437154121,2019-08-10T11:39:14.121Z,buy,1.55e-06,8268.0,0.0128154
VIB/BTC,1565437229749,2019-08-10T11:40:29.749Z,sell,1.54e-06,11607.0,0.01787478
VIB/BTC,1565437229789,2019-08-10T11:40:29.789Z,buy,1.54e-06,502.0,0.00077308
VIB/BTC,1565437308864,2019-08-10T11:41:48.864Z,buy,1.55e-06,9797.0,0.01518535
VIB/BTC,1565437310743,2019-08-10T11:41:50.743Z,buy,1.55e-06,5858.0,0.0090799
VIB/BTC,1565437310743,2019-08-10T11:41:50.743Z,buy,1.56e-06,3907.0,0.00609492
VIB/BTC,1565437312371,2019-08-10T11:41:52.371Z,buy,1.56e-06,9734.0,0.01518504
VIB/BTC,1565437320531,2019-08-10T11:42:00.531Z,sell,1.55e-06,5723.0,0.00887065
VIB/BTC,1565437322844,2019-08-10T11:42:02.844Z,sell,1.54e-06,2704.0,0.00416416
VIB/BTC,1565437329407,2019-08-10T11:42:09.407Z,sell,1.54e-06,4415.0,0.0067991
VIB/BTC,1565437334773,2019-08-10T11:42:14.773Z,sell,1.55e-06,84.0,0.0001302
VIB/BTC,1565437338278,2019-08-10T11:42:18.278Z,sell,1.55e-06,700.0,0.001085
VIB/BTC,1565437356734,2019-08-10T11:42:36.734Z,buy,1.56e-06,69.0,0.00010764
VIB/BTC,1565437358629,2019-08-10T11:42:38.629Z,buy,1.56e-06,76.0,0.00011856
VIB/BTC,1565437360263,2019-08-10T11:42:40.263Z,buy,1.56e-06,69.0,0.00010764
VIB/BTC,1565437730094,2019-08-10T11:48:50.094Z,sell,1.55e-06,4410.0,0.0068354999999999
VIB/BTC,1565437730302,2019-08-10T11:48:50.302Z,sell,1.55e-06,1252.0,0.0019406
VIB/BTC,1565437863657,2019-08-10T11:51:03.657Z,buy,1.55e-06,198.0,0.0003069
VIB/BTC,1565437864243,2019-08-10T11:51:04.243Z,sell,1.54e-06,574.0,0.00088396
VIB/BTC,1565437865903,2019-08-10T11:51:05.903Z,buy,1.55e-06,198.0,0.0003069
VIB/BTC,1565437868171,2019-08-10T11:51:08.171Z,buy,1.55e-06,198.0,0.0003069
VIB/BTC,1565437892514,2019-08-10T11:51:32.514Z,sell,1.54e-06,9265.0,0.0142681
VIB/BTC,1565437906591,2019-08-10T11:51:46.591Z,sell,1.53e-06,1152.0,0.00176256
VIB/BTC,1565437931790,2019-08-10T11:52:11.790Z,buy,1.54e-06,84.0,0.00012936
VIB/BTC,1565437931790,2019-08-10T11:52:11.790Z,buy,1.55e-06,4711.0,0.00730205
VIB/BTC,1565437931926,2019-08-10T11:52:11.926Z,buy,1.55e-06,4798.0,0.0074369
VIB/BTC,1565437932542,2019-08-10T11:52:12.542Z,buy,1.55e-06,250.0,0.0003875
VIB/BTC,1565437932542,2019-08-10T11:52:12.542Z,buy,1.55e-06,250.0,0.0003875
VIB/BTC,1565438327955,2019-08-10T11:58:47.955Z,buy,1.54e-06,185232.0,0.28525728
VIB/BTC,1565438332616,2019-08-10T11:58:52.616Z,buy,1.54e-06,141628.0,0.21810712
VIB/BTC,1565438337567,2019-08-10T11:58:57.567Z,buy,1.54e-06,94047.0,0.14483238
VIB/BTC,1565438346315,2019-08-10T11:59:06.315Z,buy,1.54e-06,47004.0,0.07238616
VIB/BTC,1565438388638,2019-08-10T11:59:48.638Z,sell,1.54e-06,30939.0,0.04764606
VIB/BTC,1565438394247,2019-08-10T11:59:54.247Z,sell,1.54e-06,37651.0,0.05798254
VIB/BTC,1565438404768,2019-08-10T12:00:04.768Z,sell,1.54e-06,63579.0,0.09791166
VIB/BTC,1565438413133,2019-08-10T12:00:13.133Z,sell,1.54e-06,123072.0,0.18953088
VIB/BTC,1565438418428,2019-08-10T12:00:18.428Z,sell,1.54e-06,184607.0,0.28429478
VIB/BTC,1565438432122,2019-08-10T12:00:32.122Z,buy,1.54e-06,56782.0,0.08744428
VIB/BTC,1565438455024,2019-08-10T12:00:55.024Z,buy,1.54e-06,108977.0,0.16782458
VIB/BTC,1565438460943,2019-08-10T12:01:00.943Z,buy,1.54e-06,162716.0,0.25058264
VIB/BTC,1565438486272,2019-08-10T12:01:26.272Z,buy,1.54e-06,100.0,0.000154
VIB/BTC,1565438487660,2019-08-10T12:01:27.660Z,buy,1.54e-06,100.0,0.000154
VIB/BTC,1565438489517,2019-08-10T12:01:29.517Z,buy,1.54e-06,100.0,0.000154
VIB/BTC,1565438491607,2019-08-10T12:01:31.607Z,buy,1.54e-06,100.0,0.000154
VIB/BTC,1565438493947,2019-08-10T12:01:33.947Z,buy,1.54e-06,100.0,0.000154
VIB/BTC,1565438495515,2019-08-10T12:01:35.515Z,buy,1.54e-06,100.0,0.000154
VIB/BTC,1565438497501,2019-08-10T12:01:37.501Z,buy,1.54e-06,100.0,0.000154
VIB/BTC,1565438498919,2019-08-10T12:01:38.919Z,buy,1.54e-06,100.0,0.000154
VIB/BTC,1565438500764,2019-08-10T12:01:40.764Z,buy,1.54e-06,100.0,0.000154
VIB/BTC,1565438502685,2019-08-10T12:01:42.685Z,buy,1.54e-06,100.0,0.000154
VIB/BTC,1565438504714,2019-08-10T12:01:44.714Z,buy,1.54e-06,100.0,0.000154
VIB/BTC,1565438506049,2019-08-10T12:01:46.049Z,buy,1.54e-06,100.0,0.000154
VIB/BTC,1565438507671,2019-08-10T12:01:47.671Z,buy,1.54e-06,100.0,0.000154
VIB/BTC,1565438510138,2019-08-10T12:01:50.138Z,buy,1.54e-06,100.0,0.000154
VIB/BTC,1565438511480,2019-08-10T12:01:51.480Z,buy,1.54e-06,100.0,0.000154
VIB/BTC,1565438512840,2019-08-10T12:01:52.840Z,buy,1.54e-06,100.0,0.000154
VIB/BTC,1565438514248,2019-08-10T12:01:54.248Z,buy,1.54e-06,100.0,0.000154
VIB/BTC,1565438516965,2019-08-10T12:01:56.965Z,buy,1.54e-06,100.0,0.000154
VIB/BTC,1565438518867,2019-08-10T12:01:58.867Z,buy,1.54e-06,100.0,0.000154
VIB/BTC,1565438521033,2019-08-10T12:02:01.033Z,buy,1.54e-06,100.0,0.000154
VIB/BTC,1565438522560,2019-08-10T12:02:02.560Z,buy,1.54e-06,100.0,0.000154
VIB/BTC,1565438524034,2019-08-10T12:02:04.034Z,buy,1.54e-06,100.0,0.000154
VIB/BTC,1565438525566,2019-08-10T12:02:05.566Z,buy,1.54e-06,100.0,0.000154
VIB/BTC,1565438527474,2019-08-10T12:02:07.474Z,buy,1.54e-06,100.0,0.000154
VIB/BTC,1565438528893,2019-08-10T12:02:08.893Z,buy,1.54e-06,100.0,0.000154
VIB/BTC,1565438530324,2019-08-10T12:02:10.324Z,buy,1.54e-06,100.0,0.000154
VIB/BTC,1565438531829,2019-08-10T12:02:11.829Z,buy,1.54e-06,100.0,0.000154
VIB/BTC,1565438533394,2019-08-10T12:02:13.394Z,buy,1.54e-06,100.0,0.000154
VIB/BTC,1565438534800,2019-08-10T12:02:14.800Z,buy,1.54e-06,100.0,0.000154
VIB/BTC,1565438536329,2019-08-10T12:02:16.329Z,buy,1.54e-06,100.0,0.000154
VIB/BTC,1565438538420,2019-08-10T12:02:18.420Z,buy,1.54e-06,100.0,0.000154
VIB/BTC,1565438539862,2019-08-10T12:02:19.862Z,buy,1.54e-06,100.0,0.000154
VIB/BTC,1565438541194,2019-08-10T12:02:21.194Z,buy,1.54e-06,100.0,0.000154
VIB/BTC,1565438542569,2019-08-10T12:02:22.569Z,buy,1.54e-06,100.0,0.000154
VIB/BTC,1565438544704,2019-08-10T12:02:24.704Z,buy,1.54e-06,100.0,0.000154
VIB/BTC,1565438546671,2019-08-10T12:02:26.671Z,buy,1.54e-06,100.0,0.000154
VIB/BTC,1565438548255,2019-08-10T12:02:28.255Z,buy,1.54e-06,100.0,0.000154
VIB/BTC,1565438550033,2019-08-10T12:02:30.033Z,buy,1.54e-06,100.0,0.000154
VIB/BTC,1565438552215,2019-08-10T12:02:32.215Z,buy,1.54e-06,100.0,0.000154
VIB/BTC,1565438553601,2019-08-10T12:02:33.601Z,buy,1.54e-06,100.0,0.000154
VIB/BTC,1565438555253,2019-08-10T12:02:35.253Z,buy,1.54e-06,100.0,0.000154
VIB/BTC,1565438557159,2019-08-10T12:02:37.159Z,buy,1.54e-06,100.0,0.000154
VIB/BTC,1565438559316,2019-08-10T12:02:39.316Z,buy,1.54e-06,100.0,0.000154
VIB/BTC,1565438560910,2019-08-10T12:02:40.910Z,buy,1.54e-06,100.0,0.000154
VIB/BTC,1565438562816,2019-08-10T12:02:42.816Z,buy,1.54e-06,100.0,0.000154
VIB/BTC,1565438564090,2019-08-10T12:02:44.090Z,buy,1.54e-06,100.0,0.000154
VIB/BTC,1565438565508,2019-08-10T12:02:45.508Z,buy,1.54e-06,100.0,0.000154
VIB/BTC,1565438566793,2019-08-10T12:02:46.793Z,buy,1.54e-06,100.0,0.000154
VIB/BTC,1565438568235,2019-08-10T12:02:48.235Z,buy,1.54e-06,100.0,0.000154
VIB/BTC,1565438569646,2019-08-10T12:02:49.646Z,buy,1.54e-06,100.0,0.000154
VIB/BTC,1565438571060,2019-08-10T12:02:51.060Z,buy,1.54e-06,100.0,0.000154
VIB/BTC,1565438572841,2019-08-10T12:02:52.841Z,buy,1.54e-06,100.0,0.000154
VIB/BTC,1565438575043,2019-08-10T12:02:55.043Z,buy,1.54e-06,100.0,0.000154
VIB/BTC,1565438577157,2019-08-10T12:02:57.157Z,buy,1.54e-06,100.0,0.000154
VIB/BTC,1565438579724,2019-08-10T12:02:59.724Z,buy,1.54e-06,100.0,0.000154
VIB/BTC,1565438581197,2019-08-10T12:03:01.197Z,buy,1.54e-06,100.0,0.000154
VIB/BTC,1565438583014,2019-08-10T12:03:03.014Z,buy,1.54e-06,100.0,0.000154
VIB/BTC,1565438585721,2019-08-10T12:03:05.721Z,buy,1.54e-06,100.0,0.000154
VIB/BTC,1565438587040,2019-08-10T12:03:07.040Z,buy,1.54e-06,100.0,0.000154
VIB/BTC,1565438588349,2019-08-10T12:03:08.349Z,buy,1.54e-06,100.0,0.000154
VIB/BTC,1565438589735,2019-08-10T12:03:09.735Z,buy,1.54e-06,100.0,0.000154
VIB/BTC,1565438591046,2019-08-10T12:03:11.046Z,buy,1.54e-06,100.0,0.000154
VIB/BTC,1565438594040,2019-08-10T12:03:14.040Z,buy,1.54e-06,274.0,0.00042196
VIB/BTC,1565438598271,2019-08-10T12:03:18.271Z,buy,1.54e-06,608.0,0.00093632
VIB/BTC,1565438607053,2019-08-10T12:03:27.053Z,buy,1.54e-06,710.0,0.0010934
VIB/BTC,1565438615059,2019-08-10T12:03:35.059Z,buy,1.54e-06,564.0,0.00086856
VIB/BTC,1565438623591,2019-08-10T12:03:43.591Z,buy,1.54e-06,182.0,0.00028028
VIB/BTC,1565438625783,2019-08-10T12:03:45.783Z,buy,1.54e-06,243.0,0.00037422
VIB/BTC,1565438630889,2019-08-10T12:03:50.889Z,buy,1.54e-06,419.0,0.00064526
VIB/BTC,1565438636815,2019-08-10T12:03:56.815Z,buy,1.54e-06,434.0,0.00066836
VIB/BTC,1565438640049,2019-08-10T12:04:00.049Z,buy,1.54e-06,633.0,0.00097482
VIB/BTC,1565438672371,2019-08-10T12:04:32.371Z,buy,1.54e-06,1084.0,0.00166936
VIB/BTC,1565438677537,2019-08-10T12:04:37.537Z,buy,1.54e-06,2169.0,0.00334026
VIB/BTC,1565438683254,2019-08-10T12:04:43.254Z,buy,1.54e-06,1627.0,0.00250558
VIB/BTC,1565438688899,2019-08-10T12:04:48.899Z,buy,1.54e-06,5239.0,0.00806806
VIB/BTC,1565438696302,2019-08-10T12:04:56.302Z,buy,1.54e-06,1477.0,0.00227458
VIB/BTC,1565438707501,2019-08-10T12:05:07.501Z,buy,1.54e-06,1716.0,0.00264264
VIB/BTC,1565438712939,2019-08-10T12:05:12.939Z,buy,1.55e-06,100.0,0.000155
VIB/BTC,1565438714902,2019-08-10T12:05:14.902Z,buy,1.55e-06,100.0,0.000155
VIB/BTC,1565438716367,2019-08-10T12:05:16.367Z,buy,1.55e-06,100.0,0.000155
VIB/BTC,1565438717939,2019-08-10T12:05:17.939Z,buy,1.55e-06,100.0,0.000155
VIB/BTC,1565438719709,2019-08-10T12:05:19.709Z,buy,1.55e-06,100.0,0.000155
VIB/BTC,1565438721049,2019-08-10T12:05:21.049Z,buy,1.55e-06,100.0,0.000155
VIB/BTC,1565438722634,2019-08-10T12:05:22.634Z,buy,1.55e-06,100.0,0.000155
VIB/BTC,1565438724266,2019-08-10T12:05:24.266Z,buy,1.55e-06,100.0,0.000155
VIB/BTC,1565438796173,2019-08-10T12:06:36.173Z,buy,1.55e-06,194227.0,0.30105185
VIB/BTC,1565438796192,2019-08-10T12:06:36.192Z,sell,1.55e-06,3374.0,0.0052297
VIB/BTC,1565438796268,2019-08-10T12:06:36.268Z,sell,1.54e-06,1000.0,0.00154
VIB/BTC,1565438796311,2019-08-10T12:06:36.311Z,buy,1.54e-06,1054.0,0.00162316
VIB/BTC,1565438799644,2019-08-10T12:06:39.644Z,buy,1.55e-06,668.0,0.0010354
VIB/BTC,1565439840483,2019-08-10T12:24:00.483Z,buy,1.55e-06,230.0,0.0003565
VIB/BTC,1565440044196,2019-08-10T12:27:24.196Z,buy,1.55e-06,7783.0,0.01206365
VIB/BTC,1565440044312,2019-08-10T12:27:24.312Z,sell,1.55e-06,230.0,0.0003565
VIB/BTC,1565440268147,2019-08-10T12:31:08.147Z,sell,1.55e-06,277.0,0.00042935
VIB/BTC,1565440335748,2019-08-10T12:32:15.748Z,buy,1.56e-06,51504.0,0.08034624
VIB/BTC,1565440561128,2019-08-10T12:36:01.128Z,sell,1.56e-06,582.0,0.00090792
VIB/BTC,1565440561186,2019-08-10T12:36:01.186Z,sell,1.56e-06,161.0,0.00025116
VIB/BTC,1565441404069,2019-08-10T12:50:04.069Z,buy,1.56e-06,5286.0,0.00824616
VIB/BTC,1565441405004,2019-08-10T12:50:05.004Z,buy,1.56e-06,705.0,0.0010998
VIB/BTC,1565441405004,2019-08-10T12:50:05.004Z,buy,1.56e-06,705.0,0.0010998
VIB/BTC,1565445101729,2019-08-10T13:51:41.729Z,sell,1.55e-06,742.0,0.0011501
VIB/BTC,1565445349802,2019-08-10T13:55:49.802Z,sell,1.55e-06,1922.0,0.0029791
VIB/BTC,1565445512543,2019-08-10T13:58:32.543Z,sell,1.54e-06,6815.0,0.0104951
VIB/BTC,1565445512543,2019-08-10T13:58:32.543Z,sell,1.54e-06,6815.0,0.0104951
VIB/BTC,1565445830676,2019-08-10T14:03:50.676Z,buy,1.55e-06,10059.0,0.01559145
VIB/BTC,1565445830681,2019-08-10T14:03:50.681Z,buy,1.55e-06,12445.0,0.01928975
VIB/BTC,1565447756539,2019-08-10T14:35:56.539Z,sell,1.55e-06,216.0,0.0003348
VIB/BTC,1565447853816,2019-08-10T14:37:33.816Z,sell,1.55e-06,5090.0,0.0078895
VIB/BTC,1565448207699,2019-08-10T14:43:27.699Z,buy,1.56e-06,700.0,0.001092
VIB/BTC,1565449091009,2019-08-10T14:58:11.009Z,sell,1.55e-06,13862.0,0.0214861
VIB/BTC,1565449093620,2019-08-10T14:58:13.620Z,buy,1.55e-06,40577.0,0.06289435
VIB/BTC,1565449109673,2019-08-10T14:58:29.673Z,buy,1.55e-06,204892.0,0.3175826
VIB/BTC,1565449109673,2019-08-10T14:58:29.673Z,buy,1.55e-06,204892.0,0.3175826
VIB/BTC,1565449117214,2019-08-10T14:58:37.214Z,buy,1.55e-06,153669.0,0.23818695
VIB/BTC,1565449124030,2019-08-10T14:58:44.030Z,buy,1.55e-06,102446.0,0.1587913
VIB/BTC,1565449240110,2019-08-10T15:00:40.110Z,buy,1.55e-06,156249.0,0.24218595
VIB/BTC,1565449244411,2019-08-10T15:00:44.411Z,buy,1.55e-06,207472.0,0.3215816
VIB/BTC,1565449247358,2019-08-10T15:00:47.358Z,buy,1.55e-06,1796.0,0.0027838
VIB/BTC,1565449250182,2019-08-10T15:00:50.182Z,buy,1.55e-06,101940.0,0.158007
VIB/BTC,1565449255052,2019-08-10T15:00:55.052Z,sell,1.55e-06,63538.0,0.0984839
VIB/BTC,1565449260189,2019-08-10T15:01:00.189Z,sell,1.55e-06,127076.0,0.1969678
VIB/BTC,1565449269989,2019-08-10T15:01:09.989Z,sell,1.55e-06,25415.0,0.03939325
VIB/BTC,1565449276958,2019-08-10T15:01:16.958Z,sell,1.55e-06,90614.0,0.1404516999999999
VIB/BTC,1565449283228,2019-08-10T15:01:23.228Z,buy,1.55e-06,1374.0,0.0021297
VIB/BTC,1565449283559,2019-08-10T15:01:23.559Z,buy,1.55e-06,100.0,0.000155
VIB/BTC,1565449284779,2019-08-10T15:01:24.779Z,buy,1.55e-06,4449.0,0.00689595
VIB/BTC,1565449285137,2019-08-10T15:01:25.137Z,buy,1.55e-06,100.0,0.000155
VIB/BTC,1565449287237,2019-08-10T15:01:27.237Z,buy,1.55e-06,100.0,0.000155
VIB/BTC,1565449287278,2019-08-10T15:01:27.278Z,buy,1.55e-06,858.0,0.0013299
VIB/BTC,1565449288555,2019-08-10T15:01:28.555Z,buy,1.55e-06,100.0,0.000155
VIB/BTC,1565449289723,2019-08-10T15:01:29.723Z,buy,1.55e-06,100.0,0.000155
VIB/BTC,1565449291357,2019-08-10T15:01:31.357Z,buy,1.55e-06,100.0,0.000155
VIB/BTC,1565449292550,2019-08-10T15:01:32.550Z,buy,1.55e-06,100.0,0.000155
VIB/BTC,1565449292975,2019-08-10T15:01:32.975Z,buy,1.55e-06,700.0,0.001085
VIB/BTC,1565449293718,2019-08-10T15:01:33.718Z,buy,1.55e-06,100.0,0.000155
VIB/BTC,1565449295091,2019-08-10T15:01:35.091Z,buy,1.55e-06,100.0,0.000155
VIB/BTC,1565449296491,2019-08-10T15:01:36.491Z,buy,1.55e-06,100.0,0.000155
VIB/BTC,1565449297737,2019-08-10T15:01:37.737Z,buy,1.55e-06,100.0,0.000155
VIB/BTC,1565449299390,2019-08-10T15:01:39.390Z,buy,1.55e-06,100.0,0.000155
VIB/BTC,1565449302539,2019-08-10T15:01:42.539Z,buy,1.55e-06,100.0,0.000155
VIB/BTC,1565449304029,2019-08-10T15:01:44.029Z,buy,1.55e-06,100.0,0.000155
VIB/BTC,1565449305254,2019-08-10T15:01:45.254Z,buy,1.55e-06,100.0,0.000155
VIB/BTC,1565449306594,2019-08-10T15:01:46.594Z,buy,1.55e-06,100.0,0.000155
VIB/BTC,1565449307838,2019-08-10T15:01:47.838Z,buy,1.55e-06,100.0,0.000155
VIB/BTC,1565449309078,2019-08-10T15:01:49.078Z,buy,1.55e-06,100.0,0.000155
VIB/BTC,1565449310314,2019-08-10T15:01:50.314Z,buy,1.55e-06,100.0,0.000155
VIB/BTC,1565449313960,2019-08-10T15:01:53.960Z,buy,1.55e-06,100.0,0.000155
VIB/BTC,1565449315610,2019-08-10T15:01:55.610Z,buy,1.55e-06,100.0,0.000155
VIB/BTC,1565449317529,2019-08-10T15:01:57.529Z,buy,1.55e-06,100.0,0.000155
VIB/BTC,1565449319243,2019-08-10T15:01:59.243Z,buy,1.55e-06,100.0,0.000155
VIB/BTC,1565449321145,2019-08-10T15:02:01.145Z,buy,1.55e-06,100.0,0.000155
VIB/BTC,1565449322291,2019-08-10T15:02:02.291Z,buy,1.55e-06,100.0,0.000155
VIB/BTC,1565449323723,2019-08-10T15:02:03.723Z,buy,1.55e-06,100.0,0.000155
VIB/BTC,1565449324983,2019-08-10T15:02:04.983Z,buy,1.55e-06,100.0,0.000155
VIB/BTC,1565449327199,2019-08-10T15:02:07.199Z,buy,1.55e-06,100.0,0.000155
VIB/BTC,1565449328461,2019-08-10T15:02:08.461Z,buy,1.55e-06,100.0,0.000155
VIB/BTC,1565449330083,2019-08-10T15:02:10.083Z,buy,1.55e-06,100.0,0.000155
VIB/BTC,1565449331281,2019-08-10T15:02:11.281Z,buy,1.55e-06,100.0,0.000155
VIB/BTC,1565449332500,2019-08-10T15:02:12.500Z,buy,1.55e-06,100.0,0.000155
VIB/BTC,1565449334457,2019-08-10T15:02:14.457Z,buy,1.55e-06,100.0,0.000155
VIB/BTC,1565449336245,2019-08-10T15:02:16.245Z,buy,1.55e-06,100.0,0.000155
VIB/BTC,1565449337478,2019-08-10T15:02:17.478Z,buy,1.55e-06,100.0,0.000155
VIB/BTC,1565449339649,2019-08-10T15:02:19.649Z,buy,1.55e-06,100.0,0.000155
VIB/BTC,1565449342573,2019-08-10T15:02:22.573Z,buy,1.55e-06,100.0,0.000155
VIB/BTC,1565449344130,2019-08-10T15:02:24.130Z,buy,1.55e-06,100.0,0.000155
VIB/BTC,1565449345417,2019-08-10T15:02:25.417Z,buy,1.55e-06,100.0,0.000155
VIB/BTC,1565449347076,2019-08-10T15:02:27.076Z,buy,1.55e-06,100.0,0.000155
VIB/BTC,1565449350154,2019-08-10T15:02:30.154Z,buy,1.55e-06,1100.0,0.001705
VIB/BTC,1565449351679,2019-08-10T15:02:31.679Z,buy,1.55e-06,100.0,0.000155
VIB/BTC,1565449353034,2019-08-10T15:02:33.034Z,buy,1.55e-06,100.0,0.000155
VIB/BTC,1565449354602,2019-08-10T15:02:34.602Z,buy,1.55e-06,100.0,0.000155
VIB/BTC,1565449356573,2019-08-10T15:02:36.573Z,buy,1.55e-06,100.0,0.000155
VIB/BTC,1565449357932,2019-08-10T15:02:37.932Z,buy,1.55e-06,100.0,0.000155
VIB/BTC,1565449359145,2019-08-10T15:02:39.145Z,buy,1.55e-06,100.0,0.000155
VIB/BTC,1565449360383,2019-08-10T15:02:40.383Z,buy,1.55e-06,100.0,0.000155
VIB/BTC,1565449361991,2019-08-10T15:02:41.991Z,buy,1.55e-06,100.0,0.000155
VIB/BTC,1565449363209,2019-08-10T15:02:43.209Z,buy,1.55e-06,100.0,0.000155
VIB/BTC,1565449364370,2019-08-10T15:02:44.370Z,buy,1.55e-06,100.0,0.000155
VIB/BTC,1565449365703,2019-08-10T15:02:45.703Z,buy,1.55e-06,100.0,0.000155
VIB/BTC,1565449366877,2019-08-10T15:02:46.877Z,buy,1.55e-06,100.0,0.000155
VIB/BTC,1565449368309,2019-08-10T15:02:48.309Z,buy,1.55e-06,100.0,0.000155
VIB/BTC,1565449370096,2019-08-10T15:02:50.096Z,buy,1.55e-06,100.0,0.000155
VIB/BTC,1565449371373,2019-08-10T15:02:51.373Z,buy,1.55e-06,100.0,0.000155
VIB/BTC,1565449372598,2019-08-10T15:02:52.598Z,buy,1.55e-06,100.0,0.000155
VIB/BTC,1565449380751,2019-08-10T15:03:00.751Z,buy,1.55e-06,100.0,0.000155
VIB/BTC,1565449382666,2019-08-10T15:03:02.666Z,buy,1.55e-06,100.0,0.000155
VIB/BTC,1565449383923,2019-08-10T15:03:03.923Z,buy,1.55e-06,100.0,0.000155
VIB/BTC,1565449385211,2019-08-10T15:03:05.211Z,buy,1.55e-06,100.0,0.000155
VIB/BTC,1565449386375,2019-08-10T15:03:06.375Z,buy,1.55e-06,100.0,0.000155
VIB/BTC,1565449387463,2019-08-10T15:03:07.463Z,buy,1.55e-06,100.0,0.000155
VIB/BTC,1565449388790,2019-08-10T15:03:08.790Z,buy,1.55e-06,100.0,0.000155
VIB/BTC,1565449391104,2019-08-10T15:03:11.104Z,buy,1.55e-06,219.0,0.00033945
VIB/BTC,1565449403441,2019-08-10T15:03:23.441Z,buy,1.55e-06,198.0,0.0003069
VIB/BTC,1565449409885,2019-08-10T15:03:29.885Z,buy,1.55e-06,295.0,0.00045725
VIB/BTC,1565449415890,2019-08-10T15:03:35.890Z,buy,1.55e-06,721.0,0.00111755
VIB/BTC,1565449423133,2019-08-10T15:03:43.133Z,buy,1.55e-06,495.0,0.00076725
VIB/BTC,1565449429263,2019-08-10T15:03:49.263Z,buy,1.55e-06,148.0,0.0002294
VIB/BTC,1565449436972,2019-08-10T15:03:56.972Z,buy,1.55e-06,574.0,0.0008897
VIB/BTC,1565449442291,2019-08-10T15:04:02.291Z,buy,1.55e-06,1982.0,0.0030721
VIB/BTC,1565449447070,2019-08-10T15:04:07.070Z,buy,1.55e-06,14872.0,0.0230516
VIB/BTC,1565449452765,2019-08-10T15:04:12.765Z,buy,1.55e-06,991.0,0.00153605
VIB/BTC,1565449456161,2019-08-10T15:04:16.161Z,sell,1.54e-06,723.0,0.00111342
VIB/BTC,1565449460204,2019-08-10T15:04:20.204Z,buy,1.55e-06,1574.0,0.0024397
VIB/BTC,1565449465067,2019-08-10T15:04:25.067Z,buy,1.56e-06,100.0,0.000156
VIB/BTC,1565449468642,2019-08-10T15:04:28.642Z,buy,1.56e-06,100.0,0.000156
VIB/BTC,1565449469816,2019-08-10T15:04:29.816Z,buy,1.56e-06,100.0,0.000156
VIB/BTC,1565449471093,2019-08-10T15:04:31.093Z,buy,1.56e-06,100.0,0.000156
VIB/BTC,1565449472219,2019-08-10T15:04:32.219Z,buy,1.56e-06,100.0,0.000156
VIB/BTC,1565449473663,2019-08-10T15:04:33.663Z,buy,1.55e-06,84.0,0.0001302
VIB/BTC,1565449473663,2019-08-10T15:04:33.663Z,buy,1.56e-06,16.0,2.496e-05
VIB/BTC,1565449475774,2019-08-10T15:04:35.774Z,buy,1.55e-06,100.0,0.000155
VIB/BTC,1565449477307,2019-08-10T15:04:37.307Z,buy,1.55e-06,100.0,0.000155
VIB/BTC,1565449478663,2019-08-10T15:04:38.663Z,buy,1.55e-06,100.0,0.000155
VIB/BTC,1565449479828,2019-08-10T15:04:39.828Z,buy,1.55e-06,100.0,0.000155
VIB/BTC,1565449481025,2019-08-10T15:04:41.025Z,buy,1.56e-06,100.0,0.000156
VIB/BTC,1565449482388,2019-08-10T15:04:42.388Z,buy,1.56e-06,100.0,0.000156
VIB/BTC,1565449485762,2019-08-10T15:04:45.762Z,buy,1.56e-06,100.0,0.000156
VIB/BTC,1565449625392,2019-08-10T15:07:05.392Z,buy,1.55e-06,1000.0,0.00155
VIB/BTC,1565450218860,2019-08-10T15:16:58.860Z,sell,1.55e-06,73.0,0.00011315
VIB/BTC,1565450246478,2019-08-10T15:17:26.478Z,buy,1.56e-06,5076.0,0.00791856
VIB/BTC,1565450246598,2019-08-10T15:17:26.598Z,buy,1.56e-06,23081.0,0.03600636
VIB/BTC,1565450824177,2019-08-10T15:27:04.177Z,sell,1.55e-06,4443.0,0.00688665
VIB/BTC,1565452006505,2019-08-10T15:46:46.505Z,sell,1.55e-06,28985.0,0.04492675
VIB/BTC,1565452006711,2019-08-10T15:46:46.711Z,sell,1.55e-06,77.0,0.00011935
VIB/BTC,1565452121009,2019-08-10T15:48:41.009Z,buy,1.56e-06,10575.0,0.016497
VIB/BTC,1565452121051,2019-08-10T15:48:41.051Z,buy,1.56e-06,2743.0,0.00427908
VIB/BTC,1565452121055,2019-08-10T15:48:41.055Z,buy,1.56e-06,2001.0,0.00312156
VIB/BTC,1565452121059,2019-08-10T15:48:41.059Z,buy,1.56e-06,6092.0,0.00950352
VIB/BTC,1565452121063,2019-08-10T15:48:41.063Z,buy,1.56e-06,2809.0,0.00438204
VIB/BTC,1565452121105,2019-08-10T15:48:41.105Z,buy,1.56e-06,2809.0,0.00438204
VIB/BTC,1565452121105,2019-08-10T15:48:41.105Z,buy,1.56e-06,2809.0,0.00438204
VIB/BTC,1565452828631,2019-08-10T16:00:28.631Z,buy,1.56e-06,307.0,0.00047892
VIB/BTC,1565452917306,2019-08-10T16:01:57.306Z,buy,1.56e-06,43628.0,0.06805968
VIB/BTC,1565452917340,2019-08-10T16:01:57.340Z,sell,1.56e-06,28443.0,0.04437108
VIB/BTC,1565452923337,2019-08-10T16:02:03.337Z,sell,1.56e-06,10393.0,0.01621308
VIB/BTC,1565452975333,2019-08-10T16:02:55.333Z,sell,1.56e-06,393.0,0.00061308
VIB/BTC,1565452975333,2019-08-10T16:02:55.333Z,sell,1.55e-06,3657.0,0.00566835
VIB/BTC,1565452992375,2019-08-10T16:03:12.375Z,sell,1.56e-06,385.0,0.0006006
VIB/BTC,1565452993829,2019-08-10T16:03:13.829Z,buy,1.56e-06,3509.0,0.00547404
VIB/BTC,1565452994458,2019-08-10T16:03:14.458Z,buy,1.56e-06,385.0,0.0006006
VIB/BTC,1565453423930,2019-08-10T16:10:23.930Z,buy,1.56e-06,723.0,0.00112788
VIB/BTC,1565453496565,2019-08-10T16:11:36.565Z,buy,1.56e-06,8440.0,0.0131664
VIB/BTC,1565453497453,2019-08-10T16:11:37.453Z,buy,1.56e-06,4232.0,0.00660192
VIB/BTC,1565453679035,2019-08-10T16:14:39.035Z,buy,1.56e-06,27421.0,0.04277676
VIB/BTC,1565453738195,2019-08-10T16:15:38.195Z,buy,1.56e-06,27421.0,0.04277676
VIB/BTC,1565453945590,2019-08-10T16:19:05.590Z,buy,1.56e-06,12848.0,0.02004288
VIB/BTC,1565453945620,2019-08-10T16:19:05.620Z,sell,1.56e-06,15150.0,0.023634
VIB/BTC,1565454126008,2019-08-10T16:22:06.008Z,sell,1.56e-06,1000.0,0.00156
VIB/BTC,1565454241115,2019-08-10T16:24:01.115Z,buy,1.57e-06,284.0,0.00044588
VIB/BTC,1565454277061,2019-08-10T16:24:37.061Z,buy,1.57e-06,510.0,0.0008007
VIB/BTC,1565454468303,2019-08-10T16:27:48.303Z,buy,1.57e-06,1273.0,0.00199861
VIB/BTC,1565454501128,2019-08-10T16:28:21.128Z,buy,1.57e-06,35234.0,0.05531738
VIB/BTC,1565454561557,2019-08-10T16:29:21.557Z,buy,1.57e-06,129476.0,0.20327732
VIB/BTC,1565454561581,2019-08-10T16:29:21.581Z,sell,1.57e-06,4372.0,0.00686404
VIB/BTC,1565454562609,2019-08-10T16:29:22.609Z,buy,1.58e-06,2073.0,0.00327534
VIB/BTC,1565454562609,2019-08-10T16:29:22.609Z,buy,1.59e-06,20427.0,0.03247893
VIB/BTC,1565454563892,2019-08-10T16:29:23.892Z,buy,1.59e-06,25500.0,0.040545
VIB/BTC,1565454564760,2019-08-10T16:29:24.760Z,sell,1.57e-06,206.0,0.00032342
VIB/BTC,1565454566479,2019-08-10T16:29:26.479Z,sell,1.58e-06,2728.0,0.00431024
VIB/BTC,1565454567934,2019-08-10T16:29:27.934Z,sell,1.57e-06,2857.0,0.00448549
VIB/BTC,1565454568607,2019-08-10T16:29:28.607Z,sell,1.57e-06,308.0,0.00048356
VIB/BTC,1565454570393,2019-08-10T16:29:30.393Z,sell,1.57e-06,2687.0,0.00421859
VIB/BTC,1565454598577,2019-08-10T16:29:58.577Z,sell,1.58e-06,938.0,0.00148204
VIB/BTC,1565454601404,2019-08-10T16:30:01.404Z,sell,1.58e-06,410.0,0.0006477999999999
VIB/BTC,1565454611528,2019-08-10T16:30:11.528Z,buy,1.59e-06,11726.0,0.01864434
VIB/BTC,1565454621161,2019-08-10T16:30:21.161Z,buy,1.59e-06,5813.0,0.00924267
VIB/BTC,1565454622500,2019-08-10T16:30:22.500Z,buy,1.59e-06,2907.0,0.00462213
VIB/BTC,1565454624085,2019-08-10T16:30:24.085Z,buy,1.59e-06,2907.0,0.00462213
VIB/BTC,1565454633565,2019-08-10T16:30:33.565Z,buy,1.59e-06,3906.0,0.00621054
VIB/BTC,1565454645869,2019-08-10T16:30:45.869Z,buy,1.59e-06,13321.0,0.02118039
VIB/BTC,1565454646926,2019-08-10T16:30:46.926Z,sell,1.59e-06,48.0,7.632e-05
VIB/BTC,1565454647398,2019-08-10T16:30:47.398Z,buy,1.59e-06,5238.0,0.00832842
VIB/BTC,1565454647398,2019-08-10T16:30:47.398Z,buy,1.6e-06,576.0,0.0009216
VIB/BTC,1565454650161,2019-08-10T16:30:50.161Z,buy,1.6e-06,2887.0,0.0046191999999999
VIB/BTC,1565454651538,2019-08-10T16:30:51.538Z,buy,1.6e-06,2888.0,0.0046207999999999
VIB/BTC,1565454713125,2019-08-10T16:31:53.125Z,sell,1.59e-06,84.0,0.00013356
VIB/BTC,1565454713125,2019-08-10T16:31:53.125Z,sell,1.58e-06,565.0,0.0008927
VIB/BTC,1565454721305,2019-08-10T16:32:01.305Z,sell,1.58e-06,705.0,0.0011139
VIB/BTC,1565454810770,2019-08-10T16:33:30.770Z,buy,1.59e-06,9914.0,0.01576326
VIB/BTC,1565454815001,2019-08-10T16:33:35.001Z,buy,1.59e-06,3652.0,0.00580668
VIB/BTC,1565454853030,2019-08-10T16:34:13.030Z,sell,1.58e-06,120.0,0.0001896
VIB/BTC,1565454895328,2019-08-10T16:34:55.328Z,sell,1.58e-06,1307.0,0.00206506
VIB/BTC,1565454993782,2019-08-10T16:36:33.782Z,sell,1.58e-06,682.0,0.00107756
VIB/BTC,1565455030467,2019-08-10T16:37:10.467Z,sell,1.58e-06,512.0,0.00080896
VIB/BTC,1565455068510,2019-08-10T16:37:48.510Z,buy,1.59e-06,1000.0,0.00159
VIB/BTC,1565455068542,2019-08-10T16:37:48.542Z,sell,1.59e-06,257.0,0.00040863
VIB/BTC,1565455068599,2019-08-10T16:37:48.599Z,sell,1.58e-06,257.0,0.0004060599999999
VIB/BTC,1565455102631,2019-08-10T16:38:22.631Z,buy,1.6e-06,628.0,0.0010048
VIB/BTC,1565455206376,2019-08-10T16:40:06.376Z,buy,1.59e-06,4380.0,0.0069642
VIB/BTC,1565455511323,2019-08-10T16:45:11.323Z,buy,1.59e-06,639.0,0.00101601
VIB/BTC,1565455511352,2019-08-10T16:45:11.352Z,sell,1.59e-06,15121.0,0.02404239
VIB/BTC,1565455541594,2019-08-10T16:45:41.594Z,sell,1.58e-06,700.0,0.001106
VIB/BTC,1565455541594,2019-08-10T16:45:41.594Z,sell,1.58e-06,700.0,0.001106
VIB/BTC,1565455773200,2019-08-10T16:49:33.200Z,buy,1.59e-06,19000.0,0.03021
VIB/BTC,1565455773233,2019-08-10T16:49:33.233Z,sell,1.59e-06,8185.0,0.01301415
VIB/BTC,1565455846105,2019-08-10T16:50:46.105Z,sell,1.58e-06,11596.0,0.01832168
VIB/BTC,1565455913700,2019-08-10T16:51:53.700Z,sell,1.58e-06,13936.0,0.0220188799999999
VIB/BTC,1565455937614,2019-08-10T16:52:17.614Z,sell,1.58e-06,13356.0,0.02110248
VIB/BTC,1565455937750,2019-08-10T16:52:17.750Z,sell,1.58e-06,79.0,0.00012482
VIB/BTC,1565456008400,2019-08-10T16:53:28.400Z,sell,1.58e-06,3464.0,0.00547312
VIB/BTC,1565456145572,2019-08-10T16:55:45.572Z,sell,1.58e-06,1962.0,0.0030999599999999
VIB/BTC,1565456259537,2019-08-10T16:57:39.537Z,buy,1.59e-06,1434.0,0.00228006
VIB/BTC,1565456284681,2019-08-10T16:58:04.681Z,buy,1.59e-06,13267.0,0.02109453
VIB/BTC,1565456310144,2019-08-10T16:58:30.144Z,sell,1.58e-06,15402.0,0.0243351599999999
VIB/BTC,1565456449657,2019-08-10T17:00:49.657Z,sell,1.58e-06,58479.0,0.0923968199999999
VIB/BTC,1565456813554,2019-08-10T17:06:53.554Z,sell,1.58e-06,1666.0,0.00263228
VIB/BTC,1565457003105,2019-08-10T17:10:03.105Z,sell,1.58e-06,11596.0,0.01832168
VIB/BTC,1565457071936,2019-08-10T17:11:11.936Z,buy,1.59e-06,2574.0,0.00409266
VIB/BTC,1565457072267,2019-08-10T17:11:12.267Z,sell,1.59e-06,700.0,0.001113
VIB/BTC,1565457100942,2019-08-10T17:11:40.942Z,sell,1.59e-06,6127.0,0.00974193
VIB/BTC,1565457102839,2019-08-10T17:11:42.839Z,sell,1.58e-06,510.0,0.0008058
VIB/BTC,1565457303639,2019-08-10T17:15:03.639Z,sell,1.59e-06,20339.0,0.03233901
VIB/BTC,1565457466292,2019-08-10T17:17:46.292Z,buy,1.6e-06,94464.0,0.1511423999999999
VIB/BTC,1565457466322,2019-08-10T17:17:46.322Z,sell,1.6e-06,456.0,0.0007296
VIB/BTC,1565457558098,2019-08-10T17:19:18.098Z,sell,1.6e-06,2470.0,0.003952
VIB/BTC,1565457582132,2019-08-10T17:19:42.132Z,sell,1.6e-06,1290.0,0.002064
VIB/BTC,1565458030138,2019-08-10T17:27:10.138Z,sell,1.59e-06,765.0,0.00121635
VIB/BTC,1565458591646,2019-08-10T17:36:31.646Z,sell,1.59e-06,20339.0,0.03233901
VIB/BTC,1565458692828,2019-08-10T17:38:12.828Z,sell,1.59e-06,84.0,0.00013356
VIB/BTC,1565458692828,2019-08-10T17:38:12.828Z,sell,1.58e-06,1756.0,0.0027744799999999
VIB/BTC,1565458694271,2019-08-10T17:38:14.271Z,sell,1.58e-06,7058.0,0.0111516399999999
VIB/BTC,1565458694271,2019-08-10T17:38:14.271Z,sell,1.58e-06,7058.0,0.0111516399999999
VIB/BTC,1565459995927,2019-08-10T17:59:55.927Z,sell,1.58e-06,10853.0,0.0171477399999999
VIB/BTC,1565460008475,2019-08-10T18:00:08.475Z,sell,1.58e-06,32559.0,0.05144322
VIB/BTC,1565460008708,2019-08-10T18:00:08.708Z,sell,1.58e-06,85.0,0.0001342999999999
VIB/BTC,1565460272221,2019-08-10T18:04:32.221Z,buy,1.59e-06,3080.0,0.0048972
VIB/BTC,1565460375088,2019-08-10T18:06:15.088Z,buy,1.59e-06,2190.0,0.0034821
VIB/BTC,1565460384493,2019-08-10T18:06:24.493Z,buy,1.59e-06,790.0,0.0012561
VIB/BTC,1565460423776,2019-08-10T18:07:03.776Z,buy,1.59e-06,9258.0,0.01472022
VIB/BTC,1565460952026,2019-08-10T18:15:52.026Z,sell,1.58e-06,5267.0,0.00832186
VIB/BTC,1565460969601,2019-08-10T18:16:09.601Z,sell,1.58e-06,5268.0,0.00832344
VIB/BTC,1565461175443,2019-08-10T18:19:35.443Z,sell,1.58e-06,120.0,0.0001896
VIB/BTC,1565461394347,2019-08-10T18:23:14.347Z,buy,1.59e-06,557.0,0.00088563
VIB/BTC,1565461430389,2019-08-10T18:23:50.389Z,buy,1.59e-06,23682.0,0.03765438
VIB/BTC,1565461430389,2019-08-10T18:23:50.389Z,buy,1.59e-06,23682.0,0.03765438
VIB/BTC,1565462765903,2019-08-10T18:46:05.903Z,buy,1.59e-06,36.0,5.724e-05
VIB/BTC,1565462781653,2019-08-10T18:46:21.653Z,buy,1.6e-06,279.0,0.0004463999999999
VIB/BTC,1565463123515,2019-08-10T18:52:03.515Z,sell,1.6e-06,6245.0,0.009992
VIB/BTC,1565463272928,2019-08-10T18:54:32.928Z,sell,1.59e-06,3652.0,0.00580668
VIB/BTC,1565463330181,2019-08-10T18:55:30.181Z,sell,1.59e-06,81.0,0.00012879
VIB/BTC,1565463366465,2019-08-10T18:56:06.465Z,buy,1.6e-06,4173.0,0.0066768
VIB/BTC,1565463367340,2019-08-10T18:56:07.340Z,buy,1.61e-06,17054.0,0.02745694
VIB/BTC,1565463490238,2019-08-10T18:58:10.238Z,sell,1.6e-06,1084.0,0.0017343999999999
VIB/BTC,1565463493025,2019-08-10T18:58:13.025Z,buy,1.6e-06,48065.0,0.076904
VIB/BTC,1565463501585,2019-08-10T18:58:21.585Z,buy,1.6e-06,98256.0,0.1572096
VIB/BTC,1565463506339,2019-08-10T18:58:26.339Z,sell,1.59e-06,10729.0,0.01705911
VIB/BTC,1565463508886,2019-08-10T18:58:28.886Z,buy,1.6e-06,150048.0,0.2400767999999999
VIB/BTC,1565463555388,2019-08-10T18:59:15.388Z,buy,1.6e-06,201364.0,0.3221824
VIB/BTC,1565463567780,2019-08-10T18:59:27.780Z,buy,1.61e-06,100.0,0.000161
VIB/BTC,1565463569092,2019-08-10T18:59:29.092Z,buy,1.61e-06,100.0,0.000161
VIB/BTC,1565463572071,2019-08-10T18:59:32.071Z,buy,1.61e-06,100.0,0.000161
VIB/BTC,1565463582828,2019-08-10T18:59:42.828Z,buy,1.61e-06,3315.0,0.00533715
VIB/BTC,1565463585827,2019-08-10T18:59:45.827Z,sell,1.61e-06,58309.0,0.09387749
VIB/BTC,1565463586129,2019-08-10T18:59:46.129Z,sell,1.61e-06,2611.0,0.00420371
VIB/BTC,1565463600761,2019-08-10T19:00:00.761Z,sell,1.6e-06,6372.0,0.0101952
VIB/BTC,1565463603933,2019-08-10T19:00:03.933Z,buy,1.6e-06,44873.0,0.0717968
VIB/BTC,1565463606834,2019-08-10T19:00:06.834Z,sell,1.59e-06,1910.0,0.0030369
VIB/BTC,1565463657345,2019-08-10T19:00:57.345Z,buy,1.6e-06,50152.0,0.0802432
VIB/BTC,1565463668546,2019-08-10T19:01:08.546Z,buy,1.61e-06,100.0,0.000161
VIB/BTC,1565463682366,2019-08-10T19:01:22.366Z,buy,1.61e-06,100.0,0.000161
VIB/BTC,1565463695291,2019-08-10T19:01:35.291Z,buy,1.6e-06,100404.0,0.1606464
VIB/BTC,1565463711306,2019-08-10T19:01:51.306Z,sell,1.6e-06,62721.0,0.1003536
VIB/BTC,1565463731539,2019-08-10T19:02:11.539Z,sell,1.6e-06,141027.0,0.2256432
VIB/BTC,1565463760368,2019-08-10T19:02:40.368Z,buy,1.61e-06,13664.0,0.02199904
VIB/BTC,1565463761060,2019-08-10T19:02:41.060Z,buy,1.61e-06,100.0,0.000161
VIB/BTC,1565463766337,2019-08-10T19:02:46.337Z,buy,1.61e-06,100.0,0.000161
VIB/BTC,1565463775161,2019-08-10T19:02:55.161Z,buy,1.61e-06,100.0,0.000161
VIB/BTC,1565463778661,2019-08-10T19:02:58.661Z,buy,1.61e-06,100.0,0.000161
VIB/BTC,1565463812298,2019-08-10T19:03:32.298Z,buy,1.61e-06,100.0,0.000161
VIB/BTC,1565463816992,2019-08-10T19:03:36.992Z,buy,1.61e-06,100.0,0.000161
VIB/BTC,1565463821488,2019-08-10T19:03:41.488Z,buy,1.61e-06,1000.0,0.00161
VIB/BTC,1565463826267,2019-08-10T19:03:46.267Z,buy,1.61e-06,1000.0,0.00161
VIB/BTC,1565463837689,2019-08-10T19:03:57.689Z,buy,1.61e-06,528.0,0.00085008
VIB/BTC,1565463844138,2019-08-10T19:04:04.138Z,sell,1.61e-06,1000.0,0.00161
VIB/BTC,1565464119416,2019-08-10T19:08:39.416Z,sell,1.6e-06,9184.0,0.0146944
VIB/BTC,1565464127731,2019-08-10T19:08:47.731Z,sell,1.6e-06,66850.0,0.10696
VIB/BTC,1565464423697,2019-08-10T19:13:43.697Z,sell,1.6e-06,3902.0,0.0062432
VIB/BTC,1565464981952,2019-08-10T19:23:01.952Z,sell,1.6e-06,4919.0,0.0078704
VIB/BTC,1565464981952,2019-08-10T19:23:01.952Z,sell,1.6e-06,4919.0,0.0078704
VIB/BTC,1565465142426,2019-08-10T19:25:42.426Z,sell,1.59e-06,1413.0,0.00224667
VIB/BTC,1565465223763,2019-08-10T19:27:03.763Z,sell,1.6e-06,1891.0,0.0030256
VIB/BTC,1565465324535,2019-08-10T19:28:44.535Z,sell,1.6e-06,819.0,0.0013104
VIB/BTC,1565465324535,2019-08-10T19:28:44.535Z,sell,1.59e-06,1792.0,0.00284928
