symbol,timestamp,datetime,side,price,amount,btc_volume
VIB/BTC,1577822420720,2019-12-31T20:00:20.720Z,sell,2.5e-06,2558.0,0.006395
VIB/BTC,1577822453872,2019-12-31T20:00:53.872Z,buy,2.51e-06,80.0,0.0002008
VIB/BTC,1577822609496,2019-12-31T20:03:29.496Z,buy,2.51e-06,22566.0,0.05664066
VIB/BTC,1577823020520,2019-12-31T20:10:20.520Z,sell,2.51e-06,3066.0,0.00769566
VIB/BTC,1577823152471,2019-12-31T20:12:32.471Z,sell,2.51e-06,4349.0,0.01091599
VIB/BTC,1577823152482,2019-12-31T20:12:32.482Z,buy,2.51e-06,11596.0,0.02910596
VIB/BTC,1577823196096,2019-12-31T20:13:16.096Z,buy,2.52e-06,9800.0,0.024696
VIB/BTC,1577823238143,2019-12-31T20:13:58.143Z,buy,2.53e-06,11.0,2.783e-05
VIB/BTC,1577823247784,2019-12-31T20:14:07.784Z,sell,2.51e-06,1251.0,0.00314001
VIB/BTC,1577823669008,2019-12-31T20:21:09.008Z,buy,2.52e-06,2464.0,0.00620928
VIB/BTC,1577823758574,2019-12-31T20:22:38.574Z,buy,2.52e-06,14.0,3.528e-05
VIB/BTC,1577823920255,2019-12-31T20:25:20.255Z,sell,2.51e-06,3119.0,0.00782869
VIB/BTC,1577824124002,2019-12-31T20:28:44.002Z,buy,2.52e-06,2392.0,0.00602784
VIB/BTC,1577824124002,2019-12-31T20:28:44.002Z,buy,2.53e-06,53236.0,0.13468708
VIB/BTC,1577824145322,2019-12-31T20:29:05.322Z,sell,2.52e-06,141.0,0.00035532
VIB/BTC,1577824163159,2019-12-31T20:29:23.159Z,sell,2.52e-06,423.0,0.00106596
VIB/BTC,1577824741212,2019-12-31T20:39:01.212Z,sell,2.52e-06,66993.0,0.16882236
VIB/BTC,1577824741212,2019-12-31T20:39:01.212Z,sell,2.51e-06,715.0,0.00179465
VIB/BTC,1577824820274,2019-12-31T20:40:20.274Z,sell,2.51e-06,2392.0,0.00600392
VIB/BTC,1577825292249,2019-12-31T20:48:12.249Z,buy,2.52e-06,62979.0,0.15870708
VIB/BTC,1577825293983,2019-12-31T20:48:13.983Z,buy,2.52e-06,125957.0,0.31741164
VIB/BTC,1577825295828,2019-12-31T20:48:15.828Z,buy,2.52e-06,93208.0,0.23488416
VIB/BTC,1577825302281,2019-12-31T20:48:22.281Z,buy,2.52e-06,62979.0,0.15870708
VIB/BTC,1577825303154,2019-12-31T20:48:23.154Z,buy,2.52e-06,100766.0,0.25393032
VIB/BTC,1577825305377,2019-12-31T20:48:25.377Z,buy,2.52e-06,125053.0,0.31513356
VIB/BTC,1577825311242,2019-12-31T20:48:31.242Z,buy,2.52e-06,75032.0,0.18908064
VIB/BTC,1577825312708,2019-12-31T20:48:32.708Z,buy,2.52e-06,1467.0,0.00369684
VIB/BTC,1577825312830,2019-12-31T20:48:32.830Z,buy,2.52e-06,97541.0,0.24580332
VIB/BTC,1577825314810,2019-12-31T20:48:34.810Z,buy,2.52e-06,126180.0,0.3179736
VIB/BTC,1577825318678,2019-12-31T20:48:38.678Z,sell,2.52e-06,11477.0,0.02892204
VIB/BTC,1577825321609,2019-12-31T20:48:41.609Z,buy,2.52e-06,98819.0,0.24902388
VIB/BTC,1577825322726,2019-12-31T20:48:42.726Z,buy,2.52e-06,126691.0,0.31926132
VIB/BTC,1577825325715,2019-12-31T20:48:45.715Z,buy,2.52e-06,35473.0,0.08939196
VIB/BTC,1577825331383,2019-12-31T20:48:51.383Z,buy,2.52e-06,76014.0,0.19155528
VIB/BTC,1577825332532,2019-12-31T20:48:52.532Z,buy,2.52e-06,126691.0,0.31926132
VIB/BTC,1577825335261,2019-12-31T20:48:55.261Z,buy,2.52e-06,45609.0,0.11493468
VIB/BTC,1577825336688,2019-12-31T20:48:56.688Z,buy,2.52e-06,50875.0,0.128205
VIB/BTC,1577825350746,2019-12-31T20:49:10.746Z,buy,2.52e-06,155705.0,0.3923766
VIB/BTC,1577825351837,2019-12-31T20:49:11.837Z,buy,2.52e-06,112994.0,0.28474488
VIB/BTC,1577825354351,2019-12-31T20:49:14.351Z,buy,2.52e-06,37665.0,0.0949158
VIB/BTC,1577825363470,2019-12-31T20:49:23.470Z,buy,2.52e-06,24739.0,0.06234228
VIB/BTC,1577825372361,2019-12-31T20:49:32.361Z,buy,2.52e-06,161015.0,0.4057578
VIB/BTC,1577825373421,2019-12-31T20:49:33.421Z,buy,2.52e-06,121981.0,0.30739212
VIB/BTC,1577825375648,2019-12-31T20:49:35.648Z,buy,2.52e-06,35963.0,0.09062676
VIB/BTC,1577825379097,2019-12-31T20:49:39.097Z,sell,2.52e-06,61795.0,0.1557234
VIB/BTC,1577825381139,2019-12-31T20:49:41.139Z,buy,2.52e-06,99210.0,0.2500092
VIB/BTC,1577825383441,2019-12-31T20:49:43.441Z,buy,2.52e-06,112616.0,0.28379232
VIB/BTC,1577825385831,2019-12-31T20:49:45.831Z,buy,2.52e-06,50945.0,0.1283814
VIB/BTC,1577825421506,2019-12-31T20:50:21.506Z,buy,2.52e-06,149640.0,0.3770928
VIB/BTC,1577825423404,2019-12-31T20:50:23.404Z,buy,2.52e-06,97135.0,0.2447802
VIB/BTC,1577825425671,2019-12-31T20:50:25.671Z,buy,2.52e-06,41024.0,0.10338048
VIB/BTC,1577825453497,2019-12-31T20:50:53.497Z,buy,2.53e-06,6254.0,0.01582262
VIB/BTC,1577825453505,2019-12-31T20:50:53.505Z,sell,2.53e-06,10070.0,0.0254771
VIB/BTC,1577825453506,2019-12-31T20:50:53.506Z,sell,2.52e-06,980.0,0.0024696
VIB/BTC,1577825454049,2019-12-31T20:50:54.049Z,buy,2.52e-06,2123.0,0.00534996
VIB/BTC,1577825456843,2019-12-31T20:50:56.843Z,buy,2.52e-06,2693.0,0.00678636
VIB/BTC,1577825618711,2019-12-31T20:53:38.711Z,sell,2.52e-06,129.0,0.00032508
VIB/BTC,1577825961742,2019-12-31T20:59:21.742Z,sell,2.52e-06,7872.0,0.01983744
VIB/BTC,1577825961880,2019-12-31T20:59:21.880Z,sell,2.52e-06,13830.0,0.0348516
VIB/BTC,1577825961880,2019-12-31T20:59:21.880Z,sell,2.52e-06,13830.0,0.0348516
VIB/BTC,1577826321670,2019-12-31T21:05:21.670Z,sell,2.51e-06,3869.0,0.00971119
VIB/BTC,1577826386929,2019-12-31T21:06:26.929Z,buy,2.52e-06,595.0,0.0014994
VIB/BTC,1577826386941,2019-12-31T21:06:26.941Z,buy,2.52e-06,200.0,0.000504
VIB/BTC,1577826386974,2019-12-31T21:06:26.974Z,buy,2.52e-06,595.0,0.0014994
VIB/BTC,1577826387016,2019-12-31T21:06:27.016Z,buy,2.52e-06,2161.0,0.00544572
VIB/BTC,1577826391591,2019-12-31T21:06:31.591Z,buy,2.52e-06,4106.0,0.01034712
VIB/BTC,1577826391597,2019-12-31T21:06:31.597Z,buy,2.52e-06,2166.0,0.00545832
VIB/BTC,1577826624902,2019-12-31T21:10:24.902Z,buy,2.52e-06,200.0,0.000504
VIB/BTC,1577826627333,2019-12-31T21:10:27.333Z,buy,2.52e-06,197063.0,0.49659876
VIB/BTC,1577826630152,2019-12-31T21:10:30.152Z,buy,2.52e-06,65688.0,0.16553376
VIB/BTC,1577826630169,2019-12-31T21:10:30.169Z,buy,2.52e-06,18279.0,0.04606308
VIB/BTC,1577826630179,2019-12-31T21:10:30.179Z,buy,2.52e-06,964.0,0.00242928
VIB/BTC,1577826641975,2019-12-31T21:10:41.975Z,buy,2.52e-06,194576.0,0.49033152
VIB/BTC,1577826643681,2019-12-31T21:10:43.681Z,buy,2.52e-06,108333.0,0.27299916
VIB/BTC,1577826652904,2019-12-31T21:10:52.904Z,sell,2.52e-06,46736.0,0.11777472
VIB/BTC,1577826655655,2019-12-31T21:10:55.655Z,buy,2.52e-06,123942.0,0.31233384
VIB/BTC,1577826656929,2019-12-31T21:10:56.929Z,buy,2.52e-06,169012.0,0.42591024
VIB/BTC,1577826656961,2019-12-31T21:10:56.961Z,buy,2.52e-06,2900.0,0.007308
VIB/BTC,1577826664564,2019-12-31T21:11:04.564Z,buy,2.52e-06,154291.0,0.38881332
VIB/BTC,1577826665735,2019-12-31T21:11:05.735Z,buy,2.52e-06,100411.0,0.25303572
VIB/BTC,1577826667373,2019-12-31T21:11:07.373Z,buy,2.52e-06,46532.0,0.11726064
VIB/BTC,1577826667399,2019-12-31T21:11:07.399Z,buy,2.52e-06,4868.0,0.01226736
VIB/BTC,1577826674417,2019-12-31T21:11:14.417Z,buy,2.52e-06,87808.0,0.22127616
VIB/BTC,1577826675965,2019-12-31T21:11:15.965Z,buy,2.52e-06,121956.0,0.30732912
VIB/BTC,1577826680243,2019-12-31T21:11:20.243Z,buy,2.52e-06,91470.0,0.2305044
VIB/BTC,1577826682563,2019-12-31T21:11:22.563Z,sell,2.52e-06,530.0,0.0013356
VIB/BTC,1577826686199,2019-12-31T21:11:26.199Z,buy,2.52e-06,78052.0,0.19669104
VIB/BTC,1577826687105,2019-12-31T21:11:27.105Z,buy,2.52e-06,100004.0,0.25201008
VIB/BTC,1577826689381,2019-12-31T21:11:29.381Z,buy,2.52e-06,73173.0,0.18439596
VIB/BTC,1577826691864,2019-12-31T21:11:31.864Z,buy,2.52e-06,24391.0,0.06146532
VIB/BTC,1577826699304,2019-12-31T21:11:39.304Z,buy,2.52e-06,151225.0,0.381087
VIB/BTC,1577826700218,2019-12-31T21:11:40.218Z,buy,2.52e-06,121956.0,0.30732912
VIB/BTC,1577826702611,2019-12-31T21:11:42.611Z,buy,2.52e-06,28053.0,0.07069356
VIB/BTC,1577826706291,2019-12-31T21:11:46.291Z,sell,2.52e-06,3655.0,0.0092106
VIB/BTC,1577826708495,2019-12-31T21:11:48.495Z,buy,2.52e-06,17074.0,0.04302648
VIB/BTC,1577826709297,2019-12-31T21:11:49.297Z,buy,2.52e-06,60978.0,0.15366456
VIB/BTC,1577826710233,2019-12-31T21:11:50.233Z,buy,2.52e-06,100004.0,0.25201008
VIB/BTC,1577826712992,2019-12-31T21:11:52.992Z,buy,2.52e-06,119523.0,0.30119796
VIB/BTC,1577826718848,2019-12-31T21:11:58.848Z,sell,2.52e-06,2433.0,0.00613116
VIB/BTC,1577826718854,2019-12-31T21:11:58.854Z,buy,2.52e-06,7567.0,0.01906884
VIB/BTC,1577826750498,2019-12-31T21:12:30.498Z,buy,2.53e-06,200.0,0.0005059999999999
VIB/BTC,1577826752312,2019-12-31T21:12:32.312Z,buy,2.53e-06,200.0,0.0005059999999999
VIB/BTC,1577826753471,2019-12-31T21:12:33.471Z,buy,2.53e-06,200.0,0.0005059999999999
VIB/BTC,1577826754888,2019-12-31T21:12:34.888Z,buy,2.53e-06,200.0,0.0005059999999999
VIB/BTC,1577826757047,2019-12-31T21:12:37.047Z,buy,2.53e-06,200.0,0.0005059999999999
VIB/BTC,1577826758420,2019-12-31T21:12:38.420Z,buy,2.53e-06,200.0,0.0005059999999999
VIB/BTC,1577826760014,2019-12-31T21:12:40.014Z,buy,2.53e-06,200.0,0.0005059999999999
VIB/BTC,1577826761227,2019-12-31T21:12:41.227Z,buy,2.53e-06,200.0,0.0005059999999999
VIB/BTC,1577826762291,2019-12-31T21:12:42.291Z,buy,2.53e-06,200.0,0.0005059999999999
VIB/BTC,1577826763405,2019-12-31T21:12:43.405Z,buy,2.53e-06,200.0,0.0005059999999999
VIB/BTC,1577826764765,2019-12-31T21:12:44.765Z,buy,2.53e-06,200.0,0.0005059999999999
VIB/BTC,1577826766325,2019-12-31T21:12:46.325Z,buy,2.53e-06,200.0,0.0005059999999999
VIB/BTC,1577826768041,2019-12-31T21:12:48.041Z,buy,2.53e-06,200.0,0.0005059999999999
VIB/BTC,1577826774919,2019-12-31T21:12:54.919Z,sell,2.52e-06,3123.0,0.00786996
VIB/BTC,1577826792364,2019-12-31T21:13:12.364Z,sell,2.52e-06,200.0,0.000504
VIB/BTC,1577826793960,2019-12-31T21:13:13.960Z,sell,2.52e-06,200.0,0.000504
VIB/BTC,1577826795643,2019-12-31T21:13:15.643Z,sell,2.52e-06,200.0,0.000504
VIB/BTC,1577826796164,2019-12-31T21:13:16.164Z,sell,2.52e-06,200.0,0.000504
VIB/BTC,1577826796265,2019-12-31T21:13:16.265Z,sell,2.52e-06,200.0,0.000504
VIB/BTC,1577826801583,2019-12-31T21:13:21.583Z,sell,2.52e-06,2171.0,0.00547092
VIB/BTC,1577826801632,2019-12-31T21:13:21.632Z,sell,2.52e-06,10248.0,0.02582496
VIB/BTC,1577826848799,2019-12-31T21:14:08.799Z,buy,2.53e-06,11627.0,0.0294163099999999
VIB/BTC,1577826848805,2019-12-31T21:14:08.805Z,buy,2.53e-06,4441.0,0.01123573
VIB/BTC,1577826849617,2019-12-31T21:14:09.617Z,buy,2.53e-06,2261.0,0.00572033
VIB/BTC,1577826852586,2019-12-31T21:14:12.586Z,buy,2.54e-06,11.0,2.794e-05
VIB/BTC,1577826927277,2019-12-31T21:15:27.277Z,buy,2.54e-06,13.0,3.302e-05
VIB/BTC,1577827034540,2019-12-31T21:17:14.540Z,buy,2.53e-06,128446.0,0.32496838
VIB/BTC,1577827035657,2019-12-31T21:17:15.657Z,buy,2.53e-06,105326.0,0.2664747799999999
VIB/BTC,1577827038504,2019-12-31T21:17:18.504Z,buy,2.53e-06,15414.0,0.03899742
VIB/BTC,1577827042112,2019-12-31T21:17:22.112Z,buy,2.53e-06,25689.0,0.06499317
VIB/BTC,1577827045352,2019-12-31T21:17:25.352Z,buy,2.53e-06,200.0,0.0005059999999999
VIB/BTC,1577827046496,2019-12-31T21:17:26.496Z,buy,2.53e-06,200.0,0.0005059999999999
VIB/BTC,1577827047690,2019-12-31T21:17:27.690Z,buy,2.53e-06,200.0,0.0005059999999999
VIB/BTC,1577827048962,2019-12-31T21:17:28.962Z,buy,2.53e-06,200.0,0.0005059999999999
VIB/BTC,1577827050149,2019-12-31T21:17:30.149Z,buy,2.53e-06,200.0,0.0005059999999999
VIB/BTC,1577827051323,2019-12-31T21:17:31.323Z,buy,2.53e-06,200.0,0.0005059999999999
VIB/BTC,1577827052428,2019-12-31T21:17:32.428Z,buy,2.53e-06,200.0,0.0005059999999999
VIB/BTC,1577827053540,2019-12-31T21:17:33.540Z,buy,2.53e-06,200.0,0.0005059999999999
VIB/BTC,1577827055041,2019-12-31T21:17:35.041Z,buy,2.53e-06,200.0,0.0005059999999999
VIB/BTC,1577827056153,2019-12-31T21:17:36.153Z,buy,2.53e-06,200.0,0.0005059999999999
VIB/BTC,1577827057244,2019-12-31T21:17:37.244Z,buy,2.53e-06,200.0,0.0005059999999999
VIB/BTC,1577827058941,2019-12-31T21:17:38.941Z,buy,2.53e-06,200.0,0.0005059999999999
VIB/BTC,1577827060066,2019-12-31T21:17:40.066Z,buy,2.53e-06,200.0,0.0005059999999999
VIB/BTC,1577827061193,2019-12-31T21:17:41.193Z,buy,2.53e-06,200.0,0.0005059999999999
VIB/BTC,1577827062419,2019-12-31T21:17:42.419Z,buy,2.53e-06,200.0,0.0005059999999999
VIB/BTC,1577827063511,2019-12-31T21:17:43.511Z,buy,2.53e-06,200.0,0.0005059999999999
VIB/BTC,1577827065952,2019-12-31T21:17:45.952Z,buy,2.53e-06,200.0,0.0005059999999999
VIB/BTC,1577827067390,2019-12-31T21:17:47.390Z,buy,2.53e-06,200.0,0.0005059999999999
VIB/BTC,1577827069790,2019-12-31T21:17:49.790Z,buy,2.53e-06,200.0,0.0005059999999999
VIB/BTC,1577827071755,2019-12-31T21:17:51.755Z,buy,2.53e-06,200.0,0.0005059999999999
VIB/BTC,1577827073488,2019-12-31T21:17:53.488Z,buy,2.53e-06,200.0,0.0005059999999999
VIB/BTC,1577827075268,2019-12-31T21:17:55.268Z,buy,2.53e-06,200.0,0.0005059999999999
VIB/BTC,1577827076553,2019-12-31T21:17:56.553Z,buy,2.53e-06,200.0,0.0005059999999999
VIB/BTC,1577827078099,2019-12-31T21:17:58.099Z,buy,2.53e-06,200.0,0.0005059999999999
VIB/BTC,1577827079796,2019-12-31T21:17:59.796Z,buy,2.53e-06,200.0,0.0005059999999999
VIB/BTC,1577827080984,2019-12-31T21:18:00.984Z,buy,2.53e-06,200.0,0.0005059999999999
VIB/BTC,1577827082596,2019-12-31T21:18:02.596Z,buy,2.53e-06,200.0,0.0005059999999999
VIB/BTC,1577827084471,2019-12-31T21:18:04.471Z,buy,2.53e-06,200.0,0.0005059999999999
VIB/BTC,1577827085660,2019-12-31T21:18:05.660Z,buy,2.53e-06,200.0,0.0005059999999999
VIB/BTC,1577827086926,2019-12-31T21:18:06.926Z,buy,2.53e-06,200.0,0.0005059999999999
VIB/BTC,1577827088661,2019-12-31T21:18:08.661Z,buy,2.53e-06,9572.0,0.0242171599999999
VIB/BTC,1577827088765,2019-12-31T21:18:08.765Z,sell,2.53e-06,200.0,0.0005059999999999
VIB/BTC,1577827088859,2019-12-31T21:18:08.859Z,sell,2.53e-06,200.0,0.0005059999999999
VIB/BTC,1577827089395,2019-12-31T21:18:09.395Z,sell,2.53e-06,200.0,0.0005059999999999
VIB/BTC,1577827095231,2019-12-31T21:18:15.231Z,buy,2.54e-06,200.0,0.000508
VIB/BTC,1577827097099,2019-12-31T21:18:17.099Z,buy,2.54e-06,200.0,0.000508
VIB/BTC,1577827098644,2019-12-31T21:18:18.644Z,buy,2.54e-06,200.0,0.000508
VIB/BTC,1577827100219,2019-12-31T21:18:20.219Z,buy,2.54e-06,200.0,0.000508
VIB/BTC,1577827101554,2019-12-31T21:18:21.554Z,buy,2.54e-06,200.0,0.000508
VIB/BTC,1577827103074,2019-12-31T21:18:23.074Z,buy,2.54e-06,200.0,0.000508
VIB/BTC,1577827104323,2019-12-31T21:18:24.323Z,buy,2.54e-06,200.0,0.000508
VIB/BTC,1577827106045,2019-12-31T21:18:26.045Z,buy,2.54e-06,200.0,0.000508
VIB/BTC,1577827106898,2019-12-31T21:18:26.898Z,sell,2.53e-06,200.0,0.0005059999999999
VIB/BTC,1577827107847,2019-12-31T21:18:27.847Z,buy,2.54e-06,200.0,0.000508
VIB/BTC,1577827109395,2019-12-31T21:18:29.395Z,buy,2.54e-06,200.0,0.000508
VIB/BTC,1577827110809,2019-12-31T21:18:30.809Z,buy,2.54e-06,200.0,0.000508
VIB/BTC,1577827113617,2019-12-31T21:18:33.617Z,buy,2.54e-06,200.0,0.000508
VIB/BTC,1577827115310,2019-12-31T21:18:35.310Z,buy,2.54e-06,200.0,0.000508
VIB/BTC,1577827116520,2019-12-31T21:18:36.520Z,buy,2.54e-06,200.0,0.000508
VIB/BTC,1577827117838,2019-12-31T21:18:37.838Z,buy,2.54e-06,200.0,0.000508
VIB/BTC,1577827120976,2019-12-31T21:18:40.976Z,buy,2.54e-06,200.0,0.000508
VIB/BTC,1577827123434,2019-12-31T21:18:43.434Z,buy,2.54e-06,200.0,0.000508
VIB/BTC,1577827124595,2019-12-31T21:18:44.595Z,buy,2.54e-06,200.0,0.000508
VIB/BTC,1577827126364,2019-12-31T21:18:46.364Z,buy,2.54e-06,200.0,0.000508
VIB/BTC,1577827127663,2019-12-31T21:18:47.663Z,buy,2.54e-06,200.0,0.000508
VIB/BTC,1577827128921,2019-12-31T21:18:48.921Z,buy,2.54e-06,200.0,0.000508
VIB/BTC,1577827130208,2019-12-31T21:18:50.208Z,buy,2.54e-06,200.0,0.000508
VIB/BTC,1577827131784,2019-12-31T21:18:51.784Z,buy,2.54e-06,200.0,0.000508
VIB/BTC,1577827133029,2019-12-31T21:18:53.029Z,buy,2.54e-06,200.0,0.000508
VIB/BTC,1577827134783,2019-12-31T21:18:54.783Z,buy,2.54e-06,200.0,0.000508
VIB/BTC,1577827136997,2019-12-31T21:18:56.997Z,buy,2.54e-06,200.0,0.000508
VIB/BTC,1577827138193,2019-12-31T21:18:58.193Z,buy,2.54e-06,200.0,0.000508
VIB/BTC,1577827139371,2019-12-31T21:18:59.371Z,buy,2.54e-06,200.0,0.000508
VIB/BTC,1577827140691,2019-12-31T21:19:00.691Z,buy,2.54e-06,200.0,0.000508
VIB/BTC,1577827153170,2019-12-31T21:19:13.170Z,buy,2.54e-06,10000.0,0.0254
VIB/BTC,1577827179722,2019-12-31T21:19:39.722Z,buy,2.54e-06,652.0,0.0016560799999999
VIB/BTC,1577827179794,2019-12-31T21:19:39.794Z,sell,2.54e-06,48.0,0.00012192
VIB/BTC,1577827342667,2019-12-31T21:22:22.667Z,sell,2.53e-06,200.0,0.0005059999999999
VIB/BTC,1577827433680,2019-12-31T21:23:53.680Z,sell,2.53e-06,1181.0,0.0029879299999999
VIB/BTC,1577827433680,2019-12-31T21:23:53.680Z,sell,2.52e-06,19020.0,0.0479304
VIB/BTC,1577827541786,2019-12-31T21:25:41.786Z,buy,2.53e-06,200.0,0.0005059999999999
VIB/BTC,1577827576144,2019-12-31T21:26:16.144Z,buy,2.53e-06,200.0,0.0005059999999999
VIB/BTC,1577827581297,2019-12-31T21:26:21.297Z,buy,2.53e-06,200.0,0.0005059999999999
VIB/BTC,1577827635833,2019-12-31T21:27:15.833Z,buy,2.53e-06,200.0,0.0005059999999999
VIB/BTC,1577827636555,2019-12-31T21:27:16.555Z,buy,2.53e-06,200.0,0.0005059999999999
VIB/BTC,1577827636759,2019-12-31T21:27:16.759Z,buy,2.53e-06,200.0,0.0005059999999999
VIB/BTC,1577827820949,2019-12-31T21:30:20.949Z,sell,2.52e-06,2780.0,0.0070056
VIB/BTC,1577828337827,2019-12-31T21:38:57.827Z,buy,2.53e-06,200.0,0.0005059999999999
VIB/BTC,1577828503854,2019-12-31T21:41:43.854Z,buy,2.53e-06,200.0,0.0005059999999999
VIB/BTC,1577828558483,2019-12-31T21:42:38.483Z,buy,2.53e-06,200.0,0.0005059999999999
VIB/BTC,1577828564344,2019-12-31T21:42:44.344Z,buy,2.53e-06,200.0,0.0005059999999999
VIB/BTC,1577828672752,2019-12-31T21:44:32.752Z,buy,2.53e-06,200.0,0.0005059999999999
VIB/BTC,1577828721982,2019-12-31T21:45:21.982Z,sell,2.52e-06,3786.0,0.00954072
VIB/BTC,1577828872411,2019-12-31T21:47:52.411Z,sell,2.52e-06,15681.0,0.03951612
VIB/BTC,1577829321389,2019-12-31T21:55:21.389Z,sell,2.52e-06,2388.0,0.00601776
VIB/BTC,1577829321389,2019-12-31T21:55:21.389Z,sell,2.52e-06,2388.0,0.00601776
VIB/BTC,1577829921532,2019-12-31T22:05:21.532Z,sell,2.52e-06,2958.0,0.00745416
VIB/BTC,1577830521401,2019-12-31T22:15:21.401Z,sell,2.52e-06,2423.0,0.00610596
VIB/BTC,1577830635999,2019-12-31T22:17:15.999Z,sell,2.52e-06,316.0,0.00079632
VIB/BTC,1577830775905,2019-12-31T22:19:35.905Z,sell,2.52e-06,8789.0,0.02214828
VIB/BTC,1577830829460,2019-12-31T22:20:29.460Z,sell,2.52e-06,2532.0,0.00638064
VIB/BTC,1577830883278,2019-12-31T22:21:23.278Z,buy,2.53e-06,81265.0,0.20560045
VIB/BTC,1577830883278,2019-12-31T22:21:23.278Z,buy,2.54e-06,196493.0,0.49909222
VIB/BTC,1577830883278,2019-12-31T22:21:23.278Z,buy,2.55e-06,106574.0,0.2717637
VIB/BTC,1577830883291,2019-12-31T22:21:23.291Z,sell,2.55e-06,29776.0,0.0759288
VIB/BTC,1577830883311,2019-12-31T22:21:23.311Z,sell,2.55e-06,10169.0,0.02593095
VIB/BTC,1577830883311,2019-12-31T22:21:23.311Z,sell,2.55e-06,7717.0,0.01967835
VIB/BTC,1577830883386,2019-12-31T22:21:23.386Z,sell,2.55e-06,568.0,0.0014484
VIB/BTC,1577830883405,2019-12-31T22:21:23.405Z,buy,2.56e-06,1242.0,0.00317952
VIB/BTC,1577830883527,2019-12-31T22:21:23.527Z,sell,2.55e-06,768.0,0.0019584
VIB/BTC,1577830883530,2019-12-31T22:21:23.530Z,sell,2.55e-06,768.0,0.0019584
VIB/BTC,1577830883678,2019-12-31T22:21:23.678Z,sell,2.55e-06,4097.0,0.01044735
VIB/BTC,1577830883872,2019-12-31T22:21:23.872Z,sell,2.55e-06,627.0,0.00159885
VIB/BTC,1577830883932,2019-12-31T22:21:23.932Z,sell,2.55e-06,354.0,0.0009027
VIB/BTC,1577830883945,2019-12-31T22:21:23.945Z,sell,2.55e-06,771.0,0.00196605
VIB/BTC,1577830885355,2019-12-31T22:21:25.355Z,sell,2.55e-06,316.0,0.0008058
VIB/BTC,1577830889343,2019-12-31T22:21:29.343Z,sell,2.55e-06,1808.0,0.0046104
VIB/BTC,1577830907166,2019-12-31T22:21:47.166Z,sell,2.54e-06,100.0,0.000254
VIB/BTC,1577830919299,2019-12-31T22:21:59.299Z,buy,2.55e-06,27842.0,0.0709971
VIB/BTC,1577830928005,2019-12-31T22:22:08.005Z,sell,2.55e-06,40.0,0.000102
VIB/BTC,1577830931493,2019-12-31T22:22:11.493Z,sell,2.55e-06,1587.0,0.00404685
VIB/BTC,1577830941193,2019-12-31T22:22:21.193Z,sell,2.55e-06,13011.0,0.03317805
VIB/BTC,1577830941204,2019-12-31T22:22:21.204Z,sell,2.55e-06,12663.0,0.03229065
VIB/BTC,1577830970184,2019-12-31T22:22:50.184Z,buy,2.55e-06,106993.0,0.27283215
VIB/BTC,1577830970206,2019-12-31T22:22:50.206Z,sell,2.55e-06,66113.0,0.16858815
VIB/BTC,1577830984721,2019-12-31T22:23:04.721Z,sell,2.55e-06,471.0,0.00120105
VIB/BTC,1577830987441,2019-12-31T22:23:07.441Z,sell,2.55e-06,1337.0,0.00340935
VIB/BTC,1577831214043,2019-12-31T22:26:54.043Z,buy,2.55e-06,14651.0,0.03736005
VIB/BTC,1577831421950,2019-12-31T22:30:21.950Z,sell,2.54e-06,2592.0,0.00658368
VIB/BTC,1577831632246,2019-12-31T22:33:52.246Z,sell,2.54e-06,77.0,0.00019558
VIB/BTC,1577831716116,2019-12-31T22:35:16.116Z,sell,2.54e-06,3712.0,0.00942848
VIB/BTC,1577831716122,2019-12-31T22:35:16.122Z,sell,2.54e-06,12003.0,0.0304876199999999
VIB/BTC,1577831716130,2019-12-31T22:35:16.130Z,sell,2.54e-06,17831.0,0.0452907399999999
VIB/BTC,1577831716139,2019-12-31T22:35:16.139Z,sell,2.54e-06,17999.0,0.0457174599999999
VIB/BTC,1577831716139,2019-12-31T22:35:16.139Z,sell,2.54e-06,15280.0,0.0388112
VIB/BTC,1577831716328,2019-12-31T22:35:16.328Z,sell,2.54e-06,60.0,0.0001524
VIB/BTC,1577831716330,2019-12-31T22:35:16.330Z,sell,2.54e-06,59.0,0.0001498599999999
VIB/BTC,1577831864757,2019-12-31T22:37:44.757Z,sell,2.54e-06,1277.0,0.00324358
VIB/BTC,1577831876568,2019-12-31T22:37:56.568Z,buy,2.54e-06,282.0,0.0007162799999999
VIB/BTC,1577831878170,2019-12-31T22:37:58.170Z,buy,2.54e-06,285.0,0.0007239
VIB/BTC,1577831893475,2019-12-31T22:38:13.475Z,buy,2.54e-06,254.0,0.00064516
VIB/BTC,1577832021010,2019-12-31T22:40:21.010Z,sell,2.53e-06,2372.0,0.00600116
VIB/BTC,1577832152057,2019-12-31T22:42:32.057Z,buy,2.54e-06,13831.0,0.03513074
VIB/BTC,1577832174017,2019-12-31T22:42:54.017Z,buy,2.54e-06,54.0,0.00013716
VIB/BTC,1577832446804,2019-12-31T22:47:26.804Z,buy,2.54e-06,22795.0,0.0578992999999999
VIB/BTC,1577832491596,2019-12-31T22:48:11.596Z,buy,2.55e-06,15585.0,0.03974175
VIB/BTC,1577832582136,2019-12-31T22:49:42.136Z,sell,2.55e-06,36627.0,0.09339885
VIB/BTC,1577832582136,2019-12-31T22:49:42.136Z,sell,2.54e-06,60737.0,0.15427198
VIB/BTC,1577832582136,2019-12-31T22:49:42.136Z,sell,2.53e-06,20609.0,0.0521407699999999
VIB/BTC,1577832582136,2019-12-31T22:49:42.136Z,sell,2.55e-06,36627.0,0.09339885
VIB/BTC,1577832582136,2019-12-31T22:49:42.136Z,sell,2.54e-06,60737.0,0.15427198
VIB/BTC,1577832582136,2019-12-31T22:49:42.136Z,sell,2.53e-06,20609.0,0.0521407699999999
VIB/BTC,1577832970104,2019-12-31T22:56:10.104Z,sell,2.54e-06,59.0,0.0001498599999999
VIB/BTC,1577833455274,2019-12-31T23:04:15.274Z,sell,2.54e-06,196.0,0.0004978399999999
VIB/BTC,1577833522261,2019-12-31T23:05:22.261Z,sell,2.54e-06,1319.0,0.00335026
VIB/BTC,1577833522261,2019-12-31T23:05:22.261Z,sell,2.53e-06,2677.0,0.00677281
VIB/BTC,1577834102859,2019-12-31T23:15:02.859Z,sell,2.53e-06,69725.0,0.1764042499999999
VIB/BTC,1577834121762,2019-12-31T23:15:21.762Z,sell,2.53e-06,3599.0,0.00910547
VIB/BTC,1577834190036,2019-12-31T23:16:30.036Z,buy,2.54e-06,2163.0,0.00549402
VIB/BTC,1577834190036,2019-12-31T23:16:30.036Z,buy,2.55e-06,2223.0,0.00566865
VIB/BTC,1577834190036,2019-12-31T23:16:30.036Z,buy,2.56e-06,3488.0,0.00892928
VIB/BTC,1577834224124,2019-12-31T23:17:04.124Z,sell,2.54e-06,59.0,0.0001498599999999
VIB/BTC,1577834306028,2019-12-31T23:18:26.028Z,buy,2.55e-06,2963.0,0.00755565
VIB/BTC,1577834306050,2019-12-31T23:18:26.050Z,sell,2.55e-06,2048.0,0.0052224
VIB/BTC,1577834430696,2019-12-31T23:20:30.696Z,buy,2.55e-06,313.0,0.00079815
VIB/BTC,1577834635412,2019-12-31T23:23:55.412Z,sell,2.54e-06,2706.0,0.0068732399999999
VIB/BTC,1577834635412,2019-12-31T23:23:55.412Z,sell,2.53e-06,23487.0,0.05942211
VIB/BTC,1577835022224,2019-12-31T23:30:22.224Z,sell,2.53e-06,2589.0,0.00655017
VIB/BTC,1577835022224,2019-12-31T23:30:22.224Z,sell,2.52e-06,543.0,0.00136836
VIB/BTC,1577835219717,2019-12-31T23:33:39.717Z,buy,2.54e-06,13.0,3.302e-05
VIB/BTC,1577835621499,2019-12-31T23:40:21.499Z,sell,2.53e-06,3890.0,0.0098417
VIB/BTC,1577835621499,2019-12-31T23:40:21.499Z,sell,2.53e-06,3890.0,0.0098417
VIB/BTC,1577836221116,2019-12-31T23:50:21.116Z,sell,2.53e-06,3550.0,0.0089815
VIB/BTC,1577836820895,2020-01-01T00:00:20.895Z,sell,2.52e-06,3060.0,0.0077112
VIB/BTC,1577836821701,2020-01-01T00:00:21.701Z,buy,2.53e-06,2123.0,0.00537119
VIB/BTC,1577836835806,2020-01-01T00:00:35.806Z,sell,2.52e-06,141.0,0.00035532
VIB/BTC,1577837286824,2020-01-01T00:08:06.824Z,buy,2.54e-06,135.0,0.0003429
VIB/BTC,1577837420057,2020-01-01T00:10:20.057Z,sell,2.53e-06,2823.0,0.00714219
VIB/BTC,1577838020630,2020-01-01T00:20:20.630Z,sell,2.52e-06,4070.0,0.0102564
VIB/BTC,1577838561044,2020-01-01T00:29:21.044Z,sell,2.52e-06,379.0,0.00095508
VIB/BTC,1577838620771,2020-01-01T00:30:20.771Z,sell,2.52e-06,3118.0,0.00785736
VIB/BTC,1577839220693,2020-01-01T00:40:20.693Z,sell,2.53e-06,2891.0,0.00731423
VIB/BTC,1577839220693,2020-01-01T00:40:20.693Z,sell,2.53e-06,2891.0,0.00731423
VIB/BTC,1577839377340,2020-01-01T00:42:57.340Z,buy,2.54e-06,1575.0,0.0040005
VIB/BTC,1577840121000,2020-01-01T00:55:21.000Z,sell,2.54e-06,805.0,0.0020447
VIB/BTC,1577840121000,2020-01-01T00:55:21.000Z,sell,2.53e-06,2850.0,0.0072105
VIB/BTC,1577840173447,2020-01-01T00:56:13.447Z,buy,2.54e-06,40892.0,0.1038656799999999
VIB/BTC,1577840175838,2020-01-01T00:56:15.838Z,buy,2.54e-06,3617.0,0.00918718
VIB/BTC,1577840175838,2020-01-01T00:56:15.838Z,buy,2.55e-06,420744.0,1.0728972
VIB/BTC,1577840493091,2020-01-01T01:01:33.091Z,buy,2.55e-06,785.0,0.00200175
VIB/BTC,1577840720856,2020-01-01T01:05:20.856Z,sell,2.54e-06,2547.0,0.0064693799999999
VIB/BTC,1577840752521,2020-01-01T01:05:52.521Z,sell,2.54e-06,573.0,0.0014554199999999
VIB/BTC,1577841834235,2020-01-01T01:23:54.235Z,sell,2.54e-06,13138.0,0.03337052
VIB/BTC,1577841921179,2020-01-01T01:25:21.179Z,sell,2.54e-06,2677.0,0.0067995799999999
VIB/BTC,1577842255241,2020-01-01T01:30:55.241Z,sell,2.54e-06,59.0,0.0001498599999999
VIB/BTC,1577842302087,2020-01-01T01:31:42.087Z,sell,2.54e-06,330.0,0.0008382
VIB/BTC,1577842302087,2020-01-01T01:31:42.087Z,sell,2.54e-06,330.0,0.0008382
VIB/BTC,1577842916237,2020-01-01T01:41:56.237Z,sell,2.54e-06,3657.0,0.00928878
VIB/BTC,1577843420715,2020-01-01T01:50:20.715Z,sell,2.54e-06,2481.0,0.0063017399999999
VIB/BTC,1577844011806,2020-01-01T02:00:11.806Z,buy,2.55e-06,200.0,0.00051
VIB/BTC,1577844011902,2020-01-01T02:00:11.902Z,buy,2.55e-06,200.0,0.00051
VIB/BTC,1577844920839,2020-01-01T02:15:20.839Z,sell,2.54e-06,2884.0,0.0073253599999999
VIB/BTC,1577845631776,2020-01-01T02:27:11.776Z,buy,2.55e-06,100.0,0.000255
VIB/BTC,1577845713654,2020-01-01T02:28:33.654Z,sell,2.54e-06,95.0,0.0002412999999999
VIB/BTC,1577845713654,2020-01-01T02:28:33.654Z,sell,2.54e-06,95.0,0.0002412999999999
VIB/BTC,1577846362770,2020-01-01T02:39:22.770Z,buy,2.55e-06,9521.0,0.02427855
VIB/BTC,1577846405124,2020-01-01T02:40:05.124Z,buy,2.56e-06,2359.0,0.00603904
VIB/BTC,1577846405145,2020-01-01T02:40:05.145Z,sell,2.56e-06,600.0,0.001536
VIB/BTC,1577846405456,2020-01-01T02:40:05.456Z,sell,2.56e-06,40.0,0.0001024
VIB/BTC,1577846405551,2020-01-01T02:40:05.551Z,sell,2.56e-06,1746.0,0.00446976
VIB/BTC,1577846423306,2020-01-01T02:40:23.306Z,sell,2.56e-06,4866.0,0.01245696
VIB/BTC,1577846432228,2020-01-01T02:40:32.228Z,sell,2.56e-06,2210.0,0.0056576
VIB/BTC,1577846455841,2020-01-01T02:40:55.841Z,sell,2.56e-06,58.0,0.00014848
VIB/BTC,1577846468066,2020-01-01T02:41:08.066Z,sell,2.56e-06,40.0,0.0001024
VIB/BTC,1577846680474,2020-01-01T02:44:40.474Z,sell,2.56e-06,1613.0,0.00412928
VIB/BTC,1577846680474,2020-01-01T02:44:40.474Z,sell,2.55e-06,9537.0,0.02431935
VIB/BTC,1577846754512,2020-01-01T02:45:54.512Z,sell,2.55e-06,20382.0,0.0519741
VIB/BTC,1577846891941,2020-01-01T02:48:11.941Z,sell,2.55e-06,11907.0,0.03036285
VIB/BTC,1577847008316,2020-01-01T02:50:08.316Z,buy,2.57e-06,266.0,0.00068362
VIB/BTC,1577847120657,2020-01-01T02:52:00.657Z,buy,2.57e-06,13534.0,0.03478238
VIB/BTC,1577847321281,2020-01-01T02:55:21.281Z,sell,2.56e-06,2548.0,0.00652288
VIB/BTC,1577847539740,2020-01-01T02:58:59.740Z,buy,2.57e-06,3744.0,0.00962208
VIB/BTC,1577847921164,2020-01-01T03:05:21.164Z,sell,2.56e-06,1289.0,0.00329984
VIB/BTC,1577847921164,2020-01-01T03:05:21.164Z,sell,2.55e-06,1354.0,0.0034527
VIB/BTC,1577847921164,2020-01-01T03:05:21.164Z,sell,2.56e-06,1289.0,0.00329984
VIB/BTC,1577847921164,2020-01-01T03:05:21.164Z,sell,2.55e-06,1354.0,0.0034527
VIB/BTC,1577851013715,2020-01-01T03:56:53.715Z,buy,2.57e-06,7014.0,0.01802598
VIB/BTC,1577851287796,2020-01-01T04:01:27.796Z,buy,2.57e-06,40.0,0.0001028
VIB/BTC,1577851287796,2020-01-01T04:01:27.796Z,buy,2.57e-06,40.0,0.0001028
VIB/BTC,1577852210515,2020-01-01T04:16:50.515Z,sell,2.55e-06,386.0,0.0009843
VIB/BTC,1577853570865,2020-01-01T04:39:30.865Z,buy,2.57e-06,7030.0,0.0180671
VIB/BTC,1577854486016,2020-01-01T04:54:46.016Z,buy,2.57e-06,78.0,0.00020046
VIB/BTC,1577854486016,2020-01-01T04:54:46.016Z,buy,2.57e-06,78.0,0.00020046
VIB/BTC,1577856041137,2020-01-01T05:20:41.137Z,sell,2.55e-06,30444.0,0.0776322
VIB/BTC,1577856125580,2020-01-01T05:22:05.580Z,sell,2.55e-06,257.0,0.00065535
VIB/BTC,1577856390420,2020-01-01T05:26:30.420Z,sell,2.55e-06,805.0,0.00205275
VIB/BTC,1577856678194,2020-01-01T05:31:18.194Z,buy,2.56e-06,72.0,0.00018432
VIB/BTC,1577856995045,2020-01-01T05:36:35.045Z,sell,2.55e-06,15484.0,0.0394842
VIB/BTC,1577857956381,2020-01-01T05:52:36.381Z,sell,2.55e-06,15035.0,0.03833925
VIB/BTC,1577857956381,2020-01-01T05:52:36.381Z,sell,2.55e-06,15035.0,0.03833925
VIB/BTC,1577858241952,2020-01-01T05:57:21.952Z,sell,2.55e-06,16605.0,0.04234275
VIB/BTC,1577858241956,2020-01-01T05:57:21.956Z,sell,2.55e-06,4744.0,0.0120972
VIB/BTC,1577858241958,2020-01-01T05:57:21.958Z,sell,2.55e-06,4744.0,0.0120972
VIB/BTC,1577858241965,2020-01-01T05:57:21.965Z,sell,2.55e-06,2131.0,0.00543405
VIB/BTC,1577858294306,2020-01-01T05:58:14.306Z,sell,2.55e-06,61.0,0.00015555
VIB/BTC,1577858327643,2020-01-01T05:58:47.643Z,sell,2.55e-06,2879.0,0.00734145
VIB/BTC,1577858522438,2020-01-01T06:02:02.438Z,sell,2.55e-06,47.0,0.00011985
VIB/BTC,1577858618871,2020-01-01T06:03:38.871Z,buy,2.56e-06,318.0,0.00081408
VIB/BTC,1577858618892,2020-01-01T06:03:38.892Z,sell,2.56e-06,5949.0,0.01522944
VIB/BTC,1577859667094,2020-01-01T06:21:07.094Z,sell,2.56e-06,1402.0,0.00358912
VIB/BTC,1577859713835,2020-01-01T06:21:53.835Z,sell,2.55e-06,4865.0,0.01240575
VIB/BTC,1577859713835,2020-01-01T06:21:53.835Z,sell,2.55e-06,4865.0,0.01240575
VIB/BTC,1577862229407,2020-01-01T07:03:49.407Z,sell,2.56e-06,510.0,0.0013056
VIB/BTC,1577862233267,2020-01-01T07:03:53.267Z,buy,2.57e-06,973.0,0.00250061
VIB/BTC,1577863302435,2020-01-01T07:21:42.435Z,sell,2.56e-06,1264.0,0.00323584
VIB/BTC,1577863302435,2020-01-01T07:21:42.435Z,sell,2.55e-06,774.0,0.0019737
VIB/BTC,1577863302435,2020-01-01T07:21:42.435Z,sell,2.56e-06,1264.0,0.00323584
VIB/BTC,1577863302435,2020-01-01T07:21:42.435Z,sell,2.55e-06,774.0,0.0019737
VIB/BTC,1577863326785,2020-01-01T07:22:06.785Z,buy,2.57e-06,7965.0,0.02047005
VIB/BTC,1577863326785,2020-01-01T07:22:06.785Z,buy,2.58e-06,73360.0,0.1892688
VIB/BTC,1577863326785,2020-01-01T07:22:06.785Z,buy,2.59e-06,1849176.0,4.78936584
VIB/BTC,1577863327414,2020-01-01T07:22:07.414Z,buy,2.57e-06,2123.0,0.00545611
VIB/BTC,1577863327605,2020-01-01T07:22:07.605Z,buy,2.57e-06,373.0,0.0009586099999999
VIB/BTC,1577863327700,2020-01-01T07:22:07.700Z,buy,2.57e-06,326.0,0.00083782
VIB/BTC,1577863328032,2020-01-01T07:22:08.032Z,buy,2.57e-06,212.0,0.00054484
VIB/BTC,1577863328666,2020-01-01T07:22:08.666Z,buy,2.57e-06,490.0,0.0012592999999999
VIB/BTC,1577863360930,2020-01-01T07:22:40.930Z,buy,2.57e-06,100.0,0.000257
VIB/BTC,1577863434111,2020-01-01T07:23:54.111Z,buy,2.57e-06,4.0,1.028e-05
VIB/BTC,1577863435149,2020-01-01T07:23:55.149Z,sell,2.57e-06,74.0,0.00019018
VIB/BTC,1577864316636,2020-01-01T07:38:36.636Z,buy,2.57e-06,122.0,0.00031354
VIB/BTC,1577864533556,2020-01-01T07:42:13.556Z,buy,2.58e-06,654.0,0.00168732
VIB/BTC,1577865652693,2020-01-01T08:00:52.693Z,sell,2.57e-06,447.0,0.00114879
VIB/BTC,1577865833911,2020-01-01T08:03:53.911Z,sell,2.57e-06,50.0,0.0001285
VIB/BTC,1577866237588,2020-01-01T08:10:37.588Z,sell,2.57e-06,139.0,0.00035723
VIB/BTC,1577866237588,2020-01-01T08:10:37.588Z,sell,2.56e-06,10491.0,0.02685696
VIB/BTC,1577866237599,2020-01-01T08:10:37.599Z,sell,2.56e-06,1443.0,0.00369408
VIB/BTC,1577866237602,2020-01-01T08:10:37.602Z,sell,2.56e-06,139.0,0.00035584
VIB/BTC,1577866288866,2020-01-01T08:11:28.866Z,sell,2.56e-06,89.0,0.00022784
VIB/BTC,1577866747940,2020-01-01T08:19:07.940Z,sell,2.56e-06,3740.0,0.0095744
VIB/BTC,1577866747940,2020-01-01T08:19:07.940Z,sell,2.56e-06,3740.0,0.0095744
VIB/BTC,1577867429733,2020-01-01T08:30:29.733Z,sell,2.56e-06,1000.0,0.00256
VIB/BTC,1577868056396,2020-01-01T08:40:56.396Z,sell,2.56e-06,21378.0,0.05472768
VIB/BTC,1577868056406,2020-01-01T08:40:56.406Z,sell,2.56e-06,2129.0,0.00545024
VIB/BTC,1577868056415,2020-01-01T08:40:56.415Z,sell,2.56e-06,2316.0,0.00592896
VIB/BTC,1577868056429,2020-01-01T08:40:56.429Z,buy,2.56e-06,3916.0,0.01002496
VIB/BTC,1577869125444,2020-01-01T08:58:45.444Z,sell,2.56e-06,45799.0,0.11724544
VIB/BTC,1577869134658,2020-01-01T08:58:54.658Z,sell,2.55e-06,18508.0,0.0471954
VIB/BTC,1577869173850,2020-01-01T08:59:33.850Z,buy,2.57e-06,78655.0,0.20214335
VIB/BTC,1577869178595,2020-01-01T08:59:38.595Z,buy,2.57e-06,86544.0,0.22241808
VIB/BTC,1577869183746,2020-01-01T08:59:43.746Z,buy,2.57e-06,78322.0,0.20128754
VIB/BTC,1577869189518,2020-01-01T08:59:49.518Z,buy,2.57e-06,84577.0,0.21736289
VIB/BTC,1577869194378,2020-01-01T08:59:54.378Z,buy,2.57e-06,78655.0,0.20214335
VIB/BTC,1577869199802,2020-01-01T08:59:59.802Z,buy,2.57e-06,89644.0,0.23038508
VIB/BTC,1577869206900,2020-01-01T09:00:06.900Z,buy,2.57e-06,78322.0,0.20128754
VIB/BTC,1577869211929,2020-01-01T09:00:11.929Z,buy,2.57e-06,84577.0,0.21736289
VIB/BTC,1577869217848,2020-01-01T09:00:17.848Z,buy,2.57e-06,78655.0,0.20214335
VIB/BTC,1577869222400,2020-01-01T09:00:22.400Z,buy,2.57e-06,86577.0,0.22250289
VIB/BTC,1577869227659,2020-01-01T09:00:27.659Z,buy,2.57e-06,78644.0,0.20211508
VIB/BTC,1577869233111,2020-01-01T09:00:33.111Z,buy,2.57e-06,84577.0,0.21736289
VIB/BTC,1577869238891,2020-01-01T09:00:38.891Z,buy,2.57e-06,76555.0,0.19674635
VIB/BTC,1577869244991,2020-01-01T09:00:44.991Z,buy,2.57e-06,84566.0,0.21733462
VIB/BTC,1577869249795,2020-01-01T09:00:49.795Z,buy,2.57e-06,73288.0,0.18835016
VIB/BTC,1577869254800,2020-01-01T09:00:54.800Z,buy,2.57e-06,84577.0,0.21736289
VIB/BTC,1577869259765,2020-01-01T09:00:59.765Z,buy,2.57e-06,76533.0,0.19668981
VIB/BTC,1577869265344,2020-01-01T09:01:05.344Z,buy,2.57e-06,89655.0,0.23041335
VIB/BTC,1577869273537,2020-01-01T09:01:13.537Z,buy,2.57e-06,74533.0,0.19154981
VIB/BTC,1577869279193,2020-01-01T09:01:19.193Z,buy,2.57e-06,98654.0,0.25354078
VIB/BTC,1577869312977,2020-01-01T09:01:52.977Z,buy,2.57e-06,548.0,0.00140836
VIB/BTC,1577869320051,2020-01-01T09:02:00.051Z,buy,2.57e-06,2972.0,0.00763804
VIB/BTC,1577869380100,2020-01-01T09:03:00.100Z,buy,2.57e-06,8949.0,0.02299893
VIB/BTC,1577869419681,2020-01-01T09:03:39.681Z,sell,2.57e-06,67.0,0.00017219
VIB/BTC,1577869428211,2020-01-01T09:03:48.211Z,buy,2.58e-06,20088.0,0.05182704
VIB/BTC,1577869435373,2020-01-01T09:03:55.373Z,sell,2.57e-06,22748.0,0.05846236
VIB/BTC,1577869441320,2020-01-01T09:04:01.320Z,sell,2.57e-06,183.0,0.00047031
VIB/BTC,1577869443896,2020-01-01T09:04:03.896Z,buy,2.57e-06,76361.0,0.19624777
VIB/BTC,1577869446820,2020-01-01T09:04:06.820Z,sell,2.57e-06,183.0,0.00047031
VIB/BTC,1577869453240,2020-01-01T09:04:13.240Z,sell,2.56e-06,1228.0,0.00314368
VIB/BTC,1577869455796,2020-01-01T09:04:15.796Z,buy,2.56e-06,86577.0,0.22163712
VIB/BTC,1577869461113,2020-01-01T09:04:21.113Z,buy,2.56e-06,74233.0,0.19003648
VIB/BTC,1577869472362,2020-01-01T09:04:32.362Z,buy,2.57e-06,84566.0,0.21733462
VIB/BTC,1577869478489,2020-01-01T09:04:38.489Z,sell,2.56e-06,212.0,0.00054272
VIB/BTC,1577869481271,2020-01-01T09:04:41.271Z,buy,2.56e-06,78653.0,0.20135168
VIB/BTC,1577869488784,2020-01-01T09:04:48.784Z,buy,2.56e-06,84566.0,0.21648896
VIB/BTC,1577869497281,2020-01-01T09:04:57.281Z,buy,2.56e-06,45232.0,0.11579392
VIB/BTC,1577869502368,2020-01-01T09:05:02.368Z,sell,2.55e-06,45328.0,0.1155864
VIB/BTC,1577869504908,2020-01-01T09:05:04.908Z,sell,2.55e-06,141.0,0.00035955
VIB/BTC,1577869509223,2020-01-01T09:05:09.223Z,buy,2.57e-06,78655.0,0.20214335
VIB/BTC,1577869515427,2020-01-01T09:05:15.427Z,buy,2.57e-06,84568.0,0.21733976
VIB/BTC,1577869521172,2020-01-01T09:05:21.172Z,buy,2.57e-06,73246.0,0.18824222
VIB/BTC,1577869528443,2020-01-01T09:05:28.443Z,buy,2.57e-06,86547.0,0.2224257899999999
VIB/BTC,1577869537225,2020-01-01T09:05:37.225Z,buy,2.57e-06,74815.0,0.19227455
VIB/BTC,1577869542906,2020-01-01T09:05:42.906Z,sell,2.57e-06,3576.0,0.00919032
VIB/BTC,1577869545070,2020-01-01T09:05:45.070Z,buy,2.57e-06,52261.0,0.13431077
VIB/BTC,1577869553223,2020-01-01T09:05:53.223Z,buy,2.57e-06,75778.0,0.1947494599999999
VIB/BTC,1577869559344,2020-01-01T09:05:59.344Z,buy,2.57e-06,36583.0,0.09401831
VIB/BTC,1577869568509,2020-01-01T09:06:08.509Z,buy,2.57e-06,86547.0,0.2224257899999999
VIB/BTC,1577869574747,2020-01-01T09:06:14.747Z,buy,2.57e-06,78656.0,0.20214592
VIB/BTC,1577869630488,2020-01-01T09:07:10.488Z,sell,2.56e-06,2190.0,0.0056064
VIB/BTC,1577869940973,2020-01-01T09:12:20.973Z,buy,2.56e-06,1573.0,0.00402688
VIB/BTC,1577869940973,2020-01-01T09:12:20.973Z,buy,2.56e-06,1573.0,0.00402688
VIB/BTC,1577870720846,2020-01-01T09:25:20.846Z,buy,2.57e-06,1312.0,0.00337184
VIB/BTC,1577870720846,2020-01-01T09:25:20.846Z,buy,2.58e-06,1210.0,0.0031217999999999
VIB/BTC,1577870928429,2020-01-01T09:28:48.429Z,buy,2.58e-06,40.0,0.0001031999999999
VIB/BTC,1577871059679,2020-01-01T09:30:59.679Z,buy,2.58e-06,40.0,0.0001031999999999
VIB/BTC,1577871213400,2020-01-01T09:33:33.400Z,sell,2.56e-06,1359.0,0.00347904
VIB/BTC,1577872521402,2020-01-01T09:55:21.402Z,buy,2.57e-06,1116.0,0.00286812
VIB/BTC,1577872521402,2020-01-01T09:55:21.402Z,buy,2.58e-06,1315.0,0.0033927
VIB/BTC,1577872521402,2020-01-01T09:55:21.402Z,buy,2.57e-06,1116.0,0.00286812
VIB/BTC,1577872521402,2020-01-01T09:55:21.402Z,buy,2.58e-06,1315.0,0.0033927
VIB/BTC,1577873591201,2020-01-01T10:13:11.201Z,buy,2.58e-06,59.0,0.00015222
VIB/BTC,1577873921727,2020-01-01T10:18:41.727Z,sell,2.57e-06,100.0,0.000257
VIB/BTC,1577874021295,2020-01-01T10:20:21.295Z,buy,2.58e-06,2435.0,0.0062822999999999
VIB/BTC,1577874054444,2020-01-01T10:20:54.444Z,buy,2.58e-06,78.0,0.00020124
VIB/BTC,1577874238305,2020-01-01T10:23:58.305Z,sell,2.57e-06,973.0,0.00250061
VIB/BTC,1577874802029,2020-01-01T10:33:22.029Z,buy,2.58e-06,7576.0,0.01954608
VIB/BTC,1577874802045,2020-01-01T10:33:22.045Z,sell,2.58e-06,2011.0,0.0051883799999999
VIB/BTC,1577874802055,2020-01-01T10:33:22.055Z,sell,2.58e-06,5758.0,0.01485564
VIB/BTC,1577874822231,2020-01-01T10:33:42.231Z,sell,2.58e-06,100.0,0.000258
VIB/BTC,1577874848264,2020-01-01T10:34:08.264Z,sell,2.58e-06,40.0,0.0001031999999999
VIB/BTC,1577874859532,2020-01-01T10:34:19.532Z,sell,2.58e-06,469.0,0.00121002
VIB/BTC,1577874883740,2020-01-01T10:34:43.740Z,sell,2.58e-06,360.0,0.0009287999999999
VIB/BTC,1577874908191,2020-01-01T10:35:08.191Z,sell,2.58e-06,40.0,0.0001031999999999
VIB/BTC,1577874968097,2020-01-01T10:36:08.097Z,sell,2.58e-06,39.0,0.00010062
VIB/BTC,1577874968431,2020-01-01T10:36:08.431Z,buy,2.59e-06,50.0,0.0001295
VIB/BTC,1577875477779,2020-01-01T10:44:37.779Z,sell,2.58e-06,5859.0,0.01511622
VIB/BTC,1577875668807,2020-01-01T10:47:48.807Z,buy,2.59e-06,2584.0,0.00669256
VIB/BTC,1577875668807,2020-01-01T10:47:48.807Z,buy,2.59e-06,2584.0,0.00669256
VIB/BTC,1577876421027,2020-01-01T11:00:21.027Z,buy,2.59e-06,2319.0,0.00600621
VIB/BTC,1577876518223,2020-01-01T11:01:58.223Z,buy,2.59e-06,24472.0,0.06338248
VIB/BTC,1577876629900,2020-01-01T11:03:49.900Z,buy,2.59e-06,373.0,0.00096607
VIB/BTC,1577876805196,2020-01-01T11:06:45.196Z,sell,2.58e-06,114.0,0.00029412
VIB/BTC,1577877084032,2020-01-01T11:11:24.032Z,buy,2.59e-06,19264.0,0.04989376
VIB/BTC,1577877379241,2020-01-01T11:16:19.241Z,buy,2.59e-06,18502.0,0.04792018
VIB/BTC,1577877599909,2020-01-01T11:19:59.909Z,buy,2.59e-06,468.0,0.00121212
VIB/BTC,1577877624933,2020-01-01T11:20:24.933Z,buy,2.59e-06,18880.0,0.0488992
VIB/BTC,1577878222574,2020-01-01T11:30:22.574Z,buy,2.59e-06,2723.0,0.00705257
VIB/BTC,1577878454776,2020-01-01T11:34:14.776Z,buy,2.59e-06,34629.0,0.08968911
VIB/BTC,1577878458012,2020-01-01T11:34:18.012Z,sell,2.59e-06,700.0,0.001813
VIB/BTC,1577878478043,2020-01-01T11:34:38.043Z,buy,2.6e-06,5000.0,0.013
VIB/BTC,1577878501894,2020-01-01T11:35:01.894Z,sell,2.59e-06,39033.0,0.10109547
VIB/BTC,1577878503565,2020-01-01T11:35:03.565Z,sell,2.59e-06,266.0,0.00068894
VIB/BTC,1577878507433,2020-01-01T11:35:07.433Z,sell,2.59e-06,58.0,0.00015022
VIB/BTC,1577878562542,2020-01-01T11:36:02.542Z,sell,2.59e-06,1013.0,0.00262367
VIB/BTC,1577878655335,2020-01-01T11:37:35.335Z,sell,2.59e-06,25313.0,0.06556067
VIB/BTC,1577878993948,2020-01-01T11:43:13.948Z,buy,2.6e-06,77.0,0.0002002
VIB/BTC,1577879066150,2020-01-01T11:44:26.150Z,buy,2.6e-06,346.0,0.0008996
VIB/BTC,1577879066150,2020-01-01T11:44:26.150Z,buy,2.6e-06,346.0,0.0008996
VIB/BTC,1577879481954,2020-01-01T11:51:21.954Z,sell,2.59e-06,1333.0,0.00345247
VIB/BTC,1577879643915,2020-01-01T11:54:03.915Z,sell,2.59e-06,68.0,0.00017612
VIB/BTC,1577879741442,2020-01-01T11:55:41.442Z,buy,2.6e-06,57.0,0.0001482
VIB/BTC,1577880652511,2020-01-01T12:10:52.511Z,sell,2.59e-06,101.0,0.00026159
VIB/BTC,1577881126618,2020-01-01T12:18:46.618Z,buy,2.6e-06,89713.0,0.2332538
VIB/BTC,1577881126618,2020-01-01T12:18:46.618Z,buy,2.61e-06,686458.0,1.79165538
VIB/BTC,1577881126632,2020-01-01T12:18:46.632Z,sell,2.61e-06,3684.0,0.00961524
VIB/BTC,1577881126641,2020-01-01T12:18:46.641Z,buy,2.62e-06,69750.0,0.182745
VIB/BTC,1577881126649,2020-01-01T12:18:46.649Z,sell,2.61e-06,213.0,0.00055593
VIB/BTC,1577881126653,2020-01-01T12:18:46.653Z,buy,2.62e-06,54295.0,0.1422529
VIB/BTC,1577881126703,2020-01-01T12:18:46.703Z,buy,2.63e-06,2043.0,0.00537309
VIB/BTC,1577881127292,2020-01-01T12:18:47.292Z,buy,2.63e-06,4928.0,0.0129606399999999
VIB/BTC,1577881129705,2020-01-01T12:18:49.705Z,buy,2.63e-06,20362.0,0.05355206
VIB/BTC,1577881129718,2020-01-01T12:18:49.718Z,buy,2.63e-06,3853.0,0.0101333899999999
VIB/BTC,1577881141959,2020-01-01T12:19:01.959Z,buy,2.63e-06,500.0,0.001315
VIB/BTC,1577881142388,2020-01-01T12:19:02.388Z,sell,2.63e-06,39.0,0.0001025699999999
VIB/BTC,1577881149391,2020-01-01T12:19:09.391Z,sell,2.63e-06,211.0,0.0005549299999999
VIB/BTC,1577881149434,2020-01-01T12:19:09.434Z,sell,2.63e-06,211.0,0.0005549299999999
VIB/BTC,1577881186693,2020-01-01T12:19:46.693Z,sell,2.63e-06,212.0,0.0005575599999999
VIB/BTC,1577881196890,2020-01-01T12:19:56.890Z,sell,2.63e-06,961.0,0.0025274299999999
VIB/BTC,1577881208030,2020-01-01T12:20:08.030Z,buy,2.64e-06,114.0,0.00030096
VIB/BTC,1577881208202,2020-01-01T12:20:08.202Z,sell,2.63e-06,39.0,0.0001025699999999
VIB/BTC,1577881256859,2020-01-01T12:20:56.859Z,sell,2.63e-06,673.0,0.00176999
VIB/BTC,1577881351793,2020-01-01T12:22:31.793Z,sell,2.63e-06,77.0,0.0002025099999999
VIB/BTC,1577881358224,2020-01-01T12:22:38.224Z,buy,2.64e-06,19836.0,0.05236704
VIB/BTC,1577881358224,2020-01-01T12:22:38.224Z,buy,2.65e-06,312443.0,0.82797395
VIB/BTC,1577881358224,2020-01-01T12:22:38.224Z,sell,2.65e-06,2000.0,0.0053
VIB/BTC,1577881358236,2020-01-01T12:22:38.236Z,sell,2.65e-06,6608.0,0.0175112
VIB/BTC,1577881358245,2020-01-01T12:22:38.245Z,sell,2.65e-06,1880.0,0.004982
VIB/BTC,1577881358284,2020-01-01T12:22:38.284Z,sell,2.65e-06,1489.0,0.00394585
VIB/BTC,1577881358332,2020-01-01T12:22:38.332Z,sell,2.65e-06,450.0,0.0011925
VIB/BTC,1577881358449,2020-01-01T12:22:38.449Z,sell,2.65e-06,192.0,0.0005088
VIB/BTC,1577881363647,2020-01-01T12:22:43.647Z,sell,2.65e-06,1357.0,0.00359605
VIB/BTC,1577881367992,2020-01-01T12:22:47.992Z,sell,2.65e-06,38.0,0.0001007
VIB/BTC,1577881372173,2020-01-01T12:22:52.173Z,sell,2.65e-06,548.0,0.0014522
VIB/BTC,1577881378729,2020-01-01T12:22:58.729Z,sell,2.65e-06,2972.0,0.0078758
VIB/BTC,1577881382194,2020-01-01T12:23:02.194Z,sell,2.65e-06,188.0,0.0004982
VIB/BTC,1577881382213,2020-01-01T12:23:02.213Z,sell,2.65e-06,537.0,0.00142305
VIB/BTC,1577881386939,2020-01-01T12:23:06.939Z,sell,2.65e-06,4619.0,0.01224035
VIB/BTC,1577881388652,2020-01-01T12:23:08.652Z,sell,2.65e-06,2119.0,0.00561535
VIB/BTC,1577881393776,2020-01-01T12:23:13.776Z,sell,2.65e-06,500.0,0.001325
VIB/BTC,1577881394228,2020-01-01T12:23:14.228Z,sell,2.65e-06,1441.0,0.00381865
VIB/BTC,1577881430693,2020-01-01T12:23:50.693Z,sell,2.65e-06,393.0,0.00104145
VIB/BTC,1577881446703,2020-01-01T12:24:06.703Z,sell,2.65e-06,21402.0,0.0567153
VIB/BTC,1577881447032,2020-01-01T12:24:07.032Z,sell,2.65e-06,39.0,0.00010335
VIB/BTC,1577881460666,2020-01-01T12:24:20.666Z,sell,2.65e-06,15035.0,0.03984275
VIB/BTC,1577881489831,2020-01-01T12:24:49.831Z,sell,2.65e-06,4877.0,0.01292405
VIB/BTC,1577881502692,2020-01-01T12:25:02.692Z,sell,2.65e-06,18911.0,0.05011415
VIB/BTC,1577881524980,2020-01-01T12:25:24.980Z,sell,2.65e-06,2373.0,0.00628845
VIB/BTC,1577881524983,2020-01-01T12:25:24.983Z,sell,2.65e-06,299.0,0.00079235
VIB/BTC,1577881585485,2020-01-01T12:26:25.485Z,sell,2.65e-06,11320.0,0.029998
VIB/BTC,1577881633683,2020-01-01T12:27:13.683Z,sell,2.65e-06,2642.0,0.0070013
VIB/BTC,1577881642802,2020-01-01T12:27:22.802Z,sell,2.65e-06,2941.0,0.00779365
VIB/BTC,1577881675742,2020-01-01T12:27:55.742Z,sell,2.65e-06,68.0,0.0001802
VIB/BTC,1577881826549,2020-01-01T12:30:26.549Z,buy,2.66e-06,2000.0,0.00532
VIB/BTC,1577881827169,2020-01-01T12:30:27.169Z,buy,2.66e-06,76.0,0.00020216
VIB/BTC,1577882018887,2020-01-01T12:33:38.887Z,sell,2.65e-06,70.0,0.0001855
VIB/BTC,1577882023157,2020-01-01T12:33:43.157Z,buy,2.66e-06,940.0,0.0025004
VIB/BTC,1577882030972,2020-01-01T12:33:50.972Z,sell,2.65e-06,144.0,0.0003816
VIB/BTC,1577882037214,2020-01-01T12:33:57.214Z,sell,2.65e-06,14997.0,0.03974205
VIB/BTC,1577882038900,2020-01-01T12:33:58.900Z,sell,2.64e-06,775.0,0.002046
VIB/BTC,1577882038918,2020-01-01T12:33:58.918Z,sell,2.64e-06,40.0,0.0001056
VIB/BTC,1577882038947,2020-01-01T12:33:58.947Z,sell,2.64e-06,41.0,0.00010824
VIB/BTC,1577882040303,2020-01-01T12:34:00.303Z,buy,2.65e-06,4128.0,0.0109392
VIB/BTC,1577882052545,2020-01-01T12:34:12.545Z,sell,2.64e-06,1313.0,0.00346632
VIB/BTC,1577882053139,2020-01-01T12:34:13.139Z,sell,2.64e-06,13534.0,0.03572976
VIB/BTC,1577882355871,2020-01-01T12:39:15.871Z,buy,2.65e-06,392.0,0.0010388
VIB/BTC,1577882421133,2020-01-01T12:40:21.133Z,sell,2.64e-06,2776.0,0.00732864
VIB/BTC,1577882482104,2020-01-01T12:41:22.104Z,sell,2.64e-06,31310.0,0.0826584
VIB/BTC,1577882482104,2020-01-01T12:41:22.104Z,sell,2.64e-06,31310.0,0.0826584
VIB/BTC,1577882706637,2020-01-01T12:45:06.637Z,sell,2.64e-06,4123.0,0.01088472
VIB/BTC,1577882774882,2020-01-01T12:46:14.882Z,buy,2.65e-06,76.0,0.0002014
VIB/BTC,1577882819922,2020-01-01T12:46:59.922Z,sell,2.64e-06,700.0,0.001848
VIB/BTC,1577882950635,2020-01-01T12:49:10.635Z,sell,2.64e-06,2719.0,0.00717816
VIB/BTC,1577883479210,2020-01-01T12:57:59.210Z,sell,2.64e-06,35093.0,0.09264552
VIB/BTC,1577883479210,2020-01-01T12:57:59.210Z,sell,2.63e-06,12258.0,0.0322385399999999
VIB/BTC,1577883494312,2020-01-01T12:58:14.312Z,sell,2.63e-06,2200.0,0.0057859999999999
VIB/BTC,1577883922290,2020-01-01T13:05:22.290Z,sell,2.63e-06,39.0,0.0001025699999999
VIB/BTC,1577883922290,2020-01-01T13:05:22.290Z,sell,2.62e-06,2823.0,0.00739626
VIB/BTC,1577883935965,2020-01-01T13:05:35.965Z,buy,2.63e-06,141.0,0.00037083
VIB/BTC,1577884354295,2020-01-01T13:12:34.295Z,buy,2.63e-06,159.0,0.00041817
VIB/BTC,1577884582292,2020-01-01T13:16:22.292Z,buy,2.63e-06,1178.0,0.0030981399999999
VIB/BTC,1577884582316,2020-01-01T13:16:22.316Z,sell,2.63e-06,6713.0,0.0176551899999999
VIB/BTC,1577884647170,2020-01-01T13:17:27.170Z,buy,2.64e-06,1339.0,0.00353496
VIB/BTC,1577884647198,2020-01-01T13:17:27.198Z,sell,2.64e-06,7601.0,0.02006664
VIB/BTC,1577884699375,2020-01-01T13:18:19.375Z,sell,2.63e-06,69.0,0.0001814699999999
VIB/BTC,1577884753341,2020-01-01T13:19:13.341Z,buy,2.64e-06,39.0,0.00010296
VIB/BTC,1577884783212,2020-01-01T13:19:43.212Z,buy,2.64e-06,76.0,0.00020064
VIB/BTC,1577884805448,2020-01-01T13:20:05.448Z,sell,2.63e-06,141.0,0.00037083
VIB/BTC,1577884876473,2020-01-01T13:21:16.473Z,buy,2.64e-06,50.0,0.000132
VIB/BTC,1577885197185,2020-01-01T13:26:37.185Z,buy,2.64e-06,758.0,0.00200112
VIB/BTC,1577885278825,2020-01-01T13:27:58.825Z,buy,2.64e-06,78655.0,0.2076492
VIB/BTC,1577885283862,2020-01-01T13:28:03.862Z,buy,2.64e-06,86544.0,0.22847616
VIB/BTC,1577885290187,2020-01-01T13:28:10.187Z,buy,2.64e-06,73288.0,0.19348032
VIB/BTC,1577885295554,2020-01-01T13:28:15.554Z,buy,2.64e-06,84566.0,0.22325424
VIB/BTC,1577885302027,2020-01-01T13:28:22.027Z,buy,2.64e-06,73288.0,0.19348032
VIB/BTC,1577885309717,2020-01-01T13:28:29.717Z,buy,2.64e-06,84566.0,0.22325424
VIB/BTC,1577885317082,2020-01-01T13:28:37.082Z,buy,2.64e-06,84566.0,0.22325424
VIB/BTC,1577885323068,2020-01-01T13:28:43.068Z,buy,2.64e-06,76544.0,0.20207616
VIB/BTC,1577885328224,2020-01-01T13:28:48.224Z,buy,2.64e-06,86544.0,0.22847616
VIB/BTC,1577885334727,2020-01-01T13:28:54.727Z,buy,2.64e-06,76533.0,0.20204712
VIB/BTC,1577885340483,2020-01-01T13:29:00.483Z,buy,2.64e-06,83277.0,0.21985128
VIB/BTC,1577885345545,2020-01-01T13:29:05.545Z,buy,2.64e-06,76544.0,0.20207616
VIB/BTC,1577885345698,2020-01-01T13:29:05.698Z,buy,2.64e-06,5850.0,0.015444
VIB/BTC,1577885375784,2020-01-01T13:29:35.784Z,buy,2.65e-06,12464.0,0.0330296
VIB/BTC,1577885384888,2020-01-01T13:29:44.888Z,buy,2.65e-06,76544.0,0.2028416
VIB/BTC,1577885391195,2020-01-01T13:29:51.195Z,buy,2.65e-06,86533.0,0.22931245
VIB/BTC,1577885658138,2020-01-01T13:34:18.138Z,buy,2.66e-06,38.0,0.00010108
VIB/BTC,1577885690749,2020-01-01T13:34:50.749Z,buy,2.66e-06,6120.0,0.0162792
VIB/BTC,1577886021077,2020-01-01T13:40:21.077Z,sell,2.65e-06,2730.0,0.0072345
VIB/BTC,1577886021077,2020-01-01T13:40:21.077Z,sell,2.65e-06,2730.0,0.0072345
VIB/BTC,1577886146094,2020-01-01T13:42:26.094Z,sell,2.65e-06,99.0,0.00026235
VIB/BTC,1577886342146,2020-01-01T13:45:42.146Z,buy,2.66e-06,38.0,0.00010108
VIB/BTC,1577886343244,2020-01-01T13:45:43.244Z,buy,2.66e-06,1644.0,0.00437304
VIB/BTC,1577886517336,2020-01-01T13:48:37.336Z,buy,2.66e-06,76.0,0.00020216
VIB/BTC,1577886921395,2020-01-01T13:55:21.395Z,sell,2.65e-06,2903.0,0.00769295
VIB/BTC,1577887174372,2020-01-01T13:59:34.372Z,sell,2.65e-06,312.0,0.0008268
VIB/BTC,1577887298762,2020-01-01T14:01:38.762Z,sell,2.65e-06,1642.0,0.0043513
VIB/BTC,1577887620670,2020-01-01T14:07:00.670Z,sell,2.65e-06,19048.0,0.0504772
VIB/BTC,1577887627945,2020-01-01T14:07:07.945Z,sell,2.65e-06,1460.0,0.003869
VIB/BTC,1577888122001,2020-01-01T14:15:22.001Z,sell,2.65e-06,2571.0,0.00681315
VIB/BTC,1577888320919,2020-01-01T14:18:40.919Z,sell,2.65e-06,26800.0,0.07102
VIB/BTC,1577888477488,2020-01-01T14:21:17.488Z,sell,2.65e-06,3.0,7.95e-06
VIB/BTC,1577888477488,2020-01-01T14:21:17.488Z,sell,2.64e-06,38.0,0.00010032
VIB/BTC,1577888477488,2020-01-01T14:21:17.488Z,sell,2.65e-06,3.0,7.95e-06
VIB/BTC,1577888477488,2020-01-01T14:21:17.488Z,sell,2.64e-06,38.0,0.00010032
VIB/BTC,1577890151643,2020-01-01T14:49:11.643Z,buy,2.65e-06,3771.0,0.00999315
VIB/BTC,1577890151643,2020-01-01T14:49:11.643Z,buy,2.66e-06,2729.0,0.00725914
VIB/BTC,1577890364020,2020-01-01T14:52:44.020Z,sell,2.65e-06,65.0,0.00017225
VIB/BTC,1577890417247,2020-01-01T14:53:37.247Z,sell,2.65e-06,859.0,0.00227635
VIB/BTC,1577891746716,2020-01-01T15:15:46.716Z,sell,2.65e-06,6562.0,0.0173893
VIB/BTC,1577891774174,2020-01-01T15:16:14.174Z,buy,2.66e-06,38.0,0.00010108
VIB/BTC,1577891854346,2020-01-01T15:17:34.346Z,sell,2.65e-06,1094.0,0.0028991
VIB/BTC,1577891854346,2020-01-01T15:17:34.346Z,sell,2.65e-06,1094.0,0.0028991
VIB/BTC,1577892682296,2020-01-01T15:31:22.296Z,sell,2.65e-06,35676.0,0.0945414
VIB/BTC,1577892682469,2020-01-01T15:31:22.469Z,sell,2.65e-06,92.0,0.0002438
VIB/BTC,1577893060953,2020-01-01T15:37:40.953Z,sell,2.65e-06,55520.0,0.147128
VIB/BTC,1577893060953,2020-01-01T15:37:40.953Z,sell,2.64e-06,2820.0,0.0074448
VIB/BTC,1577893078731,2020-01-01T15:37:58.731Z,sell,2.63e-06,57136.0,0.15026768
VIB/BTC,1577893078731,2020-01-01T15:37:58.731Z,sell,2.62e-06,50647.0,0.13269514
VIB/BTC,1577893081975,2020-01-01T15:38:01.975Z,sell,2.63e-06,345.0,0.0009073499999999
VIB/BTC,1577893085326,2020-01-01T15:38:05.326Z,sell,2.63e-06,141.0,0.00037083
VIB/BTC,1577894094690,2020-01-01T15:54:54.690Z,buy,2.64e-06,683.0,0.00180312
VIB/BTC,1577894103408,2020-01-01T15:55:03.408Z,sell,2.63e-06,21981.0,0.05781003
VIB/BTC,1577894365504,2020-01-01T15:59:25.504Z,sell,2.62e-06,21602.0,0.05659724
VIB/BTC,1577894374404,2020-01-01T15:59:34.404Z,buy,2.63e-06,141.0,0.00037083
VIB/BTC,1577894381102,2020-01-01T15:59:41.102Z,sell,2.62e-06,31732.0,0.0831378399999999
VIB/BTC,1577894498766,2020-01-01T16:01:38.766Z,sell,2.62e-06,1394.0,0.00365228
VIB/BTC,1577894643845,2020-01-01T16:04:03.845Z,buy,2.63e-06,44.0,0.00011572
VIB/BTC,1577894692756,2020-01-01T16:04:52.756Z,sell,2.62e-06,15267.0,0.03999954
VIB/BTC,1577895008306,2020-01-01T16:10:08.306Z,buy,2.62e-06,39.0,0.00010218
VIB/BTC,1577895095180,2020-01-01T16:11:35.180Z,buy,2.62e-06,375.0,0.0009824999999999
VIB/BTC,1577895096837,2020-01-01T16:11:36.837Z,buy,2.62e-06,218.0,0.00057116
VIB/BTC,1577895321494,2020-01-01T16:15:21.494Z,buy,2.63e-06,2771.0,0.0072877299999999
VIB/BTC,1577895321494,2020-01-01T16:15:21.494Z,buy,2.63e-06,2771.0,0.0072877299999999
VIB/BTC,1577895904208,2020-01-01T16:25:04.208Z,buy,2.63e-06,39.0,0.0001025699999999
VIB/BTC,1577896036831,2020-01-01T16:27:16.831Z,buy,2.64e-06,135.0,0.0003564
VIB/BTC,1577896066745,2020-01-01T16:27:46.745Z,buy,2.64e-06,4334.0,0.01144176
VIB/BTC,1577896066765,2020-01-01T16:27:46.765Z,sell,2.64e-06,13704.0,0.03617856
VIB/BTC,1577896086345,2020-01-01T16:28:06.345Z,sell,2.63e-06,141.0,0.00037083
VIB/BTC,1577896093246,2020-01-01T16:28:13.246Z,buy,2.64e-06,39.0,0.00010296
VIB/BTC,1577896103323,2020-01-01T16:28:23.323Z,buy,2.65e-06,10761.0,0.02851665
VIB/BTC,1577896111934,2020-01-01T16:28:31.934Z,buy,2.65e-06,1535.0,0.00406775
VIB/BTC,1577896111934,2020-01-01T16:28:31.934Z,buy,2.66e-06,9145.0,0.0243257
VIB/BTC,1577896112030,2020-01-01T16:28:32.030Z,buy,2.65e-06,376.0,0.0009964
VIB/BTC,1577896114691,2020-01-01T16:28:34.691Z,buy,2.65e-06,345.0,0.00091425
VIB/BTC,1577896136565,2020-01-01T16:28:56.565Z,sell,2.64e-06,36734.0,0.09697776
VIB/BTC,1577896149728,2020-01-01T16:29:09.728Z,buy,2.65e-06,76.0,0.0002014
VIB/BTC,1577896220707,2020-01-01T16:30:20.707Z,buy,2.65e-06,462.0,0.0012243
VIB/BTC,1577896220707,2020-01-01T16:30:20.707Z,buy,2.66e-06,2502.0,0.00665532
VIB/BTC,1577896298924,2020-01-01T16:31:38.924Z,buy,2.65e-06,15891.0,0.04211115
VIB/BTC,1577896431481,2020-01-01T16:33:51.481Z,sell,2.65e-06,54.0,0.0001431
VIB/BTC,1577896491130,2020-01-01T16:34:51.130Z,buy,2.66e-06,34436.0,0.09159976
VIB/BTC,1577896491130,2020-01-01T16:34:51.130Z,buy,2.67e-06,112275.0,0.2997742499999999
VIB/BTC,1577896491130,2020-01-01T16:34:51.130Z,buy,2.68e-06,23008.0,0.06166144
VIB/BTC,1577896491130,2020-01-01T16:34:51.130Z,buy,2.69e-06,148183.0,0.39861227
VIB/BTC,1577896491130,2020-01-01T16:34:51.130Z,buy,2.7e-06,40725.0,0.1099575
VIB/BTC,1577896491130,2020-01-01T16:34:51.130Z,sell,2.7e-06,4196.0,0.0113292
VIB/BTC,1577896491149,2020-01-01T16:34:51.149Z,sell,2.7e-06,6431.0,0.0173637
VIB/BTC,1577896491241,2020-01-01T16:34:51.241Z,sell,2.7e-06,3880.0,0.010476
VIB/BTC,1577896492192,2020-01-01T16:34:52.192Z,sell,2.67e-06,4462.0,0.0119135399999999
VIB/BTC,1577896493864,2020-01-01T16:34:53.864Z,buy,2.7e-06,75.0,0.0002025
VIB/BTC,1577896526693,2020-01-01T16:35:26.693Z,sell,2.69e-06,225.0,0.00060525
VIB/BTC,1577896543024,2020-01-01T16:35:43.024Z,sell,2.69e-06,1164.0,0.00313116
VIB/BTC,1577896548120,2020-01-01T16:35:48.120Z,sell,2.69e-06,373.0,0.00100337
VIB/BTC,1577896551210,2020-01-01T16:35:51.210Z,sell,2.69e-06,924.0,0.00248556
VIB/BTC,1577896551325,2020-01-01T16:35:51.325Z,sell,2.69e-06,194.0,0.00052186
VIB/BTC,1577896559552,2020-01-01T16:35:59.552Z,sell,2.69e-06,7445.0,0.02002705
VIB/BTC,1577896571907,2020-01-01T16:36:11.907Z,sell,2.68e-06,76.0,0.00020368
VIB/BTC,1577896571933,2020-01-01T16:36:11.933Z,sell,2.68e-06,229.0,0.00061372
VIB/BTC,1577896578445,2020-01-01T16:36:18.445Z,buy,2.69e-06,185.0,0.00049765
VIB/BTC,1577896598478,2020-01-01T16:36:38.478Z,sell,2.68e-06,104.0,0.00027872
VIB/BTC,1577896604466,2020-01-01T16:36:44.466Z,buy,2.69e-06,112.0,0.00030128
VIB/BTC,1577896617847,2020-01-01T16:36:57.847Z,sell,2.68e-06,414.0,0.00110952
VIB/BTC,1577896618121,2020-01-01T16:36:58.121Z,buy,2.69e-06,3410.0,0.0091729
VIB/BTC,1577896618121,2020-01-01T16:36:58.121Z,buy,2.7e-06,6295.0,0.0169965
VIB/BTC,1577896634455,2020-01-01T16:37:14.455Z,buy,2.7e-06,768.0,0.0020736
VIB/BTC,1577896641648,2020-01-01T16:37:21.648Z,buy,2.7e-06,75.0,0.0002025
VIB/BTC,1577896726706,2020-01-01T16:38:46.706Z,sell,2.68e-06,4540.0,0.0121672
VIB/BTC,1577896726762,2020-01-01T16:38:46.762Z,sell,2.68e-06,4540.0,0.0121672
VIB/BTC,1577896740459,2020-01-01T16:39:00.459Z,sell,2.68e-06,24000.0,0.06432
VIB/BTC,1577896849990,2020-01-01T16:40:49.990Z,buy,2.7e-06,55.0,0.0001485
VIB/BTC,1577897013586,2020-01-01T16:43:33.586Z,sell,2.68e-06,88.0,0.00023584
VIB/BTC,1577897264385,2020-01-01T16:47:44.385Z,sell,2.68e-06,50000.0,0.134
VIB/BTC,1577897358529,2020-01-01T16:49:18.529Z,sell,2.69e-06,1858.0,0.00499802
VIB/BTC,1577897524123,2020-01-01T16:52:04.123Z,sell,2.68e-06,54.0,0.00014472
VIB/BTC,1577897707274,2020-01-01T16:55:07.274Z,buy,2.69e-06,75.0,0.00020175
VIB/BTC,1577897822697,2020-01-01T16:57:02.697Z,buy,2.69e-06,38.0,0.00010222
VIB/BTC,1577897839202,2020-01-01T16:57:19.202Z,sell,2.68e-06,100.0,0.000268
VIB/BTC,1577897864561,2020-01-01T16:57:44.561Z,sell,2.67e-06,2938.0,0.00784446
VIB/BTC,1577897904825,2020-01-01T16:58:24.825Z,sell,2.67e-06,15891.0,0.0424289699999999
VIB/BTC,1577897911261,2020-01-01T16:58:31.261Z,buy,2.68e-06,137.0,0.00036716
VIB/BTC,1577897914539,2020-01-01T16:58:34.539Z,buy,2.68e-06,141.0,0.00037788
VIB/BTC,1577898219205,2020-01-01T17:03:39.205Z,sell,2.67e-06,500.0,0.0013349999999999
VIB/BTC,1577898230690,2020-01-01T17:03:50.690Z,sell,2.67e-06,42.0,0.00011214
VIB/BTC,1577898312322,2020-01-01T17:05:12.322Z,sell,2.67e-06,2224.0,0.00593808
VIB/BTC,1577898621641,2020-01-01T17:10:21.641Z,sell,2.67e-06,38.0,0.00010146
VIB/BTC,1577898621641,2020-01-01T17:10:21.641Z,sell,2.67e-06,38.0,0.00010146
VIB/BTC,1577899064525,2020-01-01T17:17:44.525Z,sell,2.67e-06,1389.0,0.0037086299999999
VIB/BTC,1577899188638,2020-01-01T17:19:48.638Z,sell,2.67e-06,33469.0,0.08936223
VIB/BTC,1577899188676,2020-01-01T17:19:48.676Z,sell,2.67e-06,17928.0,0.0478677599999999
VIB/BTC,1577899190429,2020-01-01T17:19:50.429Z,sell,2.66e-06,15345.0,0.0408177
VIB/BTC,1577899307574,2020-01-01T17:21:47.574Z,sell,2.66e-06,33200.0,0.088312
VIB/BTC,1577899345024,2020-01-01T17:22:25.024Z,sell,2.66e-06,18605.0,0.0494893
VIB/BTC,1577899572780,2020-01-01T17:26:12.780Z,sell,2.66e-06,2388.0,0.0063520799999999
VIB/BTC,1577899855134,2020-01-01T17:30:55.134Z,buy,2.67e-06,56.0,0.00014952
VIB/BTC,1577900049419,2020-01-01T17:34:09.419Z,buy,2.67e-06,521.0,0.00139107
VIB/BTC,1577900049435,2020-01-01T17:34:09.435Z,sell,2.67e-06,1905.0,0.00508635
VIB/BTC,1577900390680,2020-01-01T17:39:50.680Z,sell,2.67e-06,2471.0,0.00659757
VIB/BTC,1577900563699,2020-01-01T17:42:43.699Z,sell,2.66e-06,15122.0,0.04022452
VIB/BTC,1577901575731,2020-01-01T17:59:35.731Z,buy,2.68e-06,55.0,0.0001474
VIB/BTC,1577901583600,2020-01-01T17:59:43.600Z,buy,2.68e-06,7093.0,0.01900924
VIB/BTC,1577901811671,2020-01-01T18:03:31.671Z,sell,2.67e-06,79.0,0.00021093
VIB/BTC,1577902004008,2020-01-01T18:06:44.008Z,sell,2.67e-06,267.0,0.00071289
VIB/BTC,1577902004008,2020-01-01T18:06:44.008Z,sell,2.67e-06,267.0,0.00071289
VIB/BTC,1577902236029,2020-01-01T18:10:36.029Z,buy,2.68e-06,2687.0,0.00720116
VIB/BTC,1577902357510,2020-01-01T18:12:37.510Z,sell,2.67e-06,2239.0,0.00597813
VIB/BTC,1577902520983,2020-01-01T18:15:20.983Z,buy,2.68e-06,2317.0,0.00620956
VIB/BTC,1577902750401,2020-01-01T18:19:10.401Z,sell,2.67e-06,1168.0,0.00311856
VIB/BTC,1577902940100,2020-01-01T18:22:20.100Z,buy,2.68e-06,301.0,0.00080668
VIB/BTC,1577903337119,2020-01-01T18:28:57.119Z,sell,2.67e-06,20000.0,0.0533999999999999
VIB/BTC,1577903337285,2020-01-01T18:28:57.285Z,sell,2.67e-06,61.0,0.00016287
VIB/BTC,1577903924508,2020-01-01T18:38:44.508Z,sell,2.67e-06,26495.0,0.0707416499999999
VIB/BTC,1577903924522,2020-01-01T18:38:44.522Z,buy,2.67e-06,6347.0,0.0169464899999999
VIB/BTC,1577904287273,2020-01-01T18:44:47.273Z,buy,2.68e-06,55.0,0.0001474
VIB/BTC,1577905194182,2020-01-01T18:59:54.182Z,sell,2.66e-06,3000.0,0.00798
VIB/BTC,1577905466650,2020-01-01T19:04:26.650Z,buy,2.68e-06,41.0,0.00010988
VIB/BTC,1577905466650,2020-01-01T19:04:26.650Z,buy,2.68e-06,41.0,0.00010988
VIB/BTC,1577905698371,2020-01-01T19:08:18.371Z,buy,2.67e-06,4664.0,0.01245288
VIB/BTC,1577905698394,2020-01-01T19:08:18.394Z,sell,2.67e-06,3426.0,0.00914742
VIB/BTC,1577905788521,2020-01-01T19:09:48.521Z,sell,2.66e-06,8879.0,0.02361814
VIB/BTC,1577906420570,2020-01-01T19:20:20.570Z,buy,2.68e-06,2385.0,0.0063918
VIB/BTC,1577906645188,2020-01-01T19:24:05.188Z,sell,2.67e-06,178.0,0.0004752599999999
VIB/BTC,1577906755656,2020-01-01T19:25:55.656Z,sell,2.67e-06,57498.0,0.15351966
VIB/BTC,1577906755656,2020-01-01T19:25:55.656Z,sell,2.66e-06,19009.0,0.05056394
VIB/BTC,1577906792689,2020-01-01T19:26:32.689Z,buy,2.68e-06,55.0,0.0001474
VIB/BTC,1577906824748,2020-01-01T19:27:04.748Z,sell,2.66e-06,66.0,0.00017556
VIB/BTC,1577906824972,2020-01-01T19:27:04.972Z,sell,2.66e-06,64.0,0.00017024
VIB/BTC,1577906890867,2020-01-01T19:28:10.867Z,sell,2.66e-06,89.0,0.00023674
VIB/BTC,1577907005510,2020-01-01T19:30:05.510Z,sell,2.66e-06,771.0,0.00205086
VIB/BTC,1577907063300,2020-01-01T19:31:03.300Z,buy,2.68e-06,276.0,0.00073968
VIB/BTC,1577907323691,2020-01-01T19:35:23.691Z,buy,2.68e-06,38.0,0.00010184
VIB/BTC,1577908029899,2020-01-01T19:47:09.899Z,buy,2.68e-06,559.0,0.00149812
VIB/BTC,1577908033266,2020-01-01T19:47:13.266Z,buy,2.68e-06,896.0,0.00240128
VIB/BTC,1577908033279,2020-01-01T19:47:13.279Z,buy,2.68e-06,559.0,0.00149812
VIB/BTC,1577908904750,2020-01-01T20:01:44.750Z,buy,2.68e-06,1343.0,0.00359924
VIB/BTC,1577908929442,2020-01-01T20:02:09.442Z,buy,2.68e-06,45.0,0.0001206
VIB/BTC,1577908929442,2020-01-01T20:02:09.442Z,buy,2.68e-06,45.0,0.0001206
VIB/BTC,1577909459706,2020-01-01T20:10:59.706Z,buy,2.68e-06,6721.0,0.01801228
VIB/BTC,1577909839010,2020-01-01T20:17:19.010Z,sell,2.67e-06,6714.0,0.01792638
VIB/BTC,1577910021312,2020-01-01T20:20:21.312Z,buy,2.68e-06,2417.0,0.00647756
VIB/BTC,1577910737112,2020-01-01T20:32:17.112Z,buy,2.68e-06,75.0,0.000201
VIB/BTC,1577910921435,2020-01-01T20:35:21.435Z,buy,2.68e-06,2429.0,0.00650972
VIB/BTC,1577910921435,2020-01-01T20:35:21.435Z,buy,2.69e-06,260.0,0.0006994
VIB/BTC,1577911689468,2020-01-01T20:48:09.468Z,buy,2.69e-06,38.0,0.00010222
VIB/BTC,1577911723880,2020-01-01T20:48:43.880Z,buy,2.69e-06,1000.0,0.00269
VIB/BTC,1577911751772,2020-01-01T20:49:11.772Z,sell,2.68e-06,22460.0,0.0601928
VIB/BTC,1577911751814,2020-01-01T20:49:11.814Z,sell,2.68e-06,5867.0,0.01572356
VIB/BTC,1577911754609,2020-01-01T20:49:14.609Z,buy,2.69e-06,171629.0,0.46168201
VIB/BTC,1577911756908,2020-01-01T20:49:16.908Z,buy,2.69e-06,77284.0,0.20789396
VIB/BTC,1577911759063,2020-01-01T20:49:19.063Z,buy,2.69e-06,36369.0,0.09783261
VIB/BTC,1577911759244,2020-01-01T20:49:19.244Z,buy,2.69e-06,75.0,0.00020175
VIB/BTC,1577911767170,2020-01-01T20:49:27.170Z,sell,2.68e-06,25000.0,0.067
VIB/BTC,1577911767197,2020-01-01T20:49:27.197Z,sell,2.68e-06,2246.0,0.00601928
VIB/BTC,1577911796588,2020-01-01T20:49:56.588Z,sell,2.68e-06,1730.0,0.0046364
VIB/BTC,1577911799705,2020-01-01T20:49:59.705Z,buy,2.68e-06,167614.0,0.44920552
VIB/BTC,1577911800719,2020-01-01T20:50:00.719Z,buy,2.68e-06,93966.0,0.25182888
VIB/BTC,1577911801050,2020-01-01T20:50:01.050Z,buy,2.68e-06,38.0,0.00010184
VIB/BTC,1577911803589,2020-01-01T20:50:03.589Z,buy,2.68e-06,27940.0,0.0748792
VIB/BTC,1577911804771,2020-01-01T20:50:04.771Z,buy,2.68e-06,141.0,0.00037788
VIB/BTC,1577911808947,2020-01-01T20:50:08.947Z,buy,2.68e-06,111822.0,0.29968296
VIB/BTC,1577911810247,2020-01-01T20:50:10.247Z,buy,2.68e-06,126163.0,0.33811684
VIB/BTC,1577911812599,2020-01-01T20:50:12.599Z,buy,2.68e-06,35326.0,0.09467368
VIB/BTC,1577911818235,2020-01-01T20:50:18.235Z,buy,2.68e-06,126163.0,0.33811684
VIB/BTC,1577911819746,2020-01-01T20:50:19.746Z,buy,2.68e-06,143826.0,0.38545368
VIB/BTC,1577911826480,2020-01-01T20:50:26.480Z,buy,2.68e-06,161489.0,0.43279052
VIB/BTC,1577911828623,2020-01-01T20:50:28.623Z,buy,2.68e-06,138779.0,0.37192772
VIB/BTC,1577911835129,2020-01-01T20:50:35.129Z,buy,2.68e-06,171582.0,0.45983976
VIB/BTC,1577911838485,2020-01-01T20:50:38.485Z,buy,2.68e-06,108500.0,0.29078
VIB/BTC,1577911845812,2020-01-01T20:50:45.812Z,buy,2.68e-06,176628.0,0.47336304
VIB/BTC,1577911848311,2020-01-01T20:50:48.311Z,buy,2.68e-06,126163.0,0.33811684
VIB/BTC,1577911855173,2020-01-01T20:50:55.173Z,buy,2.68e-06,189245.0,0.5071766000000001
VIB/BTC,1577911855201,2020-01-01T20:50:55.201Z,buy,2.68e-06,4362.0,0.01169016
VIB/BTC,1577911855210,2020-01-01T20:50:55.210Z,buy,2.68e-06,4740.0,0.0127032
VIB/BTC,1577911858945,2020-01-01T20:50:58.945Z,buy,2.68e-06,94114.0,0.25222552
VIB/BTC,1577911858969,2020-01-01T20:50:58.969Z,buy,2.68e-06,4740.0,0.0127032
VIB/BTC,1577911858979,2020-01-01T20:50:58.979Z,buy,2.68e-06,4362.0,0.01169016
VIB/BTC,1577911862135,2020-01-01T20:51:02.135Z,buy,2.68e-06,4676.0,0.01253168
VIB/BTC,1577911862147,2020-01-01T20:51:02.147Z,buy,2.68e-06,3735.0,0.0100098
VIB/BTC,1577911867310,2020-01-01T20:51:07.310Z,buy,2.68e-06,2081.0,0.00557708
VIB/BTC,1577911883687,2020-01-01T20:51:23.687Z,buy,2.68e-06,1869.0,0.00500892
VIB/BTC,1577911889282,2020-01-01T20:51:29.282Z,buy,2.68e-06,629.0,0.00168572
VIB/BTC,1577911965928,2020-01-01T20:52:45.928Z,buy,2.69e-06,3840.0,0.0103296
VIB/BTC,1577912098681,2020-01-01T20:54:58.681Z,sell,2.68e-06,940.0,0.0025192
VIB/BTC,1577912208276,2020-01-01T20:56:48.276Z,sell,2.68e-06,60417.0,0.16191756
VIB/BTC,1577912208290,2020-01-01T20:56:48.290Z,buy,2.68e-06,14.0,3.752e-05
VIB/BTC,1577912208295,2020-01-01T20:56:48.295Z,buy,2.68e-06,4641.0,0.01243788
VIB/BTC,1577912211903,2020-01-01T20:56:51.903Z,buy,2.68e-06,141457.0,0.37910476
VIB/BTC,1577912214156,2020-01-01T20:56:54.156Z,buy,2.68e-06,71962.0,0.19285816
VIB/BTC,1577912242758,2020-01-01T20:57:22.758Z,sell,2.68e-06,56.0,0.00015008
VIB/BTC,1577912254378,2020-01-01T20:57:34.378Z,buy,2.68e-06,141.0,0.00037788
VIB/BTC,1577912267104,2020-01-01T20:57:47.104Z,buy,2.68e-06,200.0,0.000536
VIB/BTC,1577912268475,2020-01-01T20:57:48.475Z,buy,2.68e-06,200.0,0.000536
VIB/BTC,1577912270270,2020-01-01T20:57:50.270Z,buy,2.68e-06,200.0,0.000536
VIB/BTC,1577912271766,2020-01-01T20:57:51.766Z,buy,2.68e-06,933.0,0.00250044
VIB/BTC,1577912272421,2020-01-01T20:57:52.421Z,buy,2.68e-06,200.0,0.000536
VIB/BTC,1577912273815,2020-01-01T20:57:53.815Z,buy,2.68e-06,200.0,0.000536
VIB/BTC,1577912275160,2020-01-01T20:57:55.160Z,buy,2.68e-06,200.0,0.000536
VIB/BTC,1577912277255,2020-01-01T20:57:57.255Z,buy,2.68e-06,200.0,0.000536
VIB/BTC,1577912278510,2020-01-01T20:57:58.510Z,buy,2.68e-06,200.0,0.000536
VIB/BTC,1577912279730,2020-01-01T20:57:59.730Z,buy,2.68e-06,200.0,0.000536
VIB/BTC,1577912281437,2020-01-01T20:58:01.437Z,buy,2.68e-06,200.0,0.000536
VIB/BTC,1577912282844,2020-01-01T20:58:02.844Z,buy,2.68e-06,200.0,0.000536
VIB/BTC,1577912284574,2020-01-01T20:58:04.574Z,buy,2.68e-06,200.0,0.000536
VIB/BTC,1577912464966,2020-01-01T21:01:04.966Z,buy,2.68e-06,288481.0,0.77312908
VIB/BTC,1577912472028,2020-01-01T21:01:12.028Z,buy,2.68e-06,203633.0,0.54573644
VIB/BTC,1577912473428,2020-01-01T21:01:13.428Z,buy,2.68e-06,105211.0,0.28196548
VIB/BTC,1577912478700,2020-01-01T21:01:18.700Z,buy,2.68e-06,179876.0,0.48206768
VIB/BTC,1577912479751,2020-01-01T21:01:19.751Z,buy,2.68e-06,132362.0,0.35473016
VIB/BTC,1577912479884,2020-01-01T21:01:19.884Z,buy,2.68e-06,4581.0,0.01227708
VIB/BTC,1577912496864,2020-01-01T21:01:36.864Z,buy,2.69e-06,194766.0,0.52392054
VIB/BTC,1577912498778,2020-01-01T21:01:38.778Z,buy,2.69e-06,122833.0,0.33042077
VIB/BTC,1577912498785,2020-01-01T21:01:38.785Z,sell,2.69e-06,3446.0,0.00926974
VIB/BTC,1577912507754,2020-01-01T21:01:47.754Z,sell,2.68e-06,192627.0,0.5162403600000001
VIB/BTC,1577912509380,2020-01-01T21:01:49.380Z,sell,2.68e-06,131628.0,0.35276304
VIB/BTC,1577912527120,2020-01-01T21:02:07.120Z,sell,2.68e-06,141.0,0.00037788
VIB/BTC,1577912527120,2020-01-01T21:02:07.120Z,sell,2.68e-06,141.0,0.00037788
VIB/BTC,1577912613547,2020-01-01T21:03:33.547Z,sell,2.68e-06,12490.0,0.0334732
VIB/BTC,1577912627625,2020-01-01T21:03:47.625Z,sell,2.67e-06,38.0,0.00010146
VIB/BTC,1577912787776,2020-01-01T21:06:27.776Z,sell,2.68e-06,3842.0,0.01029656
VIB/BTC,1577912871756,2020-01-01T21:07:51.756Z,sell,2.67e-06,21369.0,0.05705523
VIB/BTC,1577912872387,2020-01-01T21:07:52.387Z,sell,2.67e-06,799.0,0.0021333299999999
VIB/BTC,1577912885305,2020-01-01T21:08:05.305Z,buy,2.68e-06,141.0,0.00037788
VIB/BTC,1577912893496,2020-01-01T21:08:13.496Z,sell,2.67e-06,3255.0,0.00869085
VIB/BTC,1577912893496,2020-01-01T21:08:13.496Z,sell,2.66e-06,3668.0,0.0097568799999999
VIB/BTC,1577912894162,2020-01-01T21:08:14.162Z,buy,2.68e-06,53.0,0.00014204
VIB/BTC,1577912894169,2020-01-01T21:08:14.169Z,buy,2.68e-06,173.0,0.00046364
VIB/BTC,1577912895061,2020-01-01T21:08:15.061Z,buy,2.68e-06,42.0,0.00011256
VIB/BTC,1577912895416,2020-01-01T21:08:15.416Z,buy,2.68e-06,75.0,0.000201
VIB/BTC,1577912897581,2020-01-01T21:08:17.581Z,buy,2.68e-06,559.0,0.00149812
VIB/BTC,1577912898388,2020-01-01T21:08:18.388Z,buy,2.68e-06,1119.0,0.00299892
VIB/BTC,1577912902288,2020-01-01T21:08:22.288Z,buy,2.68e-06,1119.0,0.00299892
VIB/BTC,1577912902825,2020-01-01T21:08:22.825Z,buy,2.68e-06,111.0,0.00029748
VIB/BTC,1577912906210,2020-01-01T21:08:26.210Z,buy,2.68e-06,38.0,0.00010184
VIB/BTC,1577912906882,2020-01-01T21:08:26.882Z,buy,2.68e-06,308.0,0.00082544
VIB/BTC,1577912910917,2020-01-01T21:08:30.917Z,buy,2.68e-06,392.0,0.00105056
VIB/BTC,1577912917567,2020-01-01T21:08:37.567Z,buy,2.68e-06,373.0,0.00099964
VIB/BTC,1577912918319,2020-01-01T21:08:38.319Z,buy,2.68e-06,93.0,0.00024924
VIB/BTC,1577912919755,2020-01-01T21:08:39.755Z,buy,2.68e-06,1492.0,0.00399856
VIB/BTC,1577912921340,2020-01-01T21:08:41.340Z,buy,2.68e-06,935.0,0.0025058
VIB/BTC,1577912921766,2020-01-01T21:08:41.766Z,buy,2.69e-06,413.0,0.00111097
VIB/BTC,1577912935817,2020-01-01T21:08:55.817Z,buy,2.69e-06,744.0,0.00200136
VIB/BTC,1577912937123,2020-01-01T21:08:57.123Z,buy,2.69e-06,372.0,0.00100068
VIB/BTC,1577912937269,2020-01-01T21:08:57.269Z,buy,2.69e-06,75.0,0.00020175
VIB/BTC,1577912937521,2020-01-01T21:08:57.521Z,buy,2.69e-06,186.0,0.00050034
VIB/BTC,1577912938865,2020-01-01T21:08:58.865Z,buy,2.69e-06,1116.0,0.00300204
VIB/BTC,1577912939670,2020-01-01T21:08:59.670Z,buy,2.69e-06,224.0,0.00060256
VIB/BTC,1577912940189,2020-01-01T21:09:00.189Z,buy,2.69e-06,145.0,0.00039005
VIB/BTC,1577912940460,2020-01-01T21:09:00.460Z,buy,2.69e-06,149.0,0.00040081
VIB/BTC,1577912940659,2020-01-01T21:09:00.659Z,buy,2.69e-06,5205.0,0.01400145
VIB/BTC,1577913119464,2020-01-01T21:11:59.464Z,buy,2.69e-06,120655.0,0.32456195
VIB/BTC,1577913125894,2020-01-01T21:12:05.894Z,sell,2.69e-06,141.0,0.00037929
VIB/BTC,1577913140017,2020-01-01T21:12:20.017Z,buy,2.7e-06,2775.0,0.0074925
VIB/BTC,1577913310109,2020-01-01T21:15:10.109Z,sell,2.69e-06,3831.0,0.01030539
VIB/BTC,1577913310118,2020-01-01T21:15:10.118Z,sell,2.69e-06,13410.0,0.0360729
VIB/BTC,1577913311196,2020-01-01T21:15:11.196Z,sell,2.69e-06,1869.0,0.00502761
VIB/BTC,1577913316609,2020-01-01T21:15:16.609Z,sell,2.69e-06,6660.0,0.0179154
VIB/BTC,1577913319229,2020-01-01T21:15:19.229Z,buy,2.69e-06,164359.0,0.44212571
VIB/BTC,1577913321081,2020-01-01T21:15:21.081Z,buy,2.69e-06,101902.0,0.27411638
VIB/BTC,1577913323531,2020-01-01T21:15:23.531Z,buy,2.69e-06,46020.0,0.1237938
VIB/BTC,1577913329805,2020-01-01T21:15:29.805Z,buy,2.69e-06,9862.0,0.02652878
VIB/BTC,1577913337379,2020-01-01T21:15:37.379Z,buy,2.69e-06,62456.0,0.16800664
VIB/BTC,1577913338488,2020-01-01T21:15:38.488Z,buy,2.69e-06,111764.0,0.30064516
VIB/BTC,1577913340549,2020-01-01T21:15:40.549Z,buy,2.69e-06,82179.0,0.22106151
VIB/BTC,1577913342489,2020-01-01T21:15:42.489Z,buy,2.69e-06,46308.0,0.12456852
VIB/BTC,1577913343871,2020-01-01T21:15:43.871Z,buy,2.69e-06,48152.0,0.12952888
VIB/BTC,1577913360977,2020-01-01T21:16:00.977Z,sell,2.69e-06,68.0,0.00018292
VIB/BTC,1577913362921,2020-01-01T21:16:02.921Z,buy,2.7e-06,200.0,0.00054
VIB/BTC,1577913364517,2020-01-01T21:16:04.517Z,buy,2.7e-06,200.0,0.00054
VIB/BTC,1577913366010,2020-01-01T21:16:06.010Z,buy,2.7e-06,200.0,0.00054
VIB/BTC,1577913367450,2020-01-01T21:16:07.450Z,buy,2.7e-06,200.0,0.00054
VIB/BTC,1577913368715,2020-01-01T21:16:08.715Z,buy,2.7e-06,200.0,0.00054
VIB/BTC,1577913369354,2020-01-01T21:16:09.354Z,buy,2.7e-06,1842.0,0.0049734
VIB/BTC,1577913369870,2020-01-01T21:16:09.870Z,buy,2.7e-06,200.0,0.00054
VIB/BTC,1577913371532,2020-01-01T21:16:11.532Z,buy,2.7e-06,200.0,0.00054
VIB/BTC,1577913372861,2020-01-01T21:16:12.861Z,buy,2.7e-06,200.0,0.00054
VIB/BTC,1577913374054,2020-01-01T21:16:14.054Z,buy,2.7e-06,200.0,0.00054
VIB/BTC,1577913375348,2020-01-01T21:16:15.348Z,buy,2.7e-06,200.0,0.00054
VIB/BTC,1577913376691,2020-01-01T21:16:16.691Z,buy,2.7e-06,200.0,0.00054
VIB/BTC,1577913378331,2020-01-01T21:16:18.331Z,buy,2.7e-06,200.0,0.00054
VIB/BTC,1577913379620,2020-01-01T21:16:19.620Z,buy,2.7e-06,200.0,0.00054
VIB/BTC,1577913380326,2020-01-01T21:16:20.326Z,sell,2.69e-06,932.0,0.00250708
VIB/BTC,1577913380344,2020-01-01T21:16:20.344Z,buy,2.69e-06,1068.0,0.00287292
VIB/BTC,1577913380857,2020-01-01T21:16:20.857Z,buy,2.7e-06,200.0,0.00054
VIB/BTC,1577913388110,2020-01-01T21:16:28.110Z,buy,2.69e-06,200.0,0.000538
VIB/BTC,1577913389856,2020-01-01T21:16:29.856Z,buy,2.69e-06,200.0,0.000538
VIB/BTC,1577913392292,2020-01-01T21:16:32.292Z,buy,2.69e-06,200.0,0.000538
VIB/BTC,1577913394412,2020-01-01T21:16:34.412Z,buy,2.69e-06,200.0,0.000538
VIB/BTC,1577913395732,2020-01-01T21:16:35.732Z,buy,2.69e-06,200.0,0.000538
VIB/BTC,1577913397409,2020-01-01T21:16:37.409Z,buy,2.69e-06,200.0,0.000538
VIB/BTC,1577913398605,2020-01-01T21:16:38.605Z,buy,2.69e-06,200.0,0.000538
VIB/BTC,1577913399799,2020-01-01T21:16:39.799Z,buy,2.69e-06,200.0,0.000538
VIB/BTC,1577913401414,2020-01-01T21:16:41.414Z,buy,2.69e-06,200.0,0.000538
VIB/BTC,1577913402700,2020-01-01T21:16:42.700Z,buy,2.69e-06,200.0,0.000538
VIB/BTC,1577913403853,2020-01-01T21:16:43.853Z,buy,2.69e-06,200.0,0.000538
VIB/BTC,1577913405116,2020-01-01T21:16:45.116Z,buy,2.69e-06,200.0,0.000538
VIB/BTC,1577913406532,2020-01-01T21:16:46.532Z,buy,2.69e-06,200.0,0.000538
VIB/BTC,1577913407860,2020-01-01T21:16:47.860Z,buy,2.69e-06,200.0,0.000538
VIB/BTC,1577913409736,2020-01-01T21:16:49.736Z,buy,2.69e-06,200.0,0.000538
VIB/BTC,1577913411086,2020-01-01T21:16:51.086Z,buy,2.69e-06,200.0,0.000538
VIB/BTC,1577913413291,2020-01-01T21:16:53.291Z,buy,2.69e-06,200.0,0.000538
VIB/BTC,1577913416190,2020-01-01T21:16:56.190Z,buy,2.69e-06,200.0,0.000538
VIB/BTC,1577913417382,2020-01-01T21:16:57.382Z,buy,2.69e-06,200.0,0.000538
VIB/BTC,1577913418657,2020-01-01T21:16:58.657Z,buy,2.69e-06,200.0,0.000538
VIB/BTC,1577913420420,2020-01-01T21:17:00.420Z,buy,2.69e-06,200.0,0.000538
VIB/BTC,1577913422328,2020-01-01T21:17:02.328Z,buy,2.69e-06,200.0,0.000538
VIB/BTC,1577913424090,2020-01-01T21:17:04.090Z,buy,2.69e-06,200.0,0.000538
VIB/BTC,1577913425915,2020-01-01T21:17:05.915Z,buy,2.69e-06,200.0,0.000538
VIB/BTC,1577913429646,2020-01-01T21:17:09.646Z,buy,2.69e-06,200.0,0.000538
VIB/BTC,1577913430918,2020-01-01T21:17:10.918Z,buy,2.69e-06,200.0,0.000538
VIB/BTC,1577913640914,2020-01-01T21:20:40.914Z,sell,2.68e-06,100.0,0.000268
VIB/BTC,1577913769913,2020-01-01T21:22:49.913Z,sell,2.68e-06,7892.0,0.02115056
VIB/BTC,1577913769966,2020-01-01T21:22:49.966Z,sell,2.68e-06,18018.0,0.04828824
VIB/BTC,1577913770040,2020-01-01T21:22:50.040Z,sell,2.68e-06,17239.0,0.04620052
VIB/BTC,1577914038920,2020-01-01T21:27:18.920Z,buy,2.69e-06,4441.0,0.01194629
VIB/BTC,1577914186265,2020-01-01T21:29:46.265Z,sell,2.69e-06,200.0,0.000538
VIB/BTC,1577914716535,2020-01-01T21:38:36.535Z,sell,2.69e-06,200.0,0.000538
VIB/BTC,1577914716643,2020-01-01T21:38:36.643Z,sell,2.69e-06,200.0,0.000538
VIB/BTC,1577914718708,2020-01-01T21:38:38.708Z,sell,2.69e-06,200.0,0.000538
VIB/BTC,1577914760672,2020-01-01T21:39:20.672Z,sell,2.69e-06,131.0,0.00035239
VIB/BTC,1577914760876,2020-01-01T21:39:20.876Z,sell,2.69e-06,200.0,0.000538
VIB/BTC,1577914760968,2020-01-01T21:39:20.968Z,sell,2.69e-06,200.0,0.000538
VIB/BTC,1577914761076,2020-01-01T21:39:21.076Z,sell,2.69e-06,200.0,0.000538
VIB/BTC,1577914763383,2020-01-01T21:39:23.383Z,sell,2.69e-06,93.0,0.00025017
VIB/BTC,1577915144314,2020-01-01T21:45:44.314Z,buy,2.69e-06,113.0,0.00030397
VIB/BTC,1577915144333,2020-01-01T21:45:44.333Z,sell,2.69e-06,754.0,0.00202826
VIB/BTC,1577915352449,2020-01-01T21:49:12.449Z,sell,2.68e-06,15857.0,0.04249676
VIB/BTC,1577915352457,2020-01-01T21:49:12.457Z,buy,2.68e-06,7461.0,0.01999548
VIB/BTC,1577915352465,2020-01-01T21:49:12.465Z,buy,2.68e-06,2509.0,0.00672412
VIB/BTC,1577915353516,2020-01-01T21:49:13.516Z,sell,2.68e-06,5153.0,0.01381004
VIB/BTC,1577915772343,2020-01-01T21:56:12.343Z,sell,2.68e-06,69.0,0.00018492
VIB/BTC,1577915812012,2020-01-01T21:56:52.012Z,sell,2.68e-06,9643.0,0.02584324
VIB/BTC,1577915812012,2020-01-01T21:56:52.012Z,sell,2.67e-06,36618.0,0.0977700599999999
VIB/BTC,1577915812805,2020-01-01T21:56:52.805Z,sell,2.67e-06,65.0,0.00017355
VIB/BTC,1577915826256,2020-01-01T21:57:06.256Z,buy,2.68e-06,141.0,0.00037788
VIB/BTC,1577915877250,2020-01-01T21:57:57.250Z,sell,2.67e-06,95016.0,0.25369272
VIB/BTC,1577915877264,2020-01-01T21:57:57.264Z,buy,2.67e-06,51285.0,0.13693095
VIB/BTC,1577916004155,2020-01-01T22:00:04.155Z,sell,2.67e-06,38000.0,0.10146
VIB/BTC,1577916075578,2020-01-01T22:01:15.578Z,buy,2.68e-06,148.0,0.00039664
VIB/BTC,1577916121452,2020-01-01T22:02:01.452Z,sell,2.67e-06,74.0,0.00019758
VIB/BTC,1577916121452,2020-01-01T22:02:01.452Z,sell,2.67e-06,74.0,0.00019758
VIB/BTC,1577916168959,2020-01-01T22:02:48.959Z,buy,2.68e-06,2068.0,0.00554224
VIB/BTC,1577916169021,2020-01-01T22:02:49.021Z,sell,2.68e-06,1664.0,0.00445952
VIB/BTC,1577916235931,2020-01-01T22:03:55.931Z,sell,2.67e-06,20535.0,0.0548284499999999
VIB/BTC,1577916540582,2020-01-01T22:09:00.582Z,sell,2.67e-06,1775.0,0.0047392499999999
VIB/BTC,1577916540630,2020-01-01T22:09:00.630Z,sell,2.67e-06,141.0,0.0003764699999999
VIB/BTC,1577916540745,2020-01-01T22:09:00.745Z,sell,2.67e-06,200.0,0.000534
VIB/BTC,1577916540854,2020-01-01T22:09:00.854Z,sell,2.67e-06,200.0,0.000534
VIB/BTC,1577916540859,2020-01-01T22:09:00.859Z,sell,2.67e-06,1312.0,0.00350304
VIB/BTC,1577916549202,2020-01-01T22:09:09.202Z,sell,2.66e-06,5293.0,0.0140793799999999
VIB/BTC,1577916714805,2020-01-01T22:11:54.805Z,sell,2.67e-06,375.0,0.00100125
VIB/BTC,1577916922308,2020-01-01T22:15:22.308Z,buy,2.68e-06,1463.0,0.00392084
VIB/BTC,1577916922308,2020-01-01T22:15:22.308Z,buy,2.69e-06,1262.0,0.00339478
VIB/BTC,1577916923029,2020-01-01T22:15:23.029Z,sell,2.67e-06,326.0,0.00087042
VIB/BTC,1577916923128,2020-01-01T22:15:23.128Z,sell,2.67e-06,539.0,0.0014391299999999
VIB/BTC,1577916955424,2020-01-01T22:15:55.424Z,sell,2.67e-06,375.0,0.00100125
VIB/BTC,1577916955452,2020-01-01T22:15:55.452Z,sell,2.66e-06,375.0,0.0009975
VIB/BTC,1577916961068,2020-01-01T22:16:01.068Z,buy,2.68e-06,300.0,0.000804
VIB/BTC,1577917360031,2020-01-01T22:22:40.031Z,buy,2.68e-06,74.0,0.00019832
VIB/BTC,1577917361195,2020-01-01T22:22:41.195Z,sell,2.67e-06,326.0,0.00087042
VIB/BTC,1577917371257,2020-01-01T22:22:51.257Z,sell,2.66e-06,397.0,0.00105602
VIB/BTC,1577917371257,2020-01-01T22:22:51.257Z,sell,2.66e-06,22060.0,0.0586796
VIB/BTC,1577917585632,2020-01-01T22:26:25.632Z,buy,2.68e-06,1000.0,0.00268
VIB/BTC,1577917586717,2020-01-01T22:26:26.717Z,sell,2.67e-06,539.0,0.0014391299999999
VIB/BTC,1577917586752,2020-01-01T22:26:26.752Z,sell,2.66e-06,539.0,0.00143374
VIB/BTC,1577917617218,2020-01-01T22:26:57.218Z,sell,2.67e-06,375.0,0.00100125
VIB/BTC,1577917820908,2020-01-01T22:30:20.908Z,buy,2.68e-06,3203.0,0.00858404
VIB/BTC,1577917821693,2020-01-01T22:30:21.693Z,sell,2.67e-06,865.0,0.00230955
VIB/BTC,1577918530875,2020-01-01T22:42:10.875Z,sell,2.66e-06,151650.0,0.403389
VIB/BTC,1577918530906,2020-01-01T22:42:10.906Z,sell,2.65e-06,3061.0,0.00811165
VIB/BTC,1577918530906,2020-01-01T22:42:10.906Z,sell,2.65e-06,6691.0,0.01773115
VIB/BTC,1577918548003,2020-01-01T22:42:28.003Z,buy,2.66e-06,4536.0,0.01206576
VIB/BTC,1577918552871,2020-01-01T22:42:32.871Z,buy,2.66e-06,59.0,0.00015694
VIB/BTC,1577918588453,2020-01-01T22:43:08.453Z,buy,2.66e-06,38.0,0.00010108
VIB/BTC,1577919139115,2020-01-01T22:52:19.115Z,buy,2.66e-06,21337.0,0.05675642
VIB/BTC,1577919323804,2020-01-01T22:55:23.804Z,buy,2.66e-06,3432.0,0.00912912
VIB/BTC,1577919634933,2020-01-01T23:00:34.933Z,buy,2.66e-06,6315.0,0.0167979
VIB/BTC,1577919634933,2020-01-01T23:00:34.933Z,buy,2.66e-06,6315.0,0.0167979
VIB/BTC,1577919922995,2020-01-01T23:05:22.995Z,buy,2.66e-06,2978.0,0.00792148
VIB/BTC,1577920522741,2020-01-01T23:15:22.741Z,buy,2.66e-06,2727.0,0.00725382
VIB/BTC,1577920532158,2020-01-01T23:15:32.158Z,buy,2.66e-06,11278.0,0.02999948
VIB/BTC,1577920740808,2020-01-01T23:19:00.808Z,buy,2.66e-06,378.0,0.00100548
VIB/BTC,1577921122207,2020-01-01T23:25:22.207Z,buy,2.66e-06,2267.0,0.00603022
VIB/BTC,1577921380405,2020-01-01T23:29:40.405Z,buy,2.66e-06,377.0,0.00100282
VIB/BTC,1577921430186,2020-01-01T23:30:30.186Z,buy,2.66e-06,6757.0,0.01797362
VIB/BTC,1577921539697,2020-01-01T23:32:19.697Z,sell,2.65e-06,116837.0,0.30961805
VIB/BTC,1577921539697,2020-01-01T23:32:19.697Z,sell,2.65e-06,301.0,0.00079765
VIB/BTC,1577921539822,2020-01-01T23:32:19.822Z,sell,2.65e-06,117.0,0.00031005
VIB/BTC,1577921539829,2020-01-01T23:32:19.829Z,sell,2.65e-06,109.0,0.00028885
VIB/BTC,1577921563144,2020-01-01T23:32:43.144Z,sell,2.65e-06,15759.0,0.04176135
VIB/BTC,1577921588424,2020-01-01T23:33:08.424Z,buy,2.65e-06,38.0,0.0001007
VIB/BTC,1577922127251,2020-01-01T23:42:07.251Z,sell,2.65e-06,42.0,0.0001113
VIB/BTC,1577922322443,2020-01-01T23:45:22.443Z,buy,2.66e-06,345.0,0.0009177
VIB/BTC,1577922322443,2020-01-01T23:45:22.443Z,buy,2.67e-06,2749.0,0.0073398299999999
VIB/BTC,1577923211110,2020-01-02T00:00:11.110Z,buy,2.67e-06,3745.0,0.00999915
VIB/BTC,1577923211110,2020-01-02T00:00:11.110Z,buy,2.67e-06,13109.0,0.0350010299999999
VIB/BTC,1577923223796,2020-01-02T00:00:23.796Z,buy,2.67e-06,2381.0,0.00635727
VIB/BTC,1577923223796,2020-01-02T00:00:23.796Z,buy,2.67e-06,2381.0,0.00635727
VIB/BTC,1577923264491,2020-01-02T00:01:04.491Z,sell,2.66e-06,4137.0,0.01100442
VIB/BTC,1577923450318,2020-01-02T00:04:10.318Z,buy,2.66e-06,46.0,0.00012236
VIB/BTC,1577924122958,2020-01-02T00:15:22.958Z,buy,2.66e-06,2533.0,0.00673778
VIB/BTC,1577924129451,2020-01-02T00:15:29.451Z,buy,2.66e-06,6315.0,0.0167979
VIB/BTC,1577924350921,2020-01-02T00:19:10.921Z,buy,2.66e-06,52.0,0.00013832
VIB/BTC,1577924609753,2020-01-02T00:23:29.753Z,buy,2.66e-06,4638.0,0.01233708
VIB/BTC,1577925062495,2020-01-02T00:31:02.495Z,buy,2.66e-06,1011.0,0.0026892599999999
VIB/BTC,1577925414302,2020-01-02T00:36:54.302Z,buy,2.66e-06,10247.0,0.02725702
VIB/BTC,1577925778553,2020-01-02T00:42:58.553Z,sell,2.65e-06,5000.0,0.01325
VIB/BTC,1577925778553,2020-01-02T00:42:58.553Z,sell,2.65e-06,5000.0,0.01325
VIB/BTC,1577928140329,2020-01-02T01:22:20.329Z,buy,2.66e-06,59674.0,0.15873284
VIB/BTC,1577928140329,2020-01-02T01:22:20.329Z,buy,2.66e-06,59674.0,0.15873284
VIB/BTC,1577929913509,2020-01-02T01:51:53.509Z,buy,2.66e-06,6436.0,0.01711976
VIB/BTC,1577931235047,2020-01-02T02:13:55.047Z,sell,2.66e-06,66860.0,0.1778476
VIB/BTC,1577931235047,2020-01-02T02:13:55.047Z,sell,2.66e-06,66860.0,0.1778476
VIB/BTC,1577931809289,2020-01-02T02:23:29.289Z,sell,2.66e-06,200.0,0.000532
VIB/BTC,1577931809387,2020-01-02T02:23:29.387Z,sell,2.66e-06,200.0,0.000532
VIB/BTC,1577931809485,2020-01-02T02:23:29.485Z,sell,2.66e-06,200.0,0.000532
VIB/BTC,1577931809614,2020-01-02T02:23:29.614Z,sell,2.66e-06,200.0,0.000532
VIB/BTC,1577931809704,2020-01-02T02:23:29.704Z,sell,2.66e-06,200.0,0.000532
VIB/BTC,1577931811564,2020-01-02T02:23:31.564Z,buy,2.67e-06,78839.0,0.2105001299999999
VIB/BTC,1577931811583,2020-01-02T02:23:31.583Z,sell,2.67e-06,6200.0,0.016554
VIB/BTC,1577931811607,2020-01-02T02:23:31.607Z,sell,2.67e-06,601.0,0.0016046699999999
VIB/BTC,1577931811691,2020-01-02T02:23:31.691Z,sell,2.67e-06,200.0,0.000534
VIB/BTC,1577931811810,2020-01-02T02:23:31.810Z,sell,2.67e-06,200.0,0.000534
VIB/BTC,1577931811900,2020-01-02T02:23:31.900Z,sell,2.67e-06,200.0,0.000534
VIB/BTC,1577931812012,2020-01-02T02:23:32.012Z,sell,2.67e-06,200.0,0.000534
VIB/BTC,1577931812120,2020-01-02T02:23:32.120Z,sell,2.67e-06,200.0,0.000534
VIB/BTC,1577931812203,2020-01-02T02:23:32.203Z,sell,2.67e-06,200.0,0.000534
VIB/BTC,1577931812314,2020-01-02T02:23:32.314Z,sell,2.67e-06,200.0,0.000534
VIB/BTC,1577931812339,2020-01-02T02:23:32.339Z,sell,2.67e-06,2515.0,0.0067150499999999
VIB/BTC,1577931812390,2020-01-02T02:23:32.390Z,sell,2.67e-06,492.0,0.00131364
VIB/BTC,1577931812417,2020-01-02T02:23:32.417Z,sell,2.67e-06,207.0,0.00055269
VIB/BTC,1577931812538,2020-01-02T02:23:32.538Z,sell,2.67e-06,200.0,0.000534
VIB/BTC,1577931812566,2020-01-02T02:23:32.566Z,sell,2.67e-06,337.0,0.0008997899999999
VIB/BTC,1577931814984,2020-01-02T02:23:34.984Z,buy,2.68e-06,56.0,0.00015008
VIB/BTC,1577931815044,2020-01-02T02:23:35.044Z,sell,2.67e-06,574.0,0.00153258
VIB/BTC,1577931818228,2020-01-02T02:23:38.228Z,buy,2.68e-06,15453.0,0.04141404
VIB/BTC,1577932003514,2020-01-02T02:26:43.514Z,buy,2.68e-06,65448.0,0.17540064
VIB/BTC,1577932062138,2020-01-02T02:27:42.138Z,sell,2.68e-06,492.0,0.00131856
VIB/BTC,1577932302231,2020-01-02T02:31:42.231Z,buy,2.69e-06,75.0,0.00020175
VIB/BTC,1577932364895,2020-01-02T02:32:44.895Z,buy,2.69e-06,72282.0,0.19443858
VIB/BTC,1577932385249,2020-01-02T02:33:05.249Z,sell,2.69e-06,59.0,0.00015871
VIB/BTC,1577932386545,2020-01-02T02:33:06.545Z,sell,2.69e-06,141.0,0.00037929
VIB/BTC,1577932418020,2020-01-02T02:33:38.020Z,sell,2.69e-06,8400.0,0.022596
VIB/BTC,1577932474589,2020-01-02T02:34:34.589Z,buy,2.7e-06,28810.0,0.077787
VIB/BTC,1577932474611,2020-01-02T02:34:34.611Z,sell,2.7e-06,1255.0,0.0033885
VIB/BTC,1577932482272,2020-01-02T02:34:42.272Z,sell,2.69e-06,16749.0,0.04505481
VIB/BTC,1577932482272,2020-01-02T02:34:42.272Z,sell,2.68e-06,74616.0,0.19997088
VIB/BTC,1577932490902,2020-01-02T02:34:50.902Z,sell,2.68e-06,74.0,0.00019832
VIB/BTC,1577932491498,2020-01-02T02:34:51.498Z,sell,2.68e-06,46.0,0.00012328
VIB/BTC,1577932739847,2020-01-02T02:38:59.847Z,sell,2.68e-06,83923.0,0.22491364
VIB/BTC,1577932875170,2020-01-02T02:41:15.170Z,sell,2.68e-06,151.0,0.00040468
VIB/BTC,1577933141471,2020-01-02T02:45:41.471Z,buy,2.69e-06,38.0,0.00010222
VIB/BTC,1577933482884,2020-01-02T02:51:22.884Z,sell,2.68e-06,112.0,0.00030016
VIB/BTC,1577933832903,2020-01-02T02:57:12.903Z,sell,2.68e-06,10000.0,0.0268
VIB/BTC,1577934071447,2020-01-02T03:01:11.447Z,buy,2.69e-06,3707.0,0.00997183
VIB/BTC,1577934071447,2020-01-02T03:01:11.447Z,buy,2.7e-06,275.0,0.0007425
VIB/BTC,1577934071447,2020-01-02T03:01:11.447Z,buy,2.71e-06,63622.0,0.17241562
VIB/BTC,1577934071447,2020-01-02T03:01:11.447Z,buy,2.72e-06,35640.0,0.0969408
VIB/BTC,1577934071447,2020-01-02T03:01:11.447Z,buy,2.73e-06,37014.0,0.10104822
VIB/BTC,1577934072609,2020-01-02T03:01:12.609Z,buy,2.71e-06,139.0,0.00037669
VIB/BTC,1577934072631,2020-01-02T03:01:12.631Z,sell,2.71e-06,400.0,0.001084
VIB/BTC,1577934072937,2020-01-02T03:01:12.937Z,sell,2.71e-06,2123.0,0.00575333
VIB/BTC,1577934072942,2020-01-02T03:01:12.942Z,sell,2.7e-06,200.0,0.00054
VIB/BTC,1577934074322,2020-01-02T03:01:14.322Z,sell,2.71e-06,200.0,0.000542
VIB/BTC,1577934074345,2020-01-02T03:01:14.345Z,sell,2.71e-06,145.0,0.00039295
VIB/BTC,1577934082222,2020-01-02T03:01:22.222Z,sell,2.7e-06,45.0,0.0001215
VIB/BTC,1577934082311,2020-01-02T03:01:22.311Z,sell,2.7e-06,1285.0,0.0034695
VIB/BTC,1577934090613,2020-01-02T03:01:30.613Z,sell,2.69e-06,758.0,0.00203902
VIB/BTC,1577934119947,2020-01-02T03:01:59.947Z,buy,2.7e-06,100.0,0.00027
VIB/BTC,1577934121113,2020-01-02T03:02:01.113Z,buy,2.7e-06,100.0,0.00027
VIB/BTC,1577934224620,2020-01-02T03:03:44.620Z,buy,2.7e-06,112.0,0.0003024
VIB/BTC,1577934669436,2020-01-02T03:11:09.436Z,buy,2.7e-06,741.0,0.0020007
VIB/BTC,1577934669436,2020-01-02T03:11:09.436Z,buy,2.7e-06,741.0,0.0020007
VIB/BTC,1577935139856,2020-01-02T03:18:59.856Z,buy,2.7e-06,3792.0,0.0102384
VIB/BTC,1577935145365,2020-01-02T03:19:05.365Z,sell,2.7e-06,354.0,0.0009558
VIB/BTC,1577935557210,2020-01-02T03:25:57.210Z,sell,2.7e-06,6006.0,0.0162162
VIB/BTC,1577935557361,2020-01-02T03:25:57.361Z,sell,2.7e-06,523.0,0.0014121
VIB/BTC,1577935717508,2020-01-02T03:28:37.508Z,buy,2.71e-06,4781.0,0.01295651
VIB/BTC,1577935717714,2020-01-02T03:28:37.714Z,sell,2.71e-06,59.0,0.00015989
VIB/BTC,1577935723335,2020-01-02T03:28:43.335Z,sell,2.71e-06,1492.0,0.0040433199999999
VIB/BTC,1577935756385,2020-01-02T03:29:16.385Z,sell,2.71e-06,793.0,0.00214903
VIB/BTC,1577935757413,2020-01-02T03:29:17.413Z,buy,2.72e-06,10233.0,0.02783376
VIB/BTC,1577935757436,2020-01-02T03:29:17.436Z,sell,2.72e-06,24813.0,0.06749136
VIB/BTC,1577935757440,2020-01-02T03:29:17.440Z,sell,2.71e-06,5377.0,0.01457167
VIB/BTC,1577935759493,2020-01-02T03:29:19.493Z,sell,2.71e-06,39.0,0.00010569
VIB/BTC,1577935759507,2020-01-02T03:29:19.507Z,sell,2.71e-06,933.0,0.00252843
VIB/BTC,1577935819362,2020-01-02T03:30:19.362Z,buy,2.73e-06,14.0,3.822e-05
VIB/BTC,1577935819366,2020-01-02T03:30:19.366Z,sell,2.71e-06,404.0,0.00109484
VIB/BTC,1577935844222,2020-01-02T03:30:44.222Z,buy,2.72e-06,38.0,0.0001033599999999
VIB/BTC,1577935912291,2020-01-02T03:31:52.291Z,buy,2.72e-06,4131.0,0.01123632
VIB/BTC,1577935917332,2020-01-02T03:31:57.332Z,sell,2.72e-06,677.0,0.00184144
VIB/BTC,1577935995258,2020-01-02T03:33:15.258Z,sell,2.72e-06,5537.0,0.0150606399999999
VIB/BTC,1577935998765,2020-01-02T03:33:18.765Z,buy,2.73e-06,916.0,0.00250068
VIB/BTC,1577936079110,2020-01-02T03:34:39.110Z,buy,2.73e-06,1502.0,0.00410046
VIB/BTC,1577936079675,2020-01-02T03:34:39.675Z,sell,2.72e-06,163.0,0.0004433599999999
VIB/BTC,1577936083236,2020-01-02T03:34:43.236Z,buy,2.73e-06,16267.0,0.04440891
VIB/BTC,1577936083329,2020-01-02T03:34:43.329Z,sell,2.73e-06,200.0,0.000546
VIB/BTC,1577936092914,2020-01-02T03:34:52.914Z,sell,2.73e-06,1158.0,0.00316134
VIB/BTC,1577936092917,2020-01-02T03:34:52.917Z,sell,2.73e-06,1380.0,0.0037674
VIB/BTC,1577936092920,2020-01-02T03:34:52.920Z,sell,2.73e-06,1340.0,0.0036582
VIB/BTC,1577936092921,2020-01-02T03:34:52.921Z,sell,2.73e-06,445.0,0.00121485
VIB/BTC,1577936104031,2020-01-02T03:35:04.031Z,sell,2.73e-06,221.0,0.00060333
VIB/BTC,1577936104713,2020-01-02T03:35:04.713Z,sell,2.73e-06,1808.0,0.00493584
VIB/BTC,1577936108531,2020-01-02T03:35:08.531Z,buy,2.74e-06,17066.0,0.04676084
VIB/BTC,1577936113508,2020-01-02T03:35:13.508Z,sell,2.73e-06,37.0,0.00010101
VIB/BTC,1577936113508,2020-01-02T03:35:13.508Z,sell,2.73e-06,663.0,0.00180999
VIB/BTC,1577936115854,2020-01-02T03:35:15.854Z,sell,2.73e-06,6629.0,0.01809717
VIB/BTC,1577936125638,2020-01-02T03:35:25.638Z,buy,2.74e-06,500.0,0.00137
VIB/BTC,1577936125638,2020-01-02T03:35:25.638Z,buy,2.75e-06,5228.0,0.014377
VIB/BTC,1577936127103,2020-01-02T03:35:27.103Z,buy,2.75e-06,2824.0,0.0077659999999999
VIB/BTC,1577936128622,2020-01-02T03:35:28.622Z,buy,2.75e-06,2824.0,0.0077659999999999
VIB/BTC,1577936143591,2020-01-02T03:35:43.591Z,buy,2.75e-06,71716.0,0.197219
VIB/BTC,1577936149238,2020-01-02T03:35:49.238Z,buy,2.75e-06,26645.0,0.07327375
VIB/BTC,1577936149260,2020-01-02T03:35:49.260Z,sell,2.75e-06,1132.0,0.003113
VIB/BTC,1577936149265,2020-01-02T03:35:49.265Z,sell,2.75e-06,3242.0,0.0089155
VIB/BTC,1577936149272,2020-01-02T03:35:49.272Z,sell,2.75e-06,10837.0,0.02980175
VIB/BTC,1577936149282,2020-01-02T03:35:49.282Z,sell,2.75e-06,3289.0,0.0090447499999999
VIB/BTC,1577936149334,2020-01-02T03:35:49.334Z,sell,2.75e-06,13356.0,0.036729
VIB/BTC,1577936156866,2020-01-02T03:35:56.866Z,buy,2.75e-06,4256.0,0.0117039999999999
VIB/BTC,1577936156890,2020-01-02T03:35:56.890Z,sell,2.75e-06,2426.0,0.0066714999999999
VIB/BTC,1577936163870,2020-01-02T03:36:03.870Z,sell,2.75e-06,1292.0,0.0035529999999999
VIB/BTC,1577936164586,2020-01-02T03:36:04.586Z,sell,2.75e-06,1265.0,0.00347875
VIB/BTC,1577936166524,2020-01-02T03:36:06.524Z,sell,2.75e-06,3745.0,0.0102987499999999
VIB/BTC,1577936166914,2020-01-02T03:36:06.914Z,sell,2.75e-06,218.0,0.0005995
VIB/BTC,1577936166914,2020-01-02T03:36:06.914Z,sell,2.74e-06,9772.0,0.02677528
VIB/BTC,1577936166914,2020-01-02T03:36:06.914Z,sell,2.74e-06,14240.0,0.0390176
VIB/BTC,1577936167497,2020-01-02T03:36:07.497Z,sell,2.74e-06,5681.0,0.01556594
VIB/BTC,1577936168007,2020-01-02T03:36:08.007Z,sell,2.74e-06,1992.0,0.00545808
VIB/BTC,1577936168595,2020-01-02T03:36:08.595Z,buy,2.76e-06,2204.0,0.00608304
VIB/BTC,1577936169463,2020-01-02T03:36:09.463Z,sell,2.74e-06,38.0,0.00010412
VIB/BTC,1577936169478,2020-01-02T03:36:09.478Z,sell,2.74e-06,38.0,0.00010412
VIB/BTC,1577936169483,2020-01-02T03:36:09.483Z,sell,2.74e-06,39.0,0.00010686
VIB/BTC,1577936169486,2020-01-02T03:36:09.486Z,sell,2.74e-06,75.0,0.0002055
VIB/BTC,1577936169486,2020-01-02T03:36:09.486Z,sell,2.74e-06,186.0,0.00050964
VIB/BTC,1577936169493,2020-01-02T03:36:09.493Z,sell,2.74e-06,392.0,0.00107408
VIB/BTC,1577936189518,2020-01-02T03:36:29.518Z,buy,2.76e-06,987.0,0.00272412
VIB/BTC,1577936190228,2020-01-02T03:36:30.228Z,buy,2.76e-06,3623.0,0.00999948
VIB/BTC,1577936202663,2020-01-02T03:36:42.663Z,buy,2.76e-06,16233.0,0.0448030799999999
VIB/BTC,1577936202672,2020-01-02T03:36:42.672Z,sell,2.76e-06,10292.0,0.0284059199999999
VIB/BTC,1577936202691,2020-01-02T03:36:42.691Z,sell,2.76e-06,683.0,0.00188508
VIB/BTC,1577936202717,2020-01-02T03:36:42.717Z,sell,2.76e-06,1119.0,0.00308844
VIB/BTC,1577936204156,2020-01-02T03:36:44.156Z,sell,2.76e-06,273.0,0.00075348
VIB/BTC,1577936205438,2020-01-02T03:36:45.438Z,buy,2.77e-06,109.0,0.00030193
VIB/BTC,1577936206565,2020-01-02T03:36:46.565Z,sell,2.76e-06,1811.0,0.0049983599999999
VIB/BTC,1577936212609,2020-01-02T03:36:52.609Z,buy,2.77e-06,4238.0,0.01173926
VIB/BTC,1577936214005,2020-01-02T03:36:54.005Z,buy,2.77e-06,2104.0,0.00582808
VIB/BTC,1577936215041,2020-01-02T03:36:55.041Z,buy,2.77e-06,2104.0,0.00582808
VIB/BTC,1577936218089,2020-01-02T03:36:58.089Z,sell,2.76e-06,495.0,0.0013662
VIB/BTC,1577936229351,2020-01-02T03:37:09.351Z,buy,2.77e-06,31932.0,0.08845164
VIB/BTC,1577936266997,2020-01-02T03:37:46.997Z,buy,2.77e-06,3083.0,0.00853991
VIB/BTC,1577936268863,2020-01-02T03:37:48.863Z,buy,2.77e-06,1541.0,0.00426857
VIB/BTC,1577936271067,2020-01-02T03:37:51.067Z,buy,2.77e-06,771.0,0.00213567
VIB/BTC,1577936272479,2020-01-02T03:37:52.479Z,buy,2.77e-06,771.0,0.00213567
VIB/BTC,1577936276353,2020-01-02T03:37:56.353Z,sell,2.76e-06,396.0,0.00109296
VIB/BTC,1577936321852,2020-01-02T03:38:41.852Z,sell,2.76e-06,75491.0,0.2083551599999999
VIB/BTC,1577936436991,2020-01-02T03:40:36.991Z,sell,2.76e-06,1210.0,0.0033396
VIB/BTC,1577936437004,2020-01-02T03:40:37.004Z,sell,2.76e-06,1808.0,0.00499008
VIB/BTC,1577936437004,2020-01-02T03:40:37.004Z,sell,2.76e-06,7805.0,0.0215418
VIB/BTC,1577936437004,2020-01-02T03:40:37.004Z,sell,2.76e-06,2375.0,0.0065549999999999
VIB/BTC,1577936437008,2020-01-02T03:40:37.008Z,sell,2.76e-06,1376.0,0.00379776
VIB/BTC,1577936437021,2020-01-02T03:40:37.021Z,sell,2.76e-06,5001.0,0.0138027599999999
VIB/BTC,1577936454844,2020-01-02T03:40:54.844Z,buy,2.77e-06,10702.0,0.02964454
VIB/BTC,1577936454853,2020-01-02T03:40:54.853Z,sell,2.77e-06,12699.0,0.03517623
VIB/BTC,1577936454855,2020-01-02T03:40:54.855Z,sell,2.77e-06,9887.0,0.02738699
VIB/BTC,1577936475143,2020-01-02T03:41:15.143Z,buy,2.77e-06,37.0,0.00010249
VIB/BTC,1577936475143,2020-01-02T03:41:15.143Z,buy,2.78e-06,53534.0,0.14882452
VIB/BTC,1577936475239,2020-01-02T03:41:15.239Z,sell,2.78e-06,98.0,0.00027244
VIB/BTC,1577936475344,2020-01-02T03:41:15.344Z,sell,2.78e-06,200.0,0.000556
VIB/BTC,1577936475468,2020-01-02T03:41:15.468Z,sell,2.78e-06,200.0,0.000556
VIB/BTC,1577936475552,2020-01-02T03:41:15.552Z,sell,2.78e-06,200.0,0.000556
VIB/BTC,1577936475622,2020-01-02T03:41:15.622Z,sell,2.78e-06,4531.0,0.01259618
VIB/BTC,1577936475670,2020-01-02T03:41:15.670Z,sell,2.78e-06,200.0,0.000556
VIB/BTC,1577936475747,2020-01-02T03:41:15.747Z,sell,2.78e-06,495.0,0.0013761
VIB/BTC,1577936475768,2020-01-02T03:41:15.768Z,sell,2.78e-06,200.0,0.000556
VIB/BTC,1577936475893,2020-01-02T03:41:15.893Z,sell,2.78e-06,200.0,0.000556
VIB/BTC,1577936479723,2020-01-02T03:41:19.723Z,sell,2.78e-06,500.0,0.00139
VIB/BTC,1577936485476,2020-01-02T03:41:25.476Z,sell,2.78e-06,9234.0,0.02567052
VIB/BTC,1577936487603,2020-01-02T03:41:27.603Z,sell,2.78e-06,65.0,0.0001807
VIB/BTC,1577936488428,2020-01-02T03:41:28.428Z,sell,2.78e-06,153.0,0.00042534
VIB/BTC,1577936495715,2020-01-02T03:41:35.715Z,sell,2.78e-06,431.0,0.00119818
VIB/BTC,1577936528431,2020-01-02T03:42:08.431Z,sell,2.78e-06,37.0,0.00010286
VIB/BTC,1577936531330,2020-01-02T03:42:11.330Z,sell,2.78e-06,2000.0,0.00556
VIB/BTC,1577936578697,2020-01-02T03:42:58.697Z,buy,2.79e-06,40077.0,0.11181483
VIB/BTC,1577936599593,2020-01-02T03:43:19.593Z,buy,2.79e-06,2290.0,0.0063891
VIB/BTC,1577936601129,2020-01-02T03:43:21.129Z,buy,2.79e-06,2290.0,0.0063891
VIB/BTC,1577936661551,2020-01-02T03:44:21.551Z,sell,2.78e-06,119.0,0.00033082
VIB/BTC,1577936661551,2020-01-02T03:44:21.551Z,sell,2.78e-06,6974.0,0.01938772
VIB/BTC,1577936663545,2020-01-02T03:44:23.545Z,sell,2.77e-06,916.0,0.00253732
VIB/BTC,1577936663559,2020-01-02T03:44:23.559Z,sell,2.77e-06,741.0,0.00205257
VIB/BTC,1577936663601,2020-01-02T03:44:23.601Z,sell,2.77e-06,5612.0,0.01554524
VIB/BTC,1577936664595,2020-01-02T03:44:24.595Z,buy,2.78e-06,3730.0,0.0103694
VIB/BTC,1577936664595,2020-01-02T03:44:24.595Z,buy,2.79e-06,89598.0,0.24997842
VIB/BTC,1577936666427,2020-01-02T03:44:26.427Z,buy,2.79e-06,22673.0,0.06325767
VIB/BTC,1577936667499,2020-01-02T03:44:27.499Z,buy,2.79e-06,5668.0,0.01581372
VIB/BTC,1577936668517,2020-01-02T03:44:28.517Z,buy,2.79e-06,1418.0,0.00395622
VIB/BTC,1577936670152,2020-01-02T03:44:30.152Z,buy,2.79e-06,354.0,0.00098766
VIB/BTC,1577936705400,2020-01-02T03:45:05.400Z,sell,2.78e-06,705.0,0.0019599
VIB/BTC,1577936708625,2020-01-02T03:45:08.625Z,sell,2.77e-06,914.0,0.00253178
VIB/BTC,1577936708625,2020-01-02T03:45:08.625Z,sell,2.76e-06,12195.0,0.0336582
VIB/BTC,1577936708625,2020-01-02T03:45:08.625Z,sell,2.76e-06,568.0,0.00156768
VIB/BTC,1577936708629,2020-01-02T03:45:08.629Z,sell,2.76e-06,3745.0,0.0103361999999999
VIB/BTC,1577936710354,2020-01-02T03:45:10.354Z,sell,2.76e-06,48512.0,0.13389312
VIB/BTC,1577936713068,2020-01-02T03:45:13.068Z,sell,2.76e-06,36231.0,0.09999756
VIB/BTC,1577936721151,2020-01-02T03:45:21.151Z,sell,2.76e-06,373.0,0.00102948
VIB/BTC,1577936721151,2020-01-02T03:45:21.151Z,sell,2.75e-06,7501.0,0.02062775
VIB/BTC,1577936725652,2020-01-02T03:45:25.652Z,sell,2.75e-06,364.0,0.001001
VIB/BTC,1577936725652,2020-01-02T03:45:25.652Z,sell,2.74e-06,7142.0,0.01956908
VIB/BTC,1577936725652,2020-01-02T03:45:25.652Z,sell,2.74e-06,4272.0,0.01170528
VIB/BTC,1577936736331,2020-01-02T03:45:36.331Z,buy,2.75e-06,141.0,0.0003877499999999
VIB/BTC,1577936835024,2020-01-02T03:47:15.024Z,sell,2.73e-06,381.0,0.00104013
VIB/BTC,1577936835024,2020-01-02T03:47:15.024Z,sell,2.73e-06,199.0,0.00054327
VIB/BTC,1577936835026,2020-01-02T03:47:15.026Z,sell,2.73e-06,384.0,0.00104832
VIB/BTC,1577936835085,2020-01-02T03:47:15.085Z,sell,2.73e-06,225.0,0.00061425
VIB/BTC,1577936835584,2020-01-02T03:47:15.584Z,sell,2.73e-06,75.0,0.00020475
VIB/BTC,1577936835706,2020-01-02T03:47:15.706Z,sell,2.73e-06,308.0,0.00084084
VIB/BTC,1577936853963,2020-01-02T03:47:33.963Z,buy,2.74e-06,59.0,0.00016166
VIB/BTC,1577936969374,2020-01-02T03:49:29.374Z,buy,2.74e-06,12210.0,0.0334554
VIB/BTC,1577936971614,2020-01-02T03:49:31.614Z,buy,2.74e-06,93.0,0.00025482
VIB/BTC,1577937124498,2020-01-02T03:52:04.498Z,buy,2.75e-06,12648.0,0.034782
VIB/BTC,1577937322428,2020-01-02T03:55:22.428Z,sell,2.73e-06,1618.0,0.00441714
VIB/BTC,1577937322428,2020-01-02T03:55:22.428Z,sell,2.72e-06,4833.0,0.01314576
VIB/BTC,1577937348898,2020-01-02T03:55:48.898Z,sell,2.72e-06,51.0,0.00013872
VIB/BTC,1577937348898,2020-01-02T03:55:48.898Z,sell,2.71e-06,935.0,0.00253385
VIB/BTC,1577937357345,2020-01-02T03:55:57.345Z,buy,2.73e-06,37.0,0.00010101
VIB/BTC,1577937357629,2020-01-02T03:55:57.629Z,buy,2.73e-06,5495.0,0.01500135
VIB/BTC,1577937376357,2020-01-02T03:56:16.357Z,sell,2.72e-06,1129.0,0.00307088
VIB/BTC,1577937376357,2020-01-02T03:56:16.357Z,sell,2.71e-06,1660.0,0.0044986
VIB/BTC,1577937387913,2020-01-02T03:56:27.913Z,buy,2.72e-06,2123.0,0.00577456
VIB/BTC,1577937387913,2020-01-02T03:56:27.913Z,buy,2.73e-06,275.0,0.00075075
VIB/BTC,1577937389553,2020-01-02T03:56:29.553Z,sell,2.72e-06,275.0,0.000748
VIB/BTC,1577937389553,2020-01-02T03:56:29.553Z,sell,2.71e-06,14993.0,0.04063103
VIB/BTC,1577937392553,2020-01-02T03:56:32.553Z,sell,2.71e-06,2123.0,0.00575333
