symbol,timestamp,datetime,side,price,amount,btc_volume
VIB/BTC,1609088975231,2020-12-27T17:09:35.231Z,sell,6.8e-07,183.0,0.00012444
VIB/BTC,1609089073550,2020-12-27T17:11:13.550Z,sell,6.8e-07,1641.0,0.0011158799999999
VIB/BTC,1609089074333,2020-12-27T17:11:14.333Z,sell,6.8e-07,1641.0,0.0011158799999999
VIB/BTC,1609089083602,2020-12-27T17:11:23.602Z,sell,6.8e-07,25288.0,0.0171958399999999
VIB/BTC,1609089229928,2020-12-27T17:13:49.928Z,sell,6.8e-07,3103.0,0.0021100399999999
VIB/BTC,1609089558934,2020-12-27T17:19:18.934Z,sell,6.8e-07,38244.0,0.02600592
VIB/BTC,1609089663923,2020-12-27T17:21:03.923Z,buy,6.9e-07,90010.0,0.0621069
VIB/BTC,1609089966182,2020-12-27T17:26:06.182Z,buy,6.9e-07,5345.0,0.0036880499999999
VIB/BTC,1609090689869,2020-12-27T17:38:09.869Z,buy,6.9e-07,235934.0,0.16279446
VIB/BTC,1609091113203,2020-12-27T17:45:13.203Z,sell,6.8e-07,10000.0,0.0068
VIB/BTC,1609091222946,2020-12-27T17:47:02.946Z,sell,6.8e-07,6801.0,0.00462468
VIB/BTC,1609091301831,2020-12-27T17:48:21.831Z,sell,6.8e-07,38410.0,0.0261187999999999
VIB/BTC,1609091383008,2020-12-27T17:49:43.008Z,buy,6.8e-07,967.0,0.00065756
VIB/BTC,1609091425730,2020-12-27T17:50:25.730Z,sell,6.8e-07,833.0,0.00056644
VIB/BTC,1609091425730,2020-12-27T17:50:25.730Z,sell,6.7e-07,44167.0,0.02959189
VIB/BTC,1609091425730,2020-12-27T17:50:25.730Z,sell,6.7e-07,601.0,0.00040267
VIB/BTC,1609091508965,2020-12-27T17:51:48.965Z,buy,6.8e-07,162.0,0.0001101599999999
VIB/BTC,1609091693528,2020-12-27T17:54:53.528Z,buy,6.8e-07,7134.0,0.0048511199999999
VIB/BTC,1609091693703,2020-12-27T17:54:53.703Z,buy,6.8e-07,2608.0,0.0017734399999999
VIB/BTC,1609091694778,2020-12-27T17:54:54.778Z,buy,6.8e-07,20384.0,0.01386112
VIB/BTC,1609091694843,2020-12-27T17:54:54.843Z,buy,6.8e-07,1039.0,0.00070652
VIB/BTC,1609091694928,2020-12-27T17:54:54.928Z,buy,6.8e-07,365.0,0.0002481999999999
VIB/BTC,1609091695818,2020-12-27T17:54:55.818Z,buy,6.8e-07,1595.0,0.0010846
VIB/BTC,1609091695902,2020-12-27T17:54:55.902Z,buy,6.8e-07,17970.0,0.0122195999999999
VIB/BTC,1609091695902,2020-12-27T17:54:55.902Z,buy,6.9e-07,18261.0,0.01260009
VIB/BTC,1609091695902,2020-12-27T17:54:55.902Z,buy,6.9e-07,1389.0,0.0009584099999999
VIB/BTC,1609091695943,2020-12-27T17:54:55.943Z,buy,6.9e-07,232106.0,0.16015314
VIB/BTC,1609091696052,2020-12-27T17:54:56.052Z,sell,6.9e-07,408.0,0.00028152
VIB/BTC,1609091696052,2020-12-27T17:54:56.052Z,sell,6.9e-07,408.0,0.00028152
VIB/BTC,1609091696085,2020-12-27T17:54:56.085Z,sell,6.9e-07,1895.0,0.00130755
VIB/BTC,1609091696085,2020-12-27T17:54:56.085Z,sell,6.9e-07,408.0,0.00028152
VIB/BTC,1609091696094,2020-12-27T17:54:56.094Z,sell,6.9e-07,408.0,0.00028152
VIB/BTC,1609091696097,2020-12-27T17:54:56.097Z,sell,6.9e-07,408.0,0.00028152
VIB/BTC,1609091696128,2020-12-27T17:54:56.128Z,sell,6.9e-07,408.0,0.00028152
VIB/BTC,1609091696134,2020-12-27T17:54:56.134Z,sell,6.9e-07,408.0,0.00028152
VIB/BTC,1609091696143,2020-12-27T17:54:56.143Z,sell,6.9e-07,408.0,0.00028152
VIB/BTC,1609091696153,2020-12-27T17:54:56.153Z,sell,6.9e-07,4141.0,0.0028572899999999
VIB/BTC,1609091696171,2020-12-27T17:54:56.171Z,sell,6.9e-07,408.0,0.00028152
VIB/BTC,1609091696180,2020-12-27T17:54:56.180Z,sell,6.9e-07,408.0,0.00028152
VIB/BTC,1609091696190,2020-12-27T17:54:56.190Z,sell,6.9e-07,408.0,0.00028152
VIB/BTC,1609091696201,2020-12-27T17:54:56.201Z,sell,6.9e-07,408.0,0.00028152
VIB/BTC,1609091696233,2020-12-27T17:54:56.233Z,sell,6.9e-07,275.0,0.0001897499999999
VIB/BTC,1609091696294,2020-12-27T17:54:56.294Z,sell,6.9e-07,2874.0,0.00198306
VIB/BTC,1609091829160,2020-12-27T17:57:09.160Z,buy,7e-07,3483.0,0.0024381
VIB/BTC,1609091847477,2020-12-27T17:57:27.477Z,buy,7e-07,3318.0,0.0023225999999999
VIB/BTC,1609091854039,2020-12-27T17:57:34.039Z,buy,7e-07,404.0,0.0002828
VIB/BTC,1609091860458,2020-12-27T17:57:40.458Z,buy,7e-07,16040.0,0.011228
VIB/BTC,1609091865068,2020-12-27T17:57:45.068Z,buy,7e-07,589.0,0.0004123
VIB/BTC,1609091926353,2020-12-27T17:58:46.353Z,buy,7e-07,145.0,0.0001015
VIB/BTC,1609091927379,2020-12-27T17:58:47.379Z,buy,7e-07,1726.0,0.0012082
VIB/BTC,1609091981130,2020-12-27T17:59:41.130Z,buy,7e-07,11658.0,0.0081606
VIB/BTC,1609091981130,2020-12-27T17:59:41.130Z,buy,7e-07,11658.0,0.0081606
VIB/BTC,1609092052137,2020-12-27T18:00:52.137Z,buy,7e-07,23333.0,0.0163331
VIB/BTC,1609092052709,2020-12-27T18:00:52.709Z,buy,7e-07,466.0,0.0003261999999999
VIB/BTC,1609092067942,2020-12-27T18:01:07.942Z,sell,7e-07,145.0,0.0001015
VIB/BTC,1609092169180,2020-12-27T18:02:49.180Z,sell,7e-07,611.0,0.0004277
VIB/BTC,1609092224851,2020-12-27T18:03:44.851Z,buy,7.1e-07,7260.0,0.0051546
VIB/BTC,1609092443364,2020-12-27T18:07:23.364Z,sell,7e-07,147.0,0.0001029
VIB/BTC,1609092847451,2020-12-27T18:14:07.451Z,buy,7.1e-07,176.0,0.00012496
VIB/BTC,1609092978548,2020-12-27T18:16:18.548Z,sell,7e-07,206.0,0.0001441999999999
VIB/BTC,1609093283263,2020-12-27T18:21:23.263Z,buy,7.1e-07,1243.0,0.00088253
VIB/BTC,1609093689944,2020-12-27T18:28:09.944Z,buy,7.1e-07,26093.0,0.01852603
VIB/BTC,1609093865080,2020-12-27T18:31:05.080Z,buy,7.1e-07,12111.0,0.00859881
VIB/BTC,1609093881437,2020-12-27T18:31:21.437Z,buy,7.1e-07,118230.0,0.0839433
VIB/BTC,1609093920897,2020-12-27T18:32:00.897Z,sell,7e-07,199.0,0.0001393
VIB/BTC,1609094136781,2020-12-27T18:35:36.781Z,sell,7e-07,172.0,0.0001204
VIB/BTC,1609094263997,2020-12-27T18:37:43.997Z,buy,7.1e-07,374.0,0.00026554
VIB/BTC,1609094265306,2020-12-27T18:37:45.306Z,sell,7e-07,3370.0,0.002359
VIB/BTC,1609094295805,2020-12-27T18:38:15.805Z,sell,7e-07,500.0,0.00035
VIB/BTC,1609094314869,2020-12-27T18:38:34.869Z,buy,7.1e-07,121279.0,0.08610809
VIB/BTC,1609094339148,2020-12-27T18:38:59.148Z,buy,7.1e-07,23567.0,0.01673257
VIB/BTC,1609094339163,2020-12-27T18:38:59.163Z,sell,7.1e-07,394.0,0.00027974
VIB/BTC,1609094339176,2020-12-27T18:38:59.176Z,sell,7.1e-07,1239.0,0.0008796899999999
VIB/BTC,1609094339181,2020-12-27T18:38:59.181Z,sell,7.1e-07,1010.0,0.0007171
VIB/BTC,1609094339181,2020-12-27T18:38:59.181Z,sell,7.1e-07,1239.0,0.0008796899999999
VIB/BTC,1609094355895,2020-12-27T18:39:15.895Z,buy,7.2e-07,20716.0,0.01491552
VIB/BTC,1609094428206,2020-12-27T18:40:28.206Z,buy,7.2e-07,461.0,0.00033192
VIB/BTC,1609094520223,2020-12-27T18:42:00.223Z,buy,7.2e-07,4211.0,0.00303192
VIB/BTC,1609094540010,2020-12-27T18:42:20.010Z,sell,7.1e-07,461.0,0.00032731
VIB/BTC,1609094540010,2020-12-27T18:42:20.010Z,sell,7.1e-07,793.0,0.00056303
VIB/BTC,1609094599799,2020-12-27T18:43:19.799Z,sell,7.1e-07,12928.0,0.00917888
VIB/BTC,1609094886190,2020-12-27T18:48:06.190Z,sell,7.1e-07,121157.0,0.08602147
VIB/BTC,1609095071551,2020-12-27T18:51:11.551Z,sell,7.1e-07,6000.0,0.00426
VIB/BTC,1609095180872,2020-12-27T18:53:00.872Z,sell,7.1e-07,9330.0,0.0066243
VIB/BTC,1609095210603,2020-12-27T18:53:30.603Z,sell,7.1e-07,1015.0,0.00072065
VIB/BTC,1609095571738,2020-12-27T18:59:31.738Z,buy,7.2e-07,595.0,0.0004284
VIB/BTC,1609095571738,2020-12-27T18:59:31.738Z,buy,7.2e-07,595.0,0.0004284
VIB/BTC,1609095614103,2020-12-27T19:00:14.103Z,buy,7.2e-07,3560.0,0.0025632
VIB/BTC,1609095683809,2020-12-27T19:01:23.809Z,buy,7.2e-07,950.0,0.000684
VIB/BTC,1609095698546,2020-12-27T19:01:38.546Z,sell,7.1e-07,32360.0,0.0229756
VIB/BTC,1609095698546,2020-12-27T19:01:38.546Z,sell,7e-07,18777.0,0.0131439
VIB/BTC,1609095746414,2020-12-27T19:02:26.414Z,sell,7e-07,294.0,0.0002058
VIB/BTC,1609095746581,2020-12-27T19:02:26.581Z,sell,7e-07,294.0,0.0002058
VIB/BTC,1609095900887,2020-12-27T19:05:00.887Z,buy,7.1e-07,9068.0,0.00643828
VIB/BTC,1609095901664,2020-12-27T19:05:01.664Z,buy,7.1e-07,6554.0,0.00465334
VIB/BTC,1609095907396,2020-12-27T19:05:07.396Z,buy,7.1e-07,80000.0,0.0567999999999999
VIB/BTC,1609095968829,2020-12-27T19:06:08.829Z,buy,7.1e-07,1830.0,0.0012993
VIB/BTC,1609096016778,2020-12-27T19:06:56.778Z,buy,7.1e-07,12998.0,0.00922858
VIB/BTC,1609096081974,2020-12-27T19:08:01.974Z,sell,7e-07,327.0,0.0002288999999999
VIB/BTC,1609096091396,2020-12-27T19:08:11.396Z,buy,7.1e-07,1872.0,0.00132912
VIB/BTC,1609096099740,2020-12-27T19:08:19.740Z,buy,7.1e-07,571.0,0.00040541
VIB/BTC,1609096149109,2020-12-27T19:09:09.109Z,buy,7.1e-07,14665.0,0.01041215
VIB/BTC,1609096185465,2020-12-27T19:09:45.465Z,buy,7.1e-07,3758.0,0.00266818
VIB/BTC,1609096663705,2020-12-27T19:17:43.705Z,sell,7.1e-07,2916.0,0.00207036
VIB/BTC,1609096683243,2020-12-27T19:18:03.243Z,buy,7.2e-07,20377.0,0.01467144
VIB/BTC,1609096713153,2020-12-27T19:18:33.153Z,buy,7.2e-07,3876.0,0.00279072
VIB/BTC,1609096724021,2020-12-27T19:18:44.021Z,sell,7.1e-07,1844.0,0.00130924
VIB/BTC,1609096740046,2020-12-27T19:19:00.046Z,buy,7.2e-07,138889.0,0.10000008
VIB/BTC,1609096752756,2020-12-27T19:19:12.756Z,buy,7.2e-07,4602.0,0.00331344
VIB/BTC,1609096790212,2020-12-27T19:19:50.212Z,sell,7.1e-07,10000.0,0.0070999999999999
VIB/BTC,1609096810659,2020-12-27T19:20:10.659Z,sell,7.1e-07,4941.0,0.00350811
VIB/BTC,1609096874192,2020-12-27T19:21:14.192Z,sell,7.1e-07,1488.0,0.00105648
VIB/BTC,1609096921374,2020-12-27T19:22:01.374Z,sell,7.1e-07,5115.0,0.0036316499999999
VIB/BTC,1609096931498,2020-12-27T19:22:11.498Z,buy,7.2e-07,1022.0,0.00073584
VIB/BTC,1609096958123,2020-12-27T19:22:38.123Z,buy,7.2e-07,4474.0,0.00322128
VIB/BTC,1609097051725,2020-12-27T19:24:11.725Z,buy,7.2e-07,10199.0,0.00734328
VIB/BTC,1609097083248,2020-12-27T19:24:43.248Z,buy,7.2e-07,1541.0,0.00110952
VIB/BTC,1609097166356,2020-12-27T19:26:06.356Z,buy,7.2e-07,696.0,0.00050112
VIB/BTC,1609097217143,2020-12-27T19:26:57.143Z,buy,7.2e-07,7104.0,0.00511488
VIB/BTC,1609097248340,2020-12-27T19:27:28.340Z,sell,7.1e-07,5486.0,0.0038950599999999
VIB/BTC,1609097255326,2020-12-27T19:27:35.326Z,sell,7.1e-07,3381.0,0.00240051
VIB/BTC,1609097386132,2020-12-27T19:29:46.132Z,sell,7.1e-07,3872.0,0.00274912
VIB/BTC,1609097582906,2020-12-27T19:33:02.906Z,sell,7.1e-07,695.0,0.00049345
VIB/BTC,1609097738690,2020-12-27T19:35:38.690Z,buy,7.2e-07,2102.0,0.00151344
VIB/BTC,1609097794763,2020-12-27T19:36:34.763Z,buy,7.2e-07,1413.0,0.00101736
VIB/BTC,1609097799894,2020-12-27T19:36:39.894Z,buy,7.2e-07,2361.0,0.00169992
VIB/BTC,1609097863088,2020-12-27T19:37:43.088Z,buy,7.2e-07,1942.0,0.00139824
VIB/BTC,1609097875482,2020-12-27T19:37:55.482Z,buy,7.2e-07,3063.0,0.00220536
VIB/BTC,1609097894271,2020-12-27T19:38:14.271Z,sell,7.1e-07,356.0,0.00025276
VIB/BTC,1609098037554,2020-12-27T19:40:37.554Z,sell,7.1e-07,539.0,0.00038269
VIB/BTC,1609098294660,2020-12-27T19:44:54.660Z,sell,7.1e-07,3334.0,0.0023671399999999
VIB/BTC,1609098358656,2020-12-27T19:45:58.656Z,sell,7.1e-07,1121.0,0.0007959099999999
VIB/BTC,1609098384547,2020-12-27T19:46:24.547Z,buy,7.2e-07,3722.0,0.00267984
VIB/BTC,1609098393518,2020-12-27T19:46:33.518Z,sell,7.2e-07,3476.0,0.00250272
VIB/BTC,1609098404066,2020-12-27T19:46:44.066Z,buy,7.3e-07,867.0,0.00063291
VIB/BTC,1609098406248,2020-12-27T19:46:46.248Z,sell,7.2e-07,387.0,0.00027864
VIB/BTC,1609098406248,2020-12-27T19:46:46.248Z,sell,7.1e-07,6256.0,0.0044417599999999
VIB/BTC,1609098416331,2020-12-27T19:46:56.331Z,buy,7.2e-07,157.0,0.00011304
VIB/BTC,1609098430447,2020-12-27T19:47:10.447Z,buy,7.2e-07,672.0,0.00048384
VIB/BTC,1609098439168,2020-12-27T19:47:19.168Z,buy,7.2e-07,10699.0,0.00770328
VIB/BTC,1609098449397,2020-12-27T19:47:29.397Z,sell,7.2e-07,4210.0,0.0030312
VIB/BTC,1609098456643,2020-12-27T19:47:36.643Z,buy,7.3e-07,692.0,0.00050516
VIB/BTC,1609098485999,2020-12-27T19:48:05.999Z,sell,7.2e-07,468.0,0.0003369599999999
VIB/BTC,1609098493294,2020-12-27T19:48:13.294Z,buy,7.2e-07,3757.0,0.00270504
VIB/BTC,1609098493959,2020-12-27T19:48:13.959Z,sell,7.2e-07,4581.0,0.00329832
VIB/BTC,1609098669055,2020-12-27T19:51:09.055Z,buy,7.2e-07,860.0,0.0006192
VIB/BTC,1609098743528,2020-12-27T19:52:23.528Z,sell,7.1e-07,859.0,0.00060989
VIB/BTC,1609098761243,2020-12-27T19:52:41.243Z,sell,7.1e-07,9000.0,0.00639
VIB/BTC,1609098824242,2020-12-27T19:53:44.242Z,sell,7.1e-07,8329.0,0.00591359
VIB/BTC,1609099013328,2020-12-27T19:56:53.328Z,sell,7.1e-07,1675.0,0.00118925
VIB/BTC,1609099013328,2020-12-27T19:56:53.328Z,sell,7.1e-07,1675.0,0.00118925
VIB/BTC,1609099179239,2020-12-27T19:59:39.239Z,sell,7.1e-07,7096.0,0.00503816
VIB/BTC,1609099492604,2020-12-27T20:04:52.604Z,sell,7.1e-07,145.0,0.00010295
VIB/BTC,1609099497295,2020-12-27T20:04:57.295Z,sell,7.1e-07,11092.0,0.00787532
VIB/BTC,1609099959425,2020-12-27T20:12:39.425Z,sell,7.1e-07,5950.0,0.0042245
VIB/BTC,1609099989754,2020-12-27T20:13:09.754Z,sell,7.1e-07,7577.0,0.00537967
VIB/BTC,1609100028691,2020-12-27T20:13:48.691Z,buy,7.2e-07,208.0,0.00014976
VIB/BTC,1609100142590,2020-12-27T20:15:42.590Z,buy,7.2e-07,10345.0,0.0074484
VIB/BTC,1609100229760,2020-12-27T20:17:09.760Z,buy,7.2e-07,5148.0,0.00370656
VIB/BTC,1609100407067,2020-12-27T20:20:07.067Z,buy,7.2e-07,3612.0,0.00260064
VIB/BTC,1609100492726,2020-12-27T20:21:32.726Z,buy,7.2e-07,370.0,0.0002663999999999
VIB/BTC,1609100529421,2020-12-27T20:22:09.421Z,buy,7.2e-07,2787.0,0.00200664
VIB/BTC,1609100881507,2020-12-27T20:28:01.507Z,buy,7.2e-07,119406.0,0.08597232
VIB/BTC,1609101002930,2020-12-27T20:30:02.930Z,buy,7.2e-07,6050.0,0.004356
VIB/BTC,1609101228757,2020-12-27T20:33:48.757Z,buy,7.2e-07,2583.0,0.00185976
VIB/BTC,1609101272252,2020-12-27T20:34:32.252Z,sell,7.1e-07,47608.0,0.03380168
VIB/BTC,1609101272252,2020-12-27T20:34:32.252Z,sell,7.1e-07,10338.0,0.0073399799999999
VIB/BTC,1609101424231,2020-12-27T20:37:04.231Z,sell,7.1e-07,4000.0,0.00284
VIB/BTC,1609101499310,2020-12-27T20:38:19.310Z,sell,7.1e-07,1080.0,0.0007668
VIB/BTC,1609101552067,2020-12-27T20:39:12.067Z,sell,7.1e-07,12985.0,0.00921935
VIB/BTC,1609101669019,2020-12-27T20:41:09.019Z,sell,7.1e-07,42201.0,0.02996271
VIB/BTC,1609101672162,2020-12-27T20:41:12.162Z,buy,7.1e-07,83098.0,0.0589995799999999
VIB/BTC,1609101682583,2020-12-27T20:41:22.583Z,buy,7.1e-07,16999.0,0.01206929
VIB/BTC,1609101743862,2020-12-27T20:42:23.862Z,sell,7.1e-07,4917.0,0.0034910699999999
VIB/BTC,1609102039063,2020-12-27T20:47:19.063Z,buy,7.2e-07,3324.0,0.00239328
VIB/BTC,1609102079555,2020-12-27T20:47:59.555Z,sell,7.1e-07,79920.0,0.0567432
VIB/BTC,1609102124086,2020-12-27T20:48:44.086Z,buy,7.2e-07,463928.0,0.33402816
VIB/BTC,1609102126217,2020-12-27T20:48:46.217Z,sell,7.2e-07,101836.0,0.07332192
VIB/BTC,1609102127081,2020-12-27T20:48:47.081Z,sell,7.2e-07,13483.0,0.00970776
VIB/BTC,1609102129126,2020-12-27T20:48:49.126Z,sell,7.2e-07,44512.0,0.0320486399999999
VIB/BTC,1609102131596,2020-12-27T20:48:51.596Z,buy,7.2e-07,475972.0,0.34269984
VIB/BTC,1609102143366,2020-12-27T20:49:03.366Z,buy,7.2e-07,509931.0,0.36715032
VIB/BTC,1609102146626,2020-12-27T20:49:06.626Z,sell,7.2e-07,41273.0,0.02971656
VIB/BTC,1609102148755,2020-12-27T20:49:08.755Z,buy,7.2e-07,466899.0,0.33616728
VIB/BTC,1609102150662,2020-12-27T20:49:10.662Z,sell,7.2e-07,167730.0,0.1207656
VIB/BTC,1609102154671,2020-12-27T20:49:14.671Z,buy,7.2e-07,361839.0,0.26052408
VIB/BTC,1609102156600,2020-12-27T20:49:16.600Z,sell,7.2e-07,156590.0,0.1127447999999999
VIB/BTC,1609102158680,2020-12-27T20:49:18.680Z,buy,7.2e-07,340884.0,0.2454364799999999
VIB/BTC,1609102163237,2020-12-27T20:49:23.237Z,sell,7.2e-07,513522.0,0.36973584
VIB/BTC,1609102165447,2020-12-27T20:49:25.447Z,sell,7.2e-07,286879.0,0.20655288
VIB/BTC,1609102167861,2020-12-27T20:49:27.861Z,buy,7.2e-07,282809.0,0.20362248
VIB/BTC,1609102169895,2020-12-27T20:49:29.895Z,sell,7.2e-07,364093.0,0.26214696
VIB/BTC,1609102198367,2020-12-27T20:49:58.367Z,sell,7.2e-07,138431.0,0.0996703199999999
VIB/BTC,1609102207923,2020-12-27T20:50:07.923Z,buy,7.3e-07,26084.0,0.01904132
VIB/BTC,1609102220436,2020-12-27T20:50:20.436Z,sell,7.2e-07,31054.0,0.02235888
VIB/BTC,1609102220436,2020-12-27T20:50:20.436Z,sell,7.2e-07,25830.0,0.0185976
VIB/BTC,1609102220437,2020-12-27T20:50:20.437Z,sell,7.2e-07,31571.0,0.02273112
VIB/BTC,1609102220472,2020-12-27T20:50:20.472Z,sell,7.2e-07,142884.0,0.1028764799999999
VIB/BTC,1609102245388,2020-12-27T20:50:45.388Z,sell,7.2e-07,32628.0,0.0234921599999999
VIB/BTC,1609102245399,2020-12-27T20:50:45.399Z,sell,7.2e-07,737.0,0.00053064
VIB/BTC,1609102276997,2020-12-27T20:51:16.997Z,sell,7.2e-07,270611.0,0.19483992
VIB/BTC,1609102277013,2020-12-27T20:51:17.013Z,buy,7.2e-07,1939.0,0.00139608
VIB/BTC,1609102286124,2020-12-27T20:51:26.124Z,buy,7.2e-07,2248.0,0.00161856
VIB/BTC,1609102286124,2020-12-27T20:51:26.124Z,buy,7.2e-07,2248.0,0.00161856
VIB/BTC,1609102286124,2020-12-27T20:51:26.124Z,buy,7.2e-07,2248.0,0.00161856
VIB/BTC,1609102286124,2020-12-27T20:51:26.124Z,buy,7.2e-07,2248.0,0.00161856
VIB/BTC,1609102286124,2020-12-27T20:51:26.124Z,buy,7.2e-07,2248.0,0.00161856
VIB/BTC,1609102286124,2020-12-27T20:51:26.124Z,buy,7.2e-07,2248.0,0.00161856
VIB/BTC,1609102286124,2020-12-27T20:51:26.124Z,buy,7.2e-07,2248.0,0.00161856
VIB/BTC,1609102286124,2020-12-27T20:51:26.124Z,buy,7.2e-07,2248.0,0.00161856
VIB/BTC,1609102286124,2020-12-27T20:51:26.124Z,buy,7.2e-07,2248.0,0.00161856
VIB/BTC,1609102286124,2020-12-27T20:51:26.124Z,buy,7.2e-07,2248.0,0.00161856
VIB/BTC,1609102286124,2020-12-27T20:51:26.124Z,buy,7.2e-07,2248.0,0.00161856
VIB/BTC,1609102286125,2020-12-27T20:51:26.125Z,buy,7.2e-07,2248.0,0.00161856
VIB/BTC,1609102286125,2020-12-27T20:51:26.125Z,buy,7.2e-07,2248.0,0.00161856
VIB/BTC,1609102286126,2020-12-27T20:51:26.126Z,buy,7.2e-07,2248.0,0.00161856
VIB/BTC,1609102286126,2020-12-27T20:51:26.126Z,buy,7.2e-07,2248.0,0.00161856
VIB/BTC,1609102286126,2020-12-27T20:51:26.126Z,buy,7.2e-07,2248.0,0.00161856
VIB/BTC,1609102286126,2020-12-27T20:51:26.126Z,buy,7.2e-07,2248.0,0.00161856
VIB/BTC,1609102286126,2020-12-27T20:51:26.126Z,buy,7.2e-07,2248.0,0.00161856
VIB/BTC,1609102286126,2020-12-27T20:51:26.126Z,buy,7.2e-07,2248.0,0.00161856
VIB/BTC,1609102286126,2020-12-27T20:51:26.126Z,buy,7.2e-07,2248.0,0.00161856
VIB/BTC,1609102286126,2020-12-27T20:51:26.126Z,buy,7.2e-07,2248.0,0.00161856
VIB/BTC,1609102286126,2020-12-27T20:51:26.126Z,buy,7.2e-07,2248.0,0.00161856
VIB/BTC,1609102286126,2020-12-27T20:51:26.126Z,buy,7.2e-07,2248.0,0.00161856
VIB/BTC,1609102286127,2020-12-27T20:51:26.127Z,buy,7.2e-07,2248.0,0.00161856
VIB/BTC,1609102286127,2020-12-27T20:51:26.127Z,buy,7.2e-07,2248.0,0.00161856
VIB/BTC,1609102286128,2020-12-27T20:51:26.128Z,buy,7.2e-07,2248.0,0.00161856
VIB/BTC,1609102286128,2020-12-27T20:51:26.128Z,buy,7.2e-07,2248.0,0.00161856
VIB/BTC,1609102286128,2020-12-27T20:51:26.128Z,buy,7.2e-07,2248.0,0.00161856
VIB/BTC,1609102286128,2020-12-27T20:51:26.128Z,buy,7.2e-07,2248.0,0.00161856
VIB/BTC,1609102286129,2020-12-27T20:51:26.129Z,buy,7.2e-07,2248.0,0.00161856
VIB/BTC,1609102286129,2020-12-27T20:51:26.129Z,buy,7.2e-07,2248.0,0.00161856
VIB/BTC,1609102286129,2020-12-27T20:51:26.129Z,buy,7.2e-07,2248.0,0.00161856
VIB/BTC,1609102286129,2020-12-27T20:51:26.129Z,buy,7.2e-07,2248.0,0.00161856
VIB/BTC,1609102286129,2020-12-27T20:51:26.129Z,buy,7.2e-07,2248.0,0.00161856
VIB/BTC,1609102286130,2020-12-27T20:51:26.130Z,buy,7.2e-07,2248.0,0.00161856
VIB/BTC,1609102286131,2020-12-27T20:51:26.131Z,buy,7.2e-07,2248.0,0.00161856
VIB/BTC,1609102286131,2020-12-27T20:51:26.131Z,buy,7.2e-07,2248.0,0.00161856
VIB/BTC,1609102286131,2020-12-27T20:51:26.131Z,buy,7.2e-07,2248.0,0.00161856
VIB/BTC,1609102286131,2020-12-27T20:51:26.131Z,buy,7.2e-07,2248.0,0.00161856
VIB/BTC,1609102286131,2020-12-27T20:51:26.131Z,buy,7.2e-07,2248.0,0.00161856
VIB/BTC,1609102286131,2020-12-27T20:51:26.131Z,buy,7.2e-07,2248.0,0.00161856
VIB/BTC,1609102286131,2020-12-27T20:51:26.131Z,buy,7.2e-07,2248.0,0.00161856
VIB/BTC,1609102286132,2020-12-27T20:51:26.132Z,buy,7.2e-07,2248.0,0.00161856
VIB/BTC,1609102286136,2020-12-27T20:51:26.136Z,buy,7.2e-07,2248.0,0.00161856
VIB/BTC,1609102286136,2020-12-27T20:51:26.136Z,buy,7.2e-07,2248.0,0.00161856
VIB/BTC,1609102367613,2020-12-27T20:52:47.613Z,sell,7.2e-07,681.0,0.00049032
VIB/BTC,1609102406650,2020-12-27T20:53:26.650Z,sell,7.2e-07,140612.0,0.1012406399999999
VIB/BTC,1609102406655,2020-12-27T20:53:26.655Z,buy,7.2e-07,61311.0,0.0441439199999999
VIB/BTC,1609102406661,2020-12-27T20:53:26.661Z,buy,7.2e-07,25772.0,0.01855584
VIB/BTC,1609102409113,2020-12-27T20:53:29.113Z,sell,7.2e-07,4443.0,0.00319896
VIB/BTC,1609102409128,2020-12-27T20:53:29.128Z,sell,7.1e-07,6134.0,0.0043551399999999
VIB/BTC,1609102411461,2020-12-27T20:53:31.461Z,sell,7.1e-07,4443.0,0.00315453
VIB/BTC,1609102460135,2020-12-27T20:54:20.135Z,sell,7.1e-07,3159.0,0.00224289
VIB/BTC,1609102462300,2020-12-27T20:54:22.300Z,sell,7.1e-07,3159.0,0.00224289
VIB/BTC,1609102503684,2020-12-27T20:55:03.684Z,sell,7.1e-07,1978.0,0.00140438
VIB/BTC,1609102503684,2020-12-27T20:55:03.684Z,sell,7.1e-07,1978.0,0.00140438
VIB/BTC,1609103053990,2020-12-27T21:04:13.990Z,sell,7.1e-07,6017.0,0.00427207
VIB/BTC,1609103161651,2020-12-27T21:06:01.651Z,sell,7.1e-07,2688.0,0.00190848
VIB/BTC,1609103424358,2020-12-27T21:10:24.358Z,sell,7.1e-07,20539.0,0.0145826899999999
VIB/BTC,1609103469437,2020-12-27T21:11:09.437Z,buy,7.2e-07,430927.0,0.31026744
VIB/BTC,1609103469442,2020-12-27T21:11:09.442Z,sell,7.2e-07,29455.0,0.0212076
VIB/BTC,1609103469443,2020-12-27T21:11:09.443Z,sell,7.2e-07,29455.0,0.0212076
VIB/BTC,1609103469448,2020-12-27T21:11:09.448Z,sell,7.2e-07,25651.0,0.01846872
VIB/BTC,1609103469453,2020-12-27T21:11:09.453Z,sell,7.2e-07,1764.0,0.00127008
VIB/BTC,1609103469489,2020-12-27T21:11:09.489Z,sell,7.2e-07,5406.0,0.00389232
VIB/BTC,1609103472624,2020-12-27T21:11:12.624Z,sell,7.2e-07,168296.0,0.12117312
VIB/BTC,1609103474887,2020-12-27T21:11:14.887Z,buy,7.2e-07,349725.0,0.2518019999999999
VIB/BTC,1609103477407,2020-12-27T21:11:17.407Z,sell,7.2e-07,4225.0,0.003042
VIB/BTC,1609103477464,2020-12-27T21:11:17.464Z,sell,7.2e-07,236870.0,0.1705464
VIB/BTC,1609103479117,2020-12-27T21:11:19.117Z,buy,7.2e-07,257188.0,0.1851753599999999
VIB/BTC,1609103480139,2020-12-27T21:11:20.139Z,sell,7.2e-07,14085.0,0.0101412
VIB/BTC,1609103482759,2020-12-27T21:11:22.759Z,sell,7.2e-07,296681.0,0.21361032
VIB/BTC,1609103485387,2020-12-27T21:11:25.387Z,buy,7.2e-07,240677.0,0.17328744
VIB/BTC,1609103487784,2020-12-27T21:11:27.784Z,sell,7.2e-07,241860.0,0.1741392
VIB/BTC,1609103490271,2020-12-27T21:11:30.271Z,buy,7.2e-07,281928.0,0.20298816
VIB/BTC,1609103492956,2020-12-27T21:11:32.956Z,sell,7.2e-07,200609.0,0.14443848
VIB/BTC,1609103497078,2020-12-27T21:11:37.078Z,buy,7.2e-07,149488.0,0.10763136
VIB/BTC,1609103501007,2020-12-27T21:11:41.007Z,sell,7.2e-07,10364.0,0.00746208
VIB/BTC,1609103503715,2020-12-27T21:11:43.715Z,sell,7.2e-07,322685.0,0.2323332
VIB/BTC,1609103503715,2020-12-27T21:11:43.715Z,sell,7.1e-07,110865.0,0.07871415
VIB/BTC,1609103508950,2020-12-27T21:11:48.950Z,sell,7.1e-07,414787.0,0.2944987699999999
VIB/BTC,1609103514410,2020-12-27T21:11:54.410Z,sell,7.1e-07,408951.0,0.29035521
VIB/BTC,1609103519093,2020-12-27T21:11:59.093Z,sell,7.1e-07,67010.0,0.0475771
VIB/BTC,1609103519675,2020-12-27T21:11:59.675Z,sell,7.1e-07,99804.0,0.07086084
VIB/BTC,1609103523107,2020-12-27T21:12:03.107Z,sell,7.1e-07,80987.0,0.05750077
VIB/BTC,1609103525048,2020-12-27T21:12:05.048Z,sell,7.1e-07,76019.0,0.05397349
VIB/BTC,1609103527340,2020-12-27T21:12:07.340Z,sell,7.1e-07,55731.0,0.03956901
VIB/BTC,1609103665423,2020-12-27T21:14:25.423Z,buy,7.1e-07,1462.0,0.00103802
VIB/BTC,1609103891598,2020-12-27T21:18:11.598Z,sell,7e-07,9192.0,0.0064344
VIB/BTC,1609103950469,2020-12-27T21:19:10.469Z,sell,7e-07,97689.0,0.0683823
VIB/BTC,1609103950489,2020-12-27T21:19:10.489Z,buy,7e-07,9414.0,0.0065898
VIB/BTC,1609103950575,2020-12-27T21:19:10.575Z,buy,7e-07,692.0,0.0004843999999999
VIB/BTC,1609103962754,2020-12-27T21:19:22.754Z,buy,7e-07,32311.0,0.0226176999999999
VIB/BTC,1609104001019,2020-12-27T21:20:01.019Z,buy,7e-07,16276.0,0.0113932
VIB/BTC,1609104004872,2020-12-27T21:20:04.872Z,sell,6.9e-07,1411.0,0.00097359
VIB/BTC,1609104004872,2020-12-27T21:20:04.872Z,sell,6.9e-07,594.0,0.0004098599999999
VIB/BTC,1609104004872,2020-12-27T21:20:04.872Z,sell,6.9e-07,21738.0,0.0149992199999999
VIB/BTC,1609104009571,2020-12-27T21:20:09.571Z,sell,6.9e-07,32278.0,0.0222718199999999
VIB/BTC,1609104040941,2020-12-27T21:20:40.941Z,buy,7e-07,18332.0,0.0128323999999999
VIB/BTC,1609104040957,2020-12-27T21:20:40.957Z,buy,7e-07,5987.0,0.0041909
VIB/BTC,1609104060643,2020-12-27T21:21:00.643Z,buy,7e-07,8806.0,0.0061642
VIB/BTC,1609104097552,2020-12-27T21:21:37.552Z,buy,7e-07,1460.0,0.001022
VIB/BTC,1609104109811,2020-12-27T21:21:49.811Z,buy,7e-07,715.0,0.0005005
VIB/BTC,1609104127975,2020-12-27T21:22:07.975Z,buy,7e-07,143.0,0.0001001
VIB/BTC,1609104141740,2020-12-27T21:22:21.740Z,buy,7e-07,38744.0,0.0271208
VIB/BTC,1609104149241,2020-12-27T21:22:29.241Z,buy,7e-07,1261.0,0.0008826999999999
VIB/BTC,1609104335157,2020-12-27T21:25:35.157Z,sell,7e-07,13623.0,0.0095360999999999
VIB/BTC,1609104450290,2020-12-27T21:27:30.290Z,buy,7.1e-07,10116.0,0.00718236
VIB/BTC,1609104500578,2020-12-27T21:28:20.578Z,sell,7e-07,2633.0,0.0018430999999999
VIB/BTC,1609104579549,2020-12-27T21:29:39.549Z,sell,7e-07,7212.0,0.0050484
VIB/BTC,1609104725607,2020-12-27T21:32:05.607Z,sell,7e-07,162.0,0.0001133999999999
VIB/BTC,1609105331819,2020-12-27T21:42:11.819Z,buy,7.1e-07,819.0,0.0005814899999999
VIB/BTC,1609105331819,2020-12-27T21:42:11.819Z,buy,7.1e-07,819.0,0.0005814899999999
VIB/BTC,1609107103177,2020-12-27T22:11:43.177Z,sell,7e-07,10000.0,0.0069999999999999
VIB/BTC,1609107129217,2020-12-27T22:12:09.217Z,sell,7e-07,219.0,0.0001532999999999
VIB/BTC,1609108158085,2020-12-27T22:29:18.085Z,sell,7e-07,6214.0,0.0043498
VIB/BTC,1609108284497,2020-12-27T22:31:24.497Z,buy,7.1e-07,356.0,0.00025276
VIB/BTC,1609108529368,2020-12-27T22:35:29.368Z,buy,7.1e-07,32766.0,0.02326386
VIB/BTC,1609108529368,2020-12-27T22:35:29.368Z,buy,7.2e-07,36136.0,0.02601792
VIB/BTC,1609108529690,2020-12-27T22:35:29.690Z,sell,7.1e-07,10007.0,0.0071049699999999
VIB/BTC,1609108530039,2020-12-27T22:35:30.039Z,sell,7.1e-07,1229.0,0.00087259
VIB/BTC,1609108533859,2020-12-27T22:35:33.859Z,sell,7.1e-07,359.0,0.0002548899999999
VIB/BTC,1609108533859,2020-12-27T22:35:33.859Z,sell,7.1e-07,359.0,0.0002548899999999
VIB/BTC,1609110591781,2020-12-27T23:09:51.781Z,buy,7.1e-07,4482.0,0.00318222
VIB/BTC,1609111493947,2020-12-27T23:24:53.947Z,buy,7.1e-07,6892.0,0.00489332
VIB/BTC,1609111493947,2020-12-27T23:24:53.947Z,buy,7.2e-07,39592.0,0.02850624
VIB/BTC,1609112021934,2020-12-27T23:33:41.934Z,buy,7.2e-07,141.0,0.00010152
VIB/BTC,1609112021934,2020-12-27T23:33:41.934Z,buy,7.2e-07,141.0,0.00010152
VIB/BTC,1609112736345,2020-12-27T23:45:36.345Z,buy,7.2e-07,1242.0,0.00089424
VIB/BTC,1609113708226,2020-12-28T00:01:48.226Z,buy,7.2e-07,1000.0,0.0007199999999999
VIB/BTC,1609114156295,2020-12-28T00:09:16.295Z,buy,7.2e-07,5109.0,0.00367848
VIB/BTC,1609114156573,2020-12-28T00:09:16.573Z,buy,7.2e-07,2339.0,0.00168408
VIB/BTC,1609114413505,2020-12-28T00:13:33.505Z,buy,7.2e-07,2248.0,0.00161856
VIB/BTC,1609114414186,2020-12-28T00:13:34.186Z,buy,7.2e-07,3548.0,0.00255456
VIB/BTC,1609114414205,2020-12-28T00:13:34.205Z,buy,7.2e-07,934.0,0.00067248
VIB/BTC,1609114468329,2020-12-28T00:14:28.329Z,sell,7.2e-07,1668.0,0.00120096
VIB/BTC,1609114474463,2020-12-28T00:14:34.463Z,sell,7.2e-07,1697.0,0.00122184
VIB/BTC,1609114475545,2020-12-28T00:14:35.545Z,sell,7.2e-07,4225.0,0.003042
VIB/BTC,1609114476824,2020-12-28T00:14:36.824Z,sell,7.2e-07,1690.0,0.0012168
VIB/BTC,1609114483865,2020-12-28T00:14:43.865Z,sell,7.2e-07,4225.0,0.003042
VIB/BTC,1609114487951,2020-12-28T00:14:47.951Z,sell,7.2e-07,4225.0,0.003042
VIB/BTC,1609114511033,2020-12-28T00:15:11.033Z,sell,7.2e-07,4211.0,0.00303192
VIB/BTC,1609114511815,2020-12-28T00:15:11.815Z,sell,7.2e-07,226.0,0.00016272
VIB/BTC,1609114525605,2020-12-28T00:15:25.605Z,sell,7.1e-07,714.0,0.00050694
VIB/BTC,1609114531960,2020-12-28T00:15:31.960Z,sell,7.1e-07,96875.0,0.06878125
VIB/BTC,1609114532008,2020-12-28T00:15:32.008Z,buy,7.1e-07,488.0,0.00034648
VIB/BTC,1609114532034,2020-12-28T00:15:32.034Z,buy,7.1e-07,1394.0,0.00098974
VIB/BTC,1609114532064,2020-12-28T00:15:32.064Z,buy,7.1e-07,1824.0,0.00129504
VIB/BTC,1609114532068,2020-12-28T00:15:32.068Z,buy,7.1e-07,427.0,0.00030317
VIB/BTC,1609114532069,2020-12-28T00:15:32.069Z,buy,7.1e-07,469.0,0.0003329899999999
VIB/BTC,1609114568332,2020-12-28T00:16:08.332Z,buy,7.1e-07,141.0,0.00010011
VIB/BTC,1609114589994,2020-12-28T00:16:29.994Z,sell,7e-07,17668.0,0.0123676
VIB/BTC,1609114597202,2020-12-28T00:16:37.202Z,buy,7.1e-07,47.0,3.337e-05
VIB/BTC,1609114638584,2020-12-28T00:17:18.584Z,buy,7.1e-07,2785.0,0.00197735
VIB/BTC,1609114643195,2020-12-28T00:17:23.195Z,buy,7.1e-07,400.0,0.0002839999999999
VIB/BTC,1609114671876,2020-12-28T00:17:51.876Z,buy,7.1e-07,13310.0,0.0094501
VIB/BTC,1609114690563,2020-12-28T00:18:10.563Z,buy,7.1e-07,375.0,0.00026625
VIB/BTC,1609114701820,2020-12-28T00:18:21.820Z,buy,7.1e-07,455.0,0.0003230499999999
VIB/BTC,1609114705581,2020-12-28T00:18:25.581Z,buy,7.1e-07,16260.0,0.0115446
VIB/BTC,1609115621402,2020-12-28T00:33:41.402Z,buy,7.1e-07,80000.0,0.0567999999999999
VIB/BTC,1609115621402,2020-12-28T00:33:41.402Z,buy,7.1e-07,80000.0,0.0567999999999999
VIB/BTC,1609115939398,2020-12-28T00:38:59.398Z,sell,7e-07,41590.0,0.029113
VIB/BTC,1609116113743,2020-12-28T00:41:53.743Z,sell,7e-07,7925.0,0.0055474999999999
VIB/BTC,1609116316313,2020-12-28T00:45:16.313Z,sell,7e-07,1503.0,0.0010521
VIB/BTC,1609116468292,2020-12-28T00:47:48.292Z,sell,7e-07,4660.0,0.0032619999999999
VIB/BTC,1609116469084,2020-12-28T00:47:49.084Z,sell,7e-07,962.0,0.0006734
VIB/BTC,1609116511675,2020-12-28T00:48:31.675Z,sell,7e-07,3000.0,0.0021
VIB/BTC,1609116942411,2020-12-28T00:55:42.411Z,buy,7.1e-07,209.0,0.00014839
VIB/BTC,1609117203285,2020-12-28T01:00:03.285Z,buy,7.1e-07,27430.0,0.0194753
VIB/BTC,1609117912704,2020-12-28T01:11:52.704Z,sell,7e-07,12717.0,0.0089018999999999
VIB/BTC,1609117915391,2020-12-28T01:11:55.391Z,sell,7e-07,12098.0,0.0084686
VIB/BTC,1609117963200,2020-12-28T01:12:43.200Z,buy,7.1e-07,722.0,0.00051262
VIB/BTC,1609117971066,2020-12-28T01:12:51.066Z,sell,7e-07,360.0,0.000252
VIB/BTC,1609118253070,2020-12-28T01:17:33.070Z,sell,7e-07,10331.0,0.0072317
VIB/BTC,1609118268807,2020-12-28T01:17:48.807Z,sell,7e-07,668.0,0.0004676
VIB/BTC,1609118673585,2020-12-28T01:24:33.585Z,sell,7e-07,4111.0,0.0028777
VIB/BTC,1609118695653,2020-12-28T01:24:55.653Z,sell,7e-07,25000.0,0.0174999999999999
VIB/BTC,1609119131545,2020-12-28T01:32:11.545Z,sell,7e-07,52216.0,0.0365512
VIB/BTC,1609119160104,2020-12-28T01:32:40.104Z,sell,7e-07,1240.0,0.000868
VIB/BTC,1609119174908,2020-12-28T01:32:54.908Z,sell,7e-07,18521.0,0.0129647
VIB/BTC,1609119174908,2020-12-28T01:32:54.908Z,sell,7e-07,18521.0,0.0129647
VIB/BTC,1609119891967,2020-12-28T01:44:51.967Z,sell,6.9e-07,710.0,0.0004898999999999
VIB/BTC,1609119891967,2020-12-28T01:44:51.967Z,sell,6.9e-07,1841.0,0.0012702899999999
VIB/BTC,1609119891967,2020-12-28T01:44:51.967Z,sell,6.9e-07,5107.0,0.00352383
VIB/BTC,1609119891967,2020-12-28T01:44:51.967Z,sell,6.9e-07,2412.0,0.00166428
VIB/BTC,1609119891967,2020-12-28T01:44:51.967Z,sell,6.9e-07,1316.0,0.0009080399999999
VIB/BTC,1609119891967,2020-12-28T01:44:51.967Z,sell,6.9e-07,13352.0,0.00921288
VIB/BTC,1609119891967,2020-12-28T01:44:51.967Z,sell,6.9e-07,3311.0,0.00228459
VIB/BTC,1609119891967,2020-12-28T01:44:51.967Z,sell,6.9e-07,813.0,0.0005609699999999
VIB/BTC,1609119891967,2020-12-28T01:44:51.967Z,sell,6.9e-07,491.0,0.00033879
VIB/BTC,1609119891967,2020-12-28T01:44:51.967Z,sell,6.9e-07,2570.0,0.0017732999999999
VIB/BTC,1609119961863,2020-12-28T01:46:01.863Z,sell,6.9e-07,1069.0,0.00073761
VIB/BTC,1609120142739,2020-12-28T01:49:02.739Z,buy,7e-07,8502.0,0.0059514
VIB/BTC,1609121195002,2020-12-28T02:06:35.002Z,buy,7e-07,4837.0,0.0033859
VIB/BTC,1609122089340,2020-12-28T02:21:29.340Z,buy,7e-07,229.0,0.0001603
VIB/BTC,1609122089340,2020-12-28T02:21:29.340Z,buy,7e-07,229.0,0.0001603
VIB/BTC,1609123071271,2020-12-28T02:37:51.271Z,buy,7e-07,45.0,3.15e-05
VIB/BTC,1609123121849,2020-12-28T02:38:41.849Z,buy,7e-07,46.0,3.22e-05
VIB/BTC,1609123176664,2020-12-28T02:39:36.664Z,buy,7e-07,48.0,3.36e-05
VIB/BTC,1609123176664,2020-12-28T02:39:36.664Z,buy,7e-07,48.0,3.36e-05
VIB/BTC,1609125907995,2020-12-28T03:25:07.995Z,sell,6.9e-07,9998.0,0.0068986199999999
VIB/BTC,1609126478773,2020-12-28T03:34:38.773Z,sell,6.9e-07,7314.0,0.00504666
VIB/BTC,1609126478773,2020-12-28T03:34:38.773Z,sell,6.9e-07,7314.0,0.00504666
VIB/BTC,1609127322200,2020-12-28T03:48:42.200Z,buy,7e-07,1571.0,0.0010997
VIB/BTC,1609128190311,2020-12-28T04:03:10.311Z,sell,6.9e-07,3958.0,0.00273102
VIB/BTC,1609128606719,2020-12-28T04:10:06.719Z,sell,6.9e-07,4247.0,0.00293043
VIB/BTC,1609129721407,2020-12-28T04:28:41.407Z,buy,7e-07,836.0,0.0005852
VIB/BTC,1609129721407,2020-12-28T04:28:41.407Z,buy,7e-07,836.0,0.0005852
VIB/BTC,1609131665670,2020-12-28T05:01:05.670Z,buy,7e-07,142.0,9.94e-05
VIB/BTC,1609132255416,2020-12-28T05:10:55.416Z,sell,6.9e-07,34687.0,0.02393403
VIB/BTC,1609132255424,2020-12-28T05:10:55.424Z,buy,6.9e-07,966.0,0.00066654
VIB/BTC,1609132255426,2020-12-28T05:10:55.426Z,buy,6.9e-07,13019.0,0.0089831099999999
VIB/BTC,1609132255429,2020-12-28T05:10:55.429Z,buy,6.9e-07,5622.0,0.00387918
VIB/BTC,1609132255525,2020-12-28T05:10:55.525Z,buy,6.9e-07,531.0,0.0003663899999999
VIB/BTC,1609132255716,2020-12-28T05:10:55.716Z,buy,6.9e-07,23410.0,0.0161528999999999
VIB/BTC,1609132255716,2020-12-28T05:10:55.716Z,buy,6.9e-07,23410.0,0.0161528999999999
VIB/BTC,1609133535758,2020-12-28T05:32:15.758Z,sell,6.8e-07,4290.0,0.0029171999999999
VIB/BTC,1609133535758,2020-12-28T05:32:15.758Z,sell,6.8e-07,10181.0,0.00692308
VIB/BTC,1609133535758,2020-12-28T05:32:15.758Z,sell,6.8e-07,391.0,0.0002658799999999
VIB/BTC,1609133535758,2020-12-28T05:32:15.758Z,sell,6.8e-07,370.0,0.0002516
VIB/BTC,1609133535758,2020-12-28T05:32:15.758Z,sell,6.8e-07,1815.0,0.0012342
VIB/BTC,1609133535758,2020-12-28T05:32:15.758Z,sell,6.8e-07,865.0,0.0005882
VIB/BTC,1609133557432,2020-12-28T05:32:37.432Z,sell,6.8e-07,4254.0,0.0028927199999999
VIB/BTC,1609134513605,2020-12-28T05:48:33.605Z,sell,6.8e-07,4837.0,0.0032891599999999
VIB/BTC,1609134939253,2020-12-28T05:55:39.253Z,buy,6.9e-07,190.0,0.0001311
VIB/BTC,1609134939253,2020-12-28T05:55:39.253Z,buy,6.9e-07,190.0,0.0001311
VIB/BTC,1609136988300,2020-12-28T06:29:48.300Z,buy,6.9e-07,1000.0,0.00069
VIB/BTC,1609137294756,2020-12-28T06:34:54.756Z,sell,6.8e-07,3323.0,0.00225964
VIB/BTC,1609138298363,2020-12-28T06:51:38.363Z,sell,6.8e-07,25235.0,0.0171598
VIB/BTC,1609138298628,2020-12-28T06:51:38.628Z,sell,6.8e-07,3863.0,0.0026268399999999
VIB/BTC,1609138402479,2020-12-28T06:53:22.479Z,sell,6.8e-07,4334.0,0.0029471199999999
VIB/BTC,1609138402479,2020-12-28T06:53:22.479Z,sell,6.8e-07,4334.0,0.0029471199999999
VIB/BTC,1609139028452,2020-12-28T07:03:48.452Z,sell,6.8e-07,13944.0,0.00948192
VIB/BTC,1609139330018,2020-12-28T07:08:50.018Z,buy,6.9e-07,4234.0,0.00292146
VIB/BTC,1609139335303,2020-12-28T07:08:55.303Z,buy,6.9e-07,424.0,0.00029256
VIB/BTC,1609139371534,2020-12-28T07:09:31.534Z,sell,6.8e-07,1923.0,0.0013076399999999
VIB/BTC,1609139758469,2020-12-28T07:15:58.469Z,sell,6.8e-07,2170.0,0.0014755999999999
VIB/BTC,1609139992047,2020-12-28T07:19:52.047Z,buy,6.9e-07,3118.0,0.00215142
VIB/BTC,1609140110018,2020-12-28T07:21:50.018Z,buy,6.9e-07,5360.0,0.0036983999999999
VIB/BTC,1609140480944,2020-12-28T07:28:00.944Z,buy,6.9e-07,914.0,0.00063066
VIB/BTC,1609140481121,2020-12-28T07:28:01.121Z,buy,6.9e-07,3132.0,0.0021610799999999
VIB/BTC,1609140585368,2020-12-28T07:29:45.368Z,buy,6.9e-07,59196.0,0.04084524
VIB/BTC,1609140631658,2020-12-28T07:30:31.658Z,buy,6.9e-07,1127.0,0.00077763
VIB/BTC,1609140927255,2020-12-28T07:35:27.255Z,buy,6.9e-07,1114.0,0.00076866
VIB/BTC,1609140991383,2020-12-28T07:36:31.383Z,buy,6.9e-07,208.0,0.0001435199999999
VIB/BTC,1609141151790,2020-12-28T07:39:11.790Z,buy,6.9e-07,3742.0,0.0025819799999999
VIB/BTC,1609141153879,2020-12-28T07:39:13.879Z,buy,6.9e-07,1398.0,0.0009646199999999
VIB/BTC,1609141212108,2020-12-28T07:40:12.108Z,buy,6.9e-07,20540.0,0.0141725999999999
VIB/BTC,1609141217600,2020-12-28T07:40:17.600Z,buy,6.9e-07,42774.0,0.0295140599999999
VIB/BTC,1609141217600,2020-12-28T07:40:17.600Z,buy,6.9e-07,42774.0,0.0295140599999999
VIB/BTC,1609143002589,2020-12-28T08:10:02.589Z,buy,7e-07,31724.0,0.0222068
VIB/BTC,1609143067913,2020-12-28T08:11:07.913Z,sell,7e-07,145.0,0.0001015
VIB/BTC,1609143375030,2020-12-28T08:16:15.030Z,buy,7.1e-07,32779.0,0.02327309
VIB/BTC,1609143416683,2020-12-28T08:16:56.683Z,sell,7e-07,646.0,0.0004522
VIB/BTC,1609143505014,2020-12-28T08:18:25.014Z,buy,7.1e-07,1076.0,0.0007639599999999
VIB/BTC,1609143721187,2020-12-28T08:22:01.187Z,sell,7e-07,20177.0,0.0141239
VIB/BTC,1609144185687,2020-12-28T08:29:45.687Z,sell,7e-07,4464.0,0.0031248
VIB/BTC,1609144227711,2020-12-28T08:30:27.711Z,buy,7.1e-07,4748.0,0.00337108
VIB/BTC,1609144449228,2020-12-28T08:34:09.228Z,buy,7.1e-07,49956.0,0.03546876
VIB/BTC,1609144449228,2020-12-28T08:34:09.228Z,buy,7.2e-07,81897.0,0.05896584
VIB/BTC,1609144449918,2020-12-28T08:34:09.918Z,buy,7.1e-07,1017.0,0.00072207
VIB/BTC,1609144450022,2020-12-28T08:34:10.022Z,buy,7.1e-07,2101.0,0.00149171
VIB/BTC,1609144453398,2020-12-28T08:34:13.398Z,buy,7.2e-07,32098.0,0.02311056
VIB/BTC,1609144455965,2020-12-28T08:34:15.965Z,buy,7.2e-07,7579.0,0.00545688
VIB/BTC,1609144457949,2020-12-28T08:34:17.949Z,buy,7.2e-07,1895.0,0.0013644
VIB/BTC,1609144462827,2020-12-28T08:34:22.827Z,buy,7.2e-07,474.0,0.00034128
VIB/BTC,1609144651758,2020-12-28T08:37:31.758Z,buy,7.2e-07,506.0,0.00036432
VIB/BTC,1609144651758,2020-12-28T08:37:31.758Z,buy,7.2e-07,506.0,0.00036432
VIB/BTC,1609144876155,2020-12-28T08:41:16.155Z,sell,7.1e-07,1281.0,0.00090951
VIB/BTC,1609144884632,2020-12-28T08:41:24.632Z,sell,7.1e-07,5194.0,0.0036877399999999
VIB/BTC,1609145216786,2020-12-28T08:46:56.786Z,buy,7.2e-07,38052.0,0.02739744
VIB/BTC,1609145216786,2020-12-28T08:46:56.786Z,buy,7.3e-07,93585.0,0.06831705
VIB/BTC,1609145217097,2020-12-28T08:46:57.097Z,buy,7.2e-07,3103.0,0.00223416
VIB/BTC,1609145217904,2020-12-28T08:46:57.904Z,sell,7.2e-07,8102.0,0.00583344
VIB/BTC,1609145220227,2020-12-28T08:47:00.227Z,buy,7.2e-07,166.0,0.00011952
VIB/BTC,1609145265612,2020-12-28T08:47:45.612Z,buy,7.2e-07,86577.0,0.06233544
VIB/BTC,1609145269364,2020-12-28T08:47:49.364Z,buy,7.2e-07,80555.0,0.0579996
VIB/BTC,1609145271118,2020-12-28T08:47:51.118Z,buy,7.2e-07,46977.0,0.0338234399999999
VIB/BTC,1609145271130,2020-12-28T08:47:51.130Z,sell,7.2e-07,1195.0,0.0008604
VIB/BTC,1609145274081,2020-12-28T08:47:54.081Z,sell,7.2e-07,84566.0,0.06088752
VIB/BTC,1609145279124,2020-12-28T08:47:59.124Z,sell,7.2e-07,83277.0,0.0599594399999999
VIB/BTC,1609145292437,2020-12-28T08:48:12.437Z,buy,7.3e-07,72444.0,0.05288412
VIB/BTC,1609145296046,2020-12-28T08:48:16.046Z,buy,7.3e-07,83277.0,0.06079221
VIB/BTC,1609145297846,2020-12-28T08:48:17.846Z,sell,7.2e-07,3117.0,0.0022442399999999
VIB/BTC,1609145302858,2020-12-28T08:48:22.858Z,sell,7.2e-07,4446.0,0.00320112
VIB/BTC,1609145304192,2020-12-28T08:48:24.192Z,sell,7.2e-07,74588.0,0.05370336
VIB/BTC,1609145308159,2020-12-28T08:48:28.159Z,sell,7.2e-07,83277.0,0.0599594399999999
VIB/BTC,1609145311030,2020-12-28T08:48:31.030Z,sell,7.2e-07,86577.0,0.06233544
VIB/BTC,1609145318521,2020-12-28T08:48:38.521Z,sell,7.2e-07,83277.0,0.0599594399999999
VIB/BTC,1609145321917,2020-12-28T08:48:41.917Z,buy,7.3e-07,84566.0,0.06173318
VIB/BTC,1609145324691,2020-12-28T08:48:44.691Z,buy,7.3e-07,78322.0,0.05717506
VIB/BTC,1609145334371,2020-12-28T08:48:54.371Z,buy,7.3e-07,86544.0,0.06317712
VIB/BTC,1609145340004,2020-12-28T08:49:00.004Z,buy,7.3e-07,78322.0,0.05717506
VIB/BTC,1609145345166,2020-12-28T08:49:05.166Z,buy,7.3e-07,86572.0,0.06319756
VIB/BTC,1609145348172,2020-12-28T08:49:08.172Z,buy,7.3e-07,72399.0,0.05285127
VIB/BTC,1609145348195,2020-12-28T08:49:08.195Z,sell,7.3e-07,845.0,0.00061685
VIB/BTC,1609145369206,2020-12-28T08:49:29.206Z,buy,7.3e-07,83274.0,0.06079002
VIB/BTC,1609145374459,2020-12-28T08:49:34.459Z,buy,7.3e-07,84566.0,0.06173318
VIB/BTC,1609145376657,2020-12-28T08:49:36.657Z,sell,7.3e-07,529.0,0.00038617
VIB/BTC,1609145376759,2020-12-28T08:49:36.759Z,sell,7.3e-07,3581.0,0.00261413
VIB/BTC,1609145376985,2020-12-28T08:49:36.985Z,sell,7.2e-07,2420.0,0.0017424
VIB/BTC,1609145379397,2020-12-28T08:49:39.397Z,buy,7.3e-07,1651.0,0.00120523
VIB/BTC,1609145381184,2020-12-28T08:49:41.184Z,buy,7.3e-07,66926.0,0.04885598
VIB/BTC,1609145381203,2020-12-28T08:49:41.203Z,sell,7.3e-07,1651.0,0.00120523
VIB/BTC,1609145381562,2020-12-28T08:49:41.562Z,sell,7.2e-07,1527.0,0.00109944
VIB/BTC,1609145387972,2020-12-28T08:49:47.972Z,buy,7.3e-07,73255.0,0.05347615
VIB/BTC,1609145393906,2020-12-28T08:49:53.906Z,buy,7.3e-07,38245.0,0.02791885
VIB/BTC,1609145394728,2020-12-28T08:49:54.728Z,sell,7.3e-07,3350.0,0.0024455
VIB/BTC,1609145396757,2020-12-28T08:49:56.757Z,sell,7.3e-07,82959.0,0.06056007
VIB/BTC,1609145399462,2020-12-28T08:49:59.462Z,buy,7.3e-07,4685.0,0.00342005
VIB/BTC,1609145402901,2020-12-28T08:50:02.901Z,sell,7.3e-07,73255.0,0.05347615
VIB/BTC,1609145408000,2020-12-28T08:50:08.000Z,sell,7.3e-07,84577.0,0.06174121
VIB/BTC,1609145408183,2020-12-28T08:50:08.183Z,sell,7.3e-07,4257.0,0.00310761
VIB/BTC,1609145414831,2020-12-28T08:50:14.831Z,sell,7.3e-07,3831.0,0.00279663
VIB/BTC,1609145435339,2020-12-28T08:50:35.339Z,buy,7.4e-07,38655.0,0.0286047
VIB/BTC,1609145439944,2020-12-28T08:50:39.944Z,buy,7.4e-07,252725.0,0.1870165
VIB/BTC,1609145439959,2020-12-28T08:50:39.959Z,sell,7.4e-07,4735.0,0.0035039
VIB/BTC,1609145439961,2020-12-28T08:50:39.961Z,sell,7.4e-07,6879.0,0.00509046
VIB/BTC,1609145441078,2020-12-28T08:50:41.078Z,sell,7.4e-07,1506.0,0.00111444
VIB/BTC,1609145445874,2020-12-28T08:50:45.874Z,sell,7.4e-07,120742.0,0.08934908
VIB/BTC,1609145445874,2020-12-28T08:50:45.874Z,sell,7.3e-07,265832.0,0.19405736
VIB/BTC,1609145455957,2020-12-28T08:50:55.957Z,sell,7.3e-07,86577.0,0.06320121
VIB/BTC,1609145458021,2020-12-28T08:50:58.021Z,sell,7.3e-07,78322.0,0.05717506
VIB/BTC,1609145462396,2020-12-28T08:51:02.396Z,buy,7.4e-07,29694.0,0.02197356
VIB/BTC,1609145462445,2020-12-28T08:51:02.445Z,buy,7.4e-07,86544.0,0.06404256
VIB/BTC,1609145465338,2020-12-28T08:51:05.338Z,buy,7.4e-07,78322.0,0.05795828
VIB/BTC,1609145467982,2020-12-28T08:51:07.982Z,buy,7.4e-07,75103.0,0.05557622
VIB/BTC,1609145471748,2020-12-28T08:51:11.748Z,sell,7.4e-07,2595.0,0.0019203
VIB/BTC,1609145472414,2020-12-28T08:51:12.414Z,sell,7.4e-07,1673.0,0.00123802
VIB/BTC,1609145474353,2020-12-28T08:51:14.353Z,sell,7.4e-07,5206.0,0.00385244
VIB/BTC,1609145476440,2020-12-28T08:51:16.440Z,buy,7.4e-07,78071.0,0.05777254
VIB/BTC,1609145479405,2020-12-28T08:51:19.405Z,sell,7.4e-07,5206.0,0.00385244
VIB/BTC,1609145481885,2020-12-28T08:51:21.885Z,buy,7.4e-07,73449.0,0.05435226
VIB/BTC,1609145484476,2020-12-28T08:51:24.476Z,sell,7.4e-07,5206.0,0.00385244
VIB/BTC,1609145487273,2020-12-28T08:51:27.273Z,buy,7.4e-07,81371.0,0.06021454
VIB/BTC,1609145490283,2020-12-28T08:51:30.283Z,sell,7.4e-07,5206.0,0.00385244
VIB/BTC,1609145493263,2020-12-28T08:51:33.263Z,buy,7.4e-07,68051.0,0.05035774
VIB/BTC,1609145511233,2020-12-28T08:51:51.233Z,sell,7.4e-07,5224.0,0.00386576
VIB/BTC,1609145512437,2020-12-28T08:51:52.437Z,buy,7.4e-07,978.0,0.00072372
VIB/BTC,1609145678322,2020-12-28T08:54:38.322Z,buy,7.4e-07,1053.0,0.00077922
VIB/BTC,1609145683431,2020-12-28T08:54:43.431Z,sell,7.3e-07,258.0,0.00018834
VIB/BTC,1609145688257,2020-12-28T08:54:48.257Z,sell,7.3e-07,200.0,0.000146
VIB/BTC,1609145688835,2020-12-28T08:54:48.835Z,buy,7.4e-07,7119.0,0.00526806
VIB/BTC,1609145694356,2020-12-28T08:54:54.356Z,sell,7.3e-07,200.0,0.000146
VIB/BTC,1609145696882,2020-12-28T08:54:56.882Z,sell,7.3e-07,395.0,0.00028835
VIB/BTC,1609145697159,2020-12-28T08:54:57.159Z,buy,7.4e-07,1683.0,0.00124542
VIB/BTC,1609145726295,2020-12-28T08:55:26.295Z,buy,7.4e-07,1217.0,0.00090058
VIB/BTC,1609145726380,2020-12-28T08:55:26.380Z,buy,7.4e-07,4380.0,0.0032412
VIB/BTC,1609145726550,2020-12-28T08:55:26.550Z,buy,7.5e-07,1352.0,0.001014
VIB/BTC,1609145726946,2020-12-28T08:55:26.946Z,buy,7.5e-07,27028.0,0.020271
VIB/BTC,1609145759970,2020-12-28T08:55:59.970Z,sell,7.4e-07,20695.0,0.0153143
VIB/BTC,1609145781959,2020-12-28T08:56:21.959Z,sell,7.4e-07,2671.0,0.00197654
VIB/BTC,1609145812144,2020-12-28T08:56:52.144Z,sell,7.3e-07,152664.0,0.11144472
VIB/BTC,1609145812144,2020-12-28T08:56:52.144Z,sell,7.2e-07,76938.0,0.05539536
VIB/BTC,1609145812144,2020-12-28T08:56:52.144Z,sell,7.1e-07,28164.0,0.01999644
VIB/BTC,1609145813124,2020-12-28T08:56:53.124Z,sell,7.2e-07,10009.0,0.0072064799999999
VIB/BTC,1609145813440,2020-12-28T08:56:53.440Z,sell,7.2e-07,216.0,0.00015552
VIB/BTC,1609145821336,2020-12-28T08:57:01.336Z,sell,7.2e-07,503.0,0.00036216
VIB/BTC,1609145828152,2020-12-28T08:57:08.152Z,buy,7.3e-07,11383.0,0.00830959
VIB/BTC,1609145828152,2020-12-28T08:57:08.152Z,buy,7.4e-07,38738.0,0.02866612
VIB/BTC,1609145828152,2020-12-28T08:57:08.152Z,buy,7.5e-07,202957.0,0.15221775
VIB/BTC,1609145828152,2020-12-28T08:57:08.152Z,buy,7.6e-07,69020.0,0.0524552
VIB/BTC,1609145829685,2020-12-28T08:57:09.685Z,buy,7.5e-07,10010.0,0.0075075
VIB/BTC,1609145829900,2020-12-28T08:57:09.900Z,buy,7.5e-07,414.0,0.0003105
VIB/BTC,1609145829916,2020-12-28T08:57:09.916Z,sell,7.5e-07,592.0,0.000444
VIB/BTC,1609145830223,2020-12-28T08:57:10.223Z,sell,7.5e-07,206.0,0.0001545
VIB/BTC,1609145830436,2020-12-28T08:57:10.436Z,sell,7.4e-07,2036.0,0.00150664
VIB/BTC,1609145836534,2020-12-28T08:57:16.534Z,buy,7.6e-07,58543.0,0.04449268
VIB/BTC,1609145836534,2020-12-28T08:57:16.534Z,buy,7.7e-07,9935.0,0.00764995
VIB/BTC,1609145836762,2020-12-28T08:57:16.762Z,sell,7.5e-07,3131.0,0.00234825
VIB/BTC,1609145836764,2020-12-28T08:57:16.764Z,sell,7.5e-07,3174.0,0.0023805
VIB/BTC,1609145836767,2020-12-28T08:57:16.767Z,sell,7.5e-07,3131.0,0.00234825
VIB/BTC,1609145837890,2020-12-28T08:57:17.890Z,sell,7.5e-07,3173.0,0.00237975
VIB/BTC,1609145837897,2020-12-28T08:57:17.897Z,sell,7.5e-07,3173.0,0.00237975
VIB/BTC,1609145837991,2020-12-28T08:57:17.991Z,sell,7.5e-07,797.0,0.00059775
VIB/BTC,1609145838695,2020-12-28T08:57:18.695Z,buy,7.6e-07,1007.0,0.00076532
VIB/BTC,1609145838695,2020-12-28T08:57:18.695Z,buy,7.7e-07,14416.0,0.01110032
VIB/BTC,1609145838983,2020-12-28T08:57:18.983Z,sell,7.6e-07,15003.0,0.01140228
VIB/BTC,1609145839087,2020-12-28T08:57:19.087Z,buy,7.6e-07,209.0,0.00015884
VIB/BTC,1609145839362,2020-12-28T08:57:19.362Z,buy,7.6e-07,1009.0,0.00076684
VIB/BTC,1609145843504,2020-12-28T08:57:23.504Z,buy,7.6e-07,558.0,0.00042408
VIB/BTC,1609145843504,2020-12-28T08:57:23.504Z,buy,7.7e-07,2952.0,0.00227304
VIB/BTC,1609145845774,2020-12-28T08:57:25.774Z,buy,7.7e-07,838.0,0.00064526
VIB/BTC,1609145849457,2020-12-28T08:57:29.457Z,buy,7.7e-07,209.0,0.00016093
VIB/BTC,1609145856287,2020-12-28T08:57:36.287Z,sell,7.6e-07,159.0,0.00012084
VIB/BTC,1609145865732,2020-12-28T08:57:45.732Z,sell,7.5e-07,503.0,0.00037725
VIB/BTC,1609145871849,2020-12-28T08:57:51.849Z,buy,7.6e-07,1316.0,0.00100016
VIB/BTC,1609145887200,2020-12-28T08:58:07.200Z,sell,7.5e-07,4038.0,0.0030285
VIB/BTC,1609145888797,2020-12-28T08:58:08.797Z,sell,7.5e-07,1981.0,0.00148575
VIB/BTC,1609146217041,2020-12-28T09:03:37.041Z,sell,7.4e-07,1622.0,0.00120028
VIB/BTC,1609146222036,2020-12-28T09:03:42.036Z,sell,7.4e-07,4110.0,0.0030414
VIB/BTC,1609146243288,2020-12-28T09:04:03.288Z,sell,7.4e-07,262.0,0.00019388
VIB/BTC,1609146274515,2020-12-28T09:04:34.515Z,sell,7.4e-07,4110.0,0.0030414
VIB/BTC,1609146289088,2020-12-28T09:04:49.088Z,buy,7.5e-07,83364.0,0.062523
VIB/BTC,1609146289088,2020-12-28T09:04:49.088Z,buy,7.6e-07,30755.0,0.0233738
VIB/BTC,1609146289088,2020-12-28T09:04:49.088Z,buy,7.7e-07,9528.0,0.00733656
VIB/BTC,1609146294854,2020-12-28T09:04:54.854Z,sell,7.5e-07,4110.0,0.0030825
VIB/BTC,1609146294874,2020-12-28T09:04:54.874Z,sell,7.5e-07,3740.0,0.002805
VIB/BTC,1609146295648,2020-12-28T09:04:55.648Z,sell,7.5e-07,400.0,0.0003
VIB/BTC,1609146296877,2020-12-28T09:04:56.877Z,sell,7.5e-07,400.0,0.0003
VIB/BTC,1609146297202,2020-12-28T09:04:57.202Z,sell,7.5e-07,400.0,0.0003
VIB/BTC,1609146318211,2020-12-28T09:05:18.211Z,sell,7.5e-07,2532.0,0.001899
VIB/BTC,1609146350287,2020-12-28T09:05:50.287Z,buy,7.5e-07,5564.0,0.004173
VIB/BTC,1609146350287,2020-12-28T09:05:50.287Z,buy,7.6e-07,11382.0,0.00865032
VIB/BTC,1609146350287,2020-12-28T09:05:50.287Z,buy,7.7e-07,11819.0,0.00910063
VIB/BTC,1609146356751,2020-12-28T09:05:56.751Z,buy,7.7e-07,1299.0,0.00100023
VIB/BTC,1609146361071,2020-12-28T09:06:01.071Z,buy,7.7e-07,47.0,3.619e-05
VIB/BTC,1609146415130,2020-12-28T09:06:55.130Z,sell,7.5e-07,546.0,0.0004095
VIB/BTC,1609146420734,2020-12-28T09:07:00.734Z,sell,7.5e-07,400.0,0.0003
VIB/BTC,1609146421587,2020-12-28T09:07:01.587Z,sell,7.5e-07,400.0,0.0003
VIB/BTC,1609146422259,2020-12-28T09:07:02.259Z,sell,7.5e-07,400.0,0.0003
VIB/BTC,1609146422727,2020-12-28T09:07:02.727Z,sell,7.5e-07,400.0,0.0003
VIB/BTC,1609146423208,2020-12-28T09:07:03.208Z,sell,7.5e-07,400.0,0.0003
VIB/BTC,1609146423687,2020-12-28T09:07:03.687Z,sell,7.5e-07,400.0,0.0003
VIB/BTC,1609146441393,2020-12-28T09:07:21.393Z,sell,7.5e-07,8446.0,0.0063345
VIB/BTC,1609146458841,2020-12-28T09:07:38.841Z,sell,7.4e-07,4110.0,0.0030414
VIB/BTC,1609146461868,2020-12-28T09:07:41.868Z,buy,7.5e-07,6841.0,0.00513075
VIB/BTC,1609146472452,2020-12-28T09:07:52.452Z,buy,7.5e-07,1140.0,0.000855
VIB/BTC,1609146538749,2020-12-28T09:08:58.749Z,buy,7.5e-07,1333.0,0.00099975
VIB/BTC,1609146588074,2020-12-28T09:09:48.074Z,buy,7.5e-07,86577.0,0.06493275
VIB/BTC,1609146593449,2020-12-28T09:09:53.449Z,buy,7.5e-07,87636.0,0.065727
VIB/BTC,1609146593458,2020-12-28T09:09:53.458Z,sell,7.5e-07,6761.0,0.00507075
VIB/BTC,1609146593462,2020-12-28T09:09:53.462Z,sell,7.5e-07,3555.0,0.00266625
VIB/BTC,1609146600857,2020-12-28T09:10:00.857Z,buy,7.6e-07,78688.0,0.05980288
VIB/BTC,1609146606882,2020-12-28T09:10:06.882Z,buy,7.6e-07,83255.0,0.0632738
VIB/BTC,1609146612164,2020-12-28T09:10:12.164Z,buy,7.6e-07,74566.0,0.05667016
VIB/BTC,1609146618573,2020-12-28T09:10:18.573Z,buy,7.6e-07,86588.0,0.06580688
VIB/BTC,1609146625845,2020-12-28T09:10:25.845Z,buy,7.6e-07,48588.0,0.03692688
VIB/BTC,1609146631051,2020-12-28T09:10:31.051Z,buy,7.6e-07,74566.0,0.05667016
VIB/BTC,1609146634529,2020-12-28T09:10:34.529Z,buy,7.6e-07,83277.0,0.06329052
VIB/BTC,1609146637119,2020-12-28T09:10:37.119Z,buy,7.6e-07,78655.0,0.0597778
VIB/BTC,1609146637783,2020-12-28T09:10:37.783Z,sell,7.5e-07,836.0,0.000627
VIB/BTC,1609146640054,2020-12-28T09:10:40.054Z,sell,7.5e-07,86588.0,0.064941
VIB/BTC,1609146642056,2020-12-28T09:10:42.056Z,sell,7.5e-07,83277.0,0.06245775
VIB/BTC,1609146644480,2020-12-28T09:10:44.480Z,sell,7.5e-07,78654.0,0.0589905
VIB/BTC,1609146648192,2020-12-28T09:10:48.192Z,sell,7.5e-07,45777.0,0.03433275
VIB/BTC,1609146655310,2020-12-28T09:10:55.310Z,buy,7.6e-07,78658.0,0.05978008
VIB/BTC,1609146657197,2020-12-28T09:10:57.197Z,buy,7.6e-07,86577.0,0.06579852
VIB/BTC,1609146660990,2020-12-28T09:11:00.990Z,sell,7.5e-07,83277.0,0.06245775
VIB/BTC,1609146663612,2020-12-28T09:11:03.612Z,sell,7.5e-07,78654.0,0.0589905
VIB/BTC,1609146672659,2020-12-28T09:11:12.659Z,buy,7.6e-07,83277.0,0.06329052
VIB/BTC,1609146677932,2020-12-28T09:11:17.932Z,buy,7.6e-07,78655.0,0.0597778
VIB/BTC,1609146678867,2020-12-28T09:11:18.867Z,buy,7.6e-07,110376.0,0.08388576
VIB/BTC,1609146684085,2020-12-28T09:11:24.085Z,buy,7.6e-07,84577.0,0.06427852
VIB/BTC,1609146691104,2020-12-28T09:11:31.104Z,buy,7.6e-07,78322.0,0.05952472
VIB/BTC,1609146696510,2020-12-28T09:11:36.510Z,buy,7.6e-07,84566.0,0.06427016
VIB/BTC,1609146702552,2020-12-28T09:11:42.552Z,buy,7.6e-07,83255.0,0.0632738
VIB/BTC,1609146707831,2020-12-28T09:11:47.831Z,buy,7.6e-07,78655.0,0.0597778
VIB/BTC,1609146713085,2020-12-28T09:11:53.085Z,buy,7.6e-07,84577.0,0.06427852
VIB/BTC,1609146720118,2020-12-28T09:12:00.118Z,buy,7.6e-07,86544.0,0.06577344
VIB/BTC,1609146724803,2020-12-28T09:12:04.803Z,buy,7.6e-07,83277.0,0.06329052
VIB/BTC,1609146729908,2020-12-28T09:12:09.908Z,buy,7.6e-07,78655.0,0.0597778
VIB/BTC,1609146734832,2020-12-28T09:12:14.832Z,buy,7.6e-07,84577.0,0.06427852
VIB/BTC,1609146740550,2020-12-28T09:12:20.550Z,buy,7.6e-07,83277.0,0.06329052
VIB/BTC,1609146746153,2020-12-28T09:12:26.153Z,buy,7.6e-07,48658.0,0.03698008
VIB/BTC,1609146751733,2020-12-28T09:12:31.733Z,buy,7.6e-07,68247.0,0.05186772
VIB/BTC,1609146756979,2020-12-28T09:12:36.979Z,buy,7.6e-07,74588.0,0.05668688
VIB/BTC,1609146760298,2020-12-28T09:12:40.298Z,buy,7.6e-07,83277.0,0.06329052
VIB/BTC,1609146769113,2020-12-28T09:12:49.113Z,buy,7.6e-07,78655.0,0.0597778
VIB/BTC,1609146776450,2020-12-28T09:12:56.450Z,buy,7.6e-07,94567.0,0.07187092
VIB/BTC,1609146781543,2020-12-28T09:13:01.543Z,buy,7.6e-07,20000.0,0.0152
VIB/BTC,1609146782708,2020-12-28T09:13:02.708Z,buy,7.6e-07,38657.0,0.02937932
VIB/BTC,1609146783836,2020-12-28T09:13:03.836Z,sell,7.5e-07,15389.0,0.01154175
VIB/BTC,1609146783870,2020-12-28T09:13:03.870Z,buy,7.5e-07,1020.0,0.000765
VIB/BTC,1609146789349,2020-12-28T09:13:09.349Z,buy,7.5e-07,3591.0,0.00269325
VIB/BTC,1609146789349,2020-12-28T09:13:09.349Z,buy,7.6e-07,64257.0,0.04883532
VIB/BTC,1609146798820,2020-12-28T09:13:18.820Z,buy,7.5e-07,80561.0,0.06042075
VIB/BTC,1609146799028,2020-12-28T09:13:19.028Z,buy,7.5e-07,2716.0,0.002037
VIB/BTC,1609146802274,2020-12-28T09:13:22.274Z,sell,7.5e-07,78654.0,0.0589905
VIB/BTC,1609146855516,2020-12-28T09:14:15.516Z,sell,7.5e-07,80561.0,0.06042075
VIB/BTC,1609147036309,2020-12-28T09:17:16.309Z,sell,7.5e-07,56983.0,0.04273725
VIB/BTC,1609147036314,2020-12-28T09:17:16.314Z,buy,7.5e-07,26294.0,0.0197205
VIB/BTC,1609147040948,2020-12-28T09:17:20.948Z,sell,7.5e-07,83277.0,0.06245775
VIB/BTC,1609147042845,2020-12-28T09:17:22.845Z,buy,7.5e-07,1289.0,0.00096675
VIB/BTC,1609147047055,2020-12-28T09:17:27.055Z,buy,7.6e-07,41.0,3.116e-05
VIB/BTC,1609147051290,2020-12-28T09:17:31.290Z,buy,7.6e-07,84567.0,0.06427092
VIB/BTC,1609147056337,2020-12-28T09:17:36.337Z,buy,7.6e-07,78322.0,0.05952472
VIB/BTC,1609147061034,2020-12-28T09:17:41.034Z,buy,7.6e-07,84577.0,0.06427852
VIB/BTC,1609147066546,2020-12-28T09:17:46.546Z,buy,7.6e-07,83277.0,0.06329052
VIB/BTC,1609147071700,2020-12-28T09:17:51.700Z,buy,7.6e-07,74566.0,0.05667016
VIB/BTC,1609147089966,2020-12-28T09:18:09.966Z,sell,7.5e-07,11431.0,0.00857325
VIB/BTC,1609147089966,2020-12-28T09:18:09.966Z,sell,7.4e-07,27224.0,0.02014576
VIB/BTC,1609147091300,2020-12-28T09:18:11.300Z,sell,7.4e-07,3040.0,0.0022496
VIB/BTC,1609147101081,2020-12-28T09:18:21.081Z,buy,7.5e-07,13707.0,0.01028025
VIB/BTC,1609147129230,2020-12-28T09:18:49.230Z,buy,7.6e-07,71972.0,0.05469872
VIB/BTC,1609147143274,2020-12-28T09:19:03.274Z,sell,7.6e-07,2279.0,0.00173204
VIB/BTC,1609147143274,2020-12-28T09:19:03.274Z,sell,7.5e-07,69702.0,0.0522765
VIB/BTC,1609147167989,2020-12-28T09:19:27.989Z,buy,7.6e-07,67035.0,0.0509466
VIB/BTC,1609147167994,2020-12-28T09:19:27.994Z,sell,7.6e-07,3131.0,0.00237956
VIB/BTC,1609147168005,2020-12-28T09:19:28.005Z,sell,7.6e-07,784.0,0.00059584
VIB/BTC,1609147171473,2020-12-28T09:19:31.473Z,sell,7.6e-07,1964.0,0.00149264
VIB/BTC,1609147194945,2020-12-28T09:19:54.945Z,sell,7.5e-07,14121.0,0.01059075
VIB/BTC,1609147207338,2020-12-28T09:20:07.338Z,buy,7.6e-07,12237.0,0.00930012
VIB/BTC,1609147212388,2020-12-28T09:20:12.388Z,sell,7.6e-07,1347.0,0.00102372
VIB/BTC,1609147221797,2020-12-28T09:20:21.797Z,buy,7.6e-07,2667.0,0.00202692
VIB/BTC,1609147269107,2020-12-28T09:21:09.107Z,sell,7.5e-07,74259.0,0.05569425
VIB/BTC,1609147269302,2020-12-28T09:21:09.302Z,buy,7.5e-07,932.0,0.000699
VIB/BTC,1609147269408,2020-12-28T09:21:09.408Z,buy,7.5e-07,2132.0,0.001599
VIB/BTC,1609147271390,2020-12-28T09:21:11.390Z,sell,7.4e-07,1994.0,0.00147556
VIB/BTC,1609147271707,2020-12-28T09:21:11.707Z,buy,7.5e-07,1003.0,0.00075225
VIB/BTC,1609147396958,2020-12-28T09:23:16.958Z,buy,7.6e-07,356.0,0.00027056
VIB/BTC,1609147542380,2020-12-28T09:25:42.380Z,buy,7.6e-07,42.0,3.192e-05
VIB/BTC,1609147719443,2020-12-28T09:28:39.443Z,sell,7.5e-07,22730.0,0.0170475
VIB/BTC,1609147904362,2020-12-28T09:31:44.362Z,sell,7.4e-07,59115.0,0.0437451
VIB/BTC,1609147960767,2020-12-28T09:32:40.767Z,buy,7.5e-07,337.0,0.00025275
VIB/BTC,1609147987327,2020-12-28T09:33:07.327Z,buy,7.5e-07,1315.0,0.00098625
VIB/BTC,1609148174943,2020-12-28T09:36:14.943Z,sell,7.4e-07,26066.0,0.01928884
VIB/BTC,1609148174943,2020-12-28T09:36:14.943Z,sell,7.4e-07,26066.0,0.01928884
VIB/BTC,1609148663582,2020-12-28T09:44:23.582Z,sell,7.4e-07,3897.0,0.00288378
VIB/BTC,1609148664315,2020-12-28T09:44:24.315Z,sell,7.4e-07,3983.0,0.00294742
VIB/BTC,1609148677545,2020-12-28T09:44:37.545Z,sell,7.4e-07,4016.0,0.00297184
VIB/BTC,1609148773720,2020-12-28T09:46:13.720Z,sell,7.4e-07,700.0,0.000518
VIB/BTC,1609148903250,2020-12-28T09:48:23.250Z,sell,7.4e-07,288.0,0.00021312
VIB/BTC,1609149023251,2020-12-28T09:50:23.251Z,sell,7.4e-07,1630.0,0.0012062
VIB/BTC,1609149045888,2020-12-28T09:50:45.888Z,sell,7.4e-07,425.0,0.0003145
VIB/BTC,1609149443764,2020-12-28T09:57:23.764Z,sell,7.4e-07,425.0,0.0003145
VIB/BTC,1609149615009,2020-12-28T10:00:15.009Z,sell,7.4e-07,275.0,0.0002035
VIB/BTC,1609150261449,2020-12-28T10:11:01.449Z,buy,7.5e-07,13793.0,0.01034475
VIB/BTC,1609150296267,2020-12-28T10:11:36.267Z,buy,7.5e-07,14027.0,0.01052025
VIB/BTC,1609150406727,2020-12-28T10:13:26.727Z,sell,7.4e-07,1486.0,0.00109964
VIB/BTC,1609150677879,2020-12-28T10:17:57.879Z,sell,7.4e-07,275.0,0.0002035
VIB/BTC,1609150726054,2020-12-28T10:18:46.054Z,sell,7.4e-07,7470.0,0.0055278
VIB/BTC,1609150795775,2020-12-28T10:19:55.775Z,buy,7.5e-07,38.0,2.85e-05
VIB/BTC,1609150847522,2020-12-28T10:20:47.522Z,sell,7.4e-07,835.0,0.0006179
VIB/BTC,1609151038112,2020-12-28T10:23:58.112Z,sell,7.4e-07,721.0,0.00053354
VIB/BTC,1609151038165,2020-12-28T10:23:58.165Z,buy,7.4e-07,1078.0,0.00079772
VIB/BTC,1609151038173,2020-12-28T10:23:58.173Z,buy,7.4e-07,899.0,0.00066526
VIB/BTC,1609151038189,2020-12-28T10:23:58.189Z,buy,7.4e-07,359.0,0.00026566
VIB/BTC,1609151038205,2020-12-28T10:23:58.205Z,buy,7.4e-07,359.0,0.00026566
VIB/BTC,1609151038213,2020-12-28T10:23:58.213Z,buy,7.4e-07,291.0,0.00021534
VIB/BTC,1609151038228,2020-12-28T10:23:58.228Z,buy,7.4e-07,239.0,0.00017686
VIB/BTC,1609151141778,2020-12-28T10:25:41.778Z,sell,7.3e-07,4205.0,0.00306965
VIB/BTC,1609151180645,2020-12-28T10:26:20.645Z,buy,7.5e-07,50.0,3.75e-05
VIB/BTC,1609151204531,2020-12-28T10:26:44.531Z,buy,7.5e-07,1333.0,0.00099975
VIB/BTC,1609151537326,2020-12-28T10:32:17.326Z,sell,7.4e-07,7917.0,0.00585858
VIB/BTC,1609151740778,2020-12-28T10:35:40.778Z,buy,7.4e-07,834.0,0.00061716
VIB/BTC,1609151740778,2020-12-28T10:35:40.778Z,buy,7.4e-07,834.0,0.00061716
VIB/BTC,1609151966922,2020-12-28T10:39:26.922Z,sell,7.3e-07,7252.0,0.00529396
VIB/BTC,1609152521968,2020-12-28T10:48:41.968Z,sell,7.3e-07,1369.0,0.00099937
VIB/BTC,1609152640569,2020-12-28T10:50:40.569Z,sell,7.3e-07,10412.0,0.00760076
VIB/BTC,1609152752556,2020-12-28T10:52:32.556Z,sell,7.3e-07,86005.0,0.06278365
VIB/BTC,1609152752716,2020-12-28T10:52:32.716Z,sell,7.3e-07,160.0,0.0001167999999999
VIB/BTC,1609152752722,2020-12-28T10:52:32.722Z,sell,7.3e-07,300.0,0.000219
VIB/BTC,1609152819686,2020-12-28T10:53:39.686Z,sell,7.3e-07,47226.0,0.03447498
VIB/BTC,1609152819693,2020-12-28T10:53:39.693Z,sell,7.3e-07,1078.0,0.00078694
VIB/BTC,1609152848084,2020-12-28T10:54:08.084Z,sell,7.3e-07,126253.0,0.09216469
VIB/BTC,1609152848106,2020-12-28T10:54:08.106Z,sell,7.2e-07,6756.0,0.00486432
VIB/BTC,1609152848106,2020-12-28T10:54:08.106Z,sell,7.2e-07,738.0,0.00053136
VIB/BTC,1609152850174,2020-12-28T10:54:10.174Z,sell,7.2e-07,6849.0,0.00493128
VIB/BTC,1609152850525,2020-12-28T10:54:10.525Z,buy,7.3e-07,1098.0,0.00080154
VIB/BTC,1609153164232,2020-12-28T10:59:24.232Z,buy,7.3e-07,38698.0,0.02824954
VIB/BTC,1609153223763,2020-12-28T11:00:23.763Z,sell,7.3e-07,1344.0,0.00098112
VIB/BTC,1609153702970,2020-12-28T11:08:22.970Z,sell,7.2e-07,25337.0,0.01824264
VIB/BTC,1609153743024,2020-12-28T11:09:03.024Z,sell,7.2e-07,1168.0,0.00084096
VIB/BTC,1609154148472,2020-12-28T11:15:48.472Z,buy,7.3e-07,1597.0,0.00116581
VIB/BTC,1609154419163,2020-12-28T11:20:19.163Z,sell,7.2e-07,36586.0,0.02634192
VIB/BTC,1609154855686,2020-12-28T11:27:35.686Z,buy,7.3e-07,1042.0,0.00076066
VIB/BTC,1609154876012,2020-12-28T11:27:56.012Z,sell,7.2e-07,1404.0,0.00101088
VIB/BTC,1609155000454,2020-12-28T11:30:00.454Z,buy,7.3e-07,515.0,0.00037595
VIB/BTC,1609155000597,2020-12-28T11:30:00.597Z,buy,7.3e-07,1515.0,0.00110595
VIB/BTC,1609155000670,2020-12-28T11:30:00.670Z,buy,7.3e-07,2948.0,0.00215204
VIB/BTC,1609155000984,2020-12-28T11:30:00.984Z,buy,7.3e-07,1515.0,0.00110595
VIB/BTC,1609155001136,2020-12-28T11:30:01.136Z,buy,7.3e-07,633.0,0.00046209
VIB/BTC,1609155145083,2020-12-28T11:32:25.083Z,sell,7.2e-07,59136.0,0.04257792
VIB/BTC,1609155217713,2020-12-28T11:33:37.713Z,sell,7.2e-07,208.0,0.00014976
VIB/BTC,1609155217713,2020-12-28T11:33:37.713Z,sell,7.2e-07,208.0,0.00014976
VIB/BTC,1609155416928,2020-12-28T11:36:56.928Z,sell,7.2e-07,6043.0,0.00435096
VIB/BTC,1609156208946,2020-12-28T11:50:08.946Z,sell,7.2e-07,208.0,0.00014976
VIB/BTC,1609156220486,2020-12-28T11:50:20.486Z,sell,7.2e-07,5702.0,0.00410544
VIB/BTC,1609156229982,2020-12-28T11:50:29.982Z,sell,7.2e-07,1812.0,0.00130464
VIB/BTC,1609156230031,2020-12-28T11:50:30.031Z,buy,7.2e-07,1679.0,0.00120888
VIB/BTC,1609156230084,2020-12-28T11:50:30.084Z,buy,7.2e-07,4210.0,0.0030312
VIB/BTC,1609156314823,2020-12-28T11:51:54.823Z,buy,7.2e-07,2376.0,0.00171072
VIB/BTC,1609156526882,2020-12-28T11:55:26.882Z,sell,7.1e-07,824.0,0.00058504
VIB/BTC,1609156526882,2020-12-28T11:55:26.882Z,sell,7.1e-07,391.0,0.0002776099999999
VIB/BTC,1609156541250,2020-12-28T11:55:41.250Z,buy,7.2e-07,485.0,0.0003492
VIB/BTC,1609156544846,2020-12-28T11:55:44.846Z,buy,7.2e-07,181.0,0.0001303199999999
VIB/BTC,1609156821249,2020-12-28T12:00:21.249Z,buy,7.2e-07,5851.0,0.00421272
VIB/BTC,1609156826046,2020-12-28T12:00:26.046Z,buy,7.2e-07,22593.0,0.01626696
VIB/BTC,1609156827400,2020-12-28T12:00:27.400Z,buy,7.2e-07,174.0,0.00012528
VIB/BTC,1609157611663,2020-12-28T12:13:31.663Z,sell,7.1e-07,27349.0,0.01941779
VIB/BTC,1609157857583,2020-12-28T12:17:37.583Z,sell,7.1e-07,11543.0,0.00819553
VIB/BTC,1609158301907,2020-12-28T12:25:01.907Z,sell,7.1e-07,635.0,0.00045085
VIB/BTC,1609158732087,2020-12-28T12:32:12.087Z,sell,7.1e-07,1897.0,0.00134687
VIB/BTC,1609158780602,2020-12-28T12:33:00.602Z,sell,7.1e-07,5066.0,0.00359686
VIB/BTC,1609158802016,2020-12-28T12:33:22.016Z,sell,7.1e-07,17527.0,0.01244417
VIB/BTC,1609158802016,2020-12-28T12:33:22.016Z,sell,7.1e-07,17527.0,0.01244417
VIB/BTC,1609158978635,2020-12-28T12:36:18.635Z,sell,7.1e-07,15647.0,0.01110937
VIB/BTC,1609158980894,2020-12-28T12:36:20.894Z,sell,7.1e-07,24344.0,0.01728424
VIB/BTC,1609159029753,2020-12-28T12:37:09.753Z,sell,7e-07,4161.0,0.0029127
VIB/BTC,1609159134076,2020-12-28T12:38:54.076Z,sell,7e-07,13354.0,0.0093478
VIB/BTC,1609159554853,2020-12-28T12:45:54.853Z,buy,7.1e-07,28658.0,0.02034718
VIB/BTC,1609160115477,2020-12-28T12:55:15.477Z,buy,7.1e-07,704.0,0.00049984
VIB/BTC,1609161029935,2020-12-28T13:10:29.935Z,sell,7e-07,12559.0,0.0087913
VIB/BTC,1609161041330,2020-12-28T13:10:41.330Z,sell,7e-07,16876.0,0.0118132
VIB/BTC,1609161070008,2020-12-28T13:11:10.008Z,buy,7e-07,4054.0,0.0028377999999999
VIB/BTC,1609161219779,2020-12-28T13:13:39.779Z,sell,7e-07,149.0,0.0001043
VIB/BTC,1609161979063,2020-12-28T13:26:19.063Z,buy,7e-07,11510.0,0.008057
VIB/BTC,1609162131497,2020-12-28T13:28:51.497Z,buy,7e-07,3060.0,0.002142
VIB/BTC,1609162131497,2020-12-28T13:28:51.497Z,buy,7e-07,3060.0,0.002142
VIB/BTC,1609162731340,2020-12-28T13:38:51.340Z,sell,6.9e-07,1112.0,0.00076728
VIB/BTC,1609162731340,2020-12-28T13:38:51.340Z,sell,6.9e-07,2441.0,0.00168429
VIB/BTC,1609162731340,2020-12-28T13:38:51.340Z,sell,6.9e-07,1077.0,0.0007431299999999
VIB/BTC,1609162731340,2020-12-28T13:38:51.340Z,sell,6.9e-07,3560.0,0.0024563999999999
VIB/BTC,1609162731340,2020-12-28T13:38:51.340Z,sell,6.9e-07,5057.0,0.0034893299999999
VIB/BTC,1609162731340,2020-12-28T13:38:51.340Z,sell,6.9e-07,438.0,0.0003022199999999
VIB/BTC,1609162731340,2020-12-28T13:38:51.340Z,sell,6.9e-07,1090.0,0.0007520999999999
VIB/BTC,1609162731340,2020-12-28T13:38:51.340Z,sell,6.9e-07,1207.0,0.0008328299999999
VIB/BTC,1609162731340,2020-12-28T13:38:51.340Z,sell,6.9e-07,2681.0,0.0018498899999999
VIB/BTC,1609162731340,2020-12-28T13:38:51.340Z,sell,6.9e-07,2470.0,0.0017043
VIB/BTC,1609162731340,2020-12-28T13:38:51.340Z,sell,6.9e-07,1673.0,0.0011543699999999
VIB/BTC,1609162731340,2020-12-28T13:38:51.340Z,sell,6.9e-07,2100.0,0.001449
VIB/BTC,1609162731340,2020-12-28T13:38:51.340Z,sell,6.9e-07,3640.0,0.0025115999999999
VIB/BTC,1609162731340,2020-12-28T13:38:51.340Z,sell,6.9e-07,178.0,0.00012282
VIB/BTC,1609162792892,2020-12-28T13:39:52.892Z,sell,6.9e-07,959.0,0.0006617099999999
VIB/BTC,1609162873875,2020-12-28T13:41:13.875Z,sell,6.9e-07,4203.0,0.00290007
VIB/BTC,1609163378701,2020-12-28T13:49:38.701Z,buy,7e-07,81233.0,0.0568631
VIB/BTC,1609163499904,2020-12-28T13:51:39.904Z,sell,6.9e-07,159.0,0.0001097099999999
VIB/BTC,1609163612448,2020-12-28T13:53:32.448Z,sell,6.9e-07,1000.0,0.00069
VIB/BTC,1609163900138,2020-12-28T13:58:20.138Z,buy,7e-07,2150.0,0.0015049999999999
VIB/BTC,1609163981116,2020-12-28T13:59:41.116Z,buy,7e-07,1429.0,0.0010003
VIB/BTC,1609164256785,2020-12-28T14:04:16.785Z,buy,7e-07,1428.0,0.0009996
VIB/BTC,1609164283993,2020-12-28T14:04:43.993Z,buy,7e-07,150.0,0.0001049999999999
VIB/BTC,1609164293683,2020-12-28T14:04:53.683Z,sell,6.9e-07,192.0,0.0001324799999999
VIB/BTC,1609164710580,2020-12-28T14:11:50.580Z,buy,7e-07,2835.0,0.0019844999999999
VIB/BTC,1609164710682,2020-12-28T14:11:50.682Z,buy,7e-07,786.0,0.0005501999999999
VIB/BTC,1609164713751,2020-12-28T14:11:53.751Z,buy,7e-07,3145.0,0.0022015
VIB/BTC,1609164714782,2020-12-28T14:11:54.782Z,buy,7e-07,7606.0,0.0053241999999999
VIB/BTC,1609164759096,2020-12-28T14:12:39.096Z,buy,7e-07,1481.0,0.0010367
VIB/BTC,1609165215974,2020-12-28T14:20:15.974Z,buy,7e-07,19795.0,0.0138564999999999
VIB/BTC,1609165215974,2020-12-28T14:20:15.974Z,buy,7e-07,19795.0,0.0138564999999999
VIB/BTC,1609166258834,2020-12-28T14:37:38.834Z,sell,6.9e-07,18216.0,0.01256904
VIB/BTC,1609166302307,2020-12-28T14:38:22.307Z,sell,6.9e-07,5665.0,0.00390885
VIB/BTC,1609167135595,2020-12-28T14:52:15.595Z,buy,7e-07,1953.0,0.0013671
VIB/BTC,1609167135703,2020-12-28T14:52:15.703Z,buy,7e-07,507.0,0.0003549
VIB/BTC,1609167135832,2020-12-28T14:52:15.832Z,buy,7e-07,15214.0,0.0106498
VIB/BTC,1609167135906,2020-12-28T14:52:15.906Z,buy,7e-07,1424.0,0.0009968
VIB/BTC,1609167136295,2020-12-28T14:52:16.295Z,buy,7e-07,25816.0,0.0180712
VIB/BTC,1609167166554,2020-12-28T14:52:46.554Z,buy,7e-07,30556.0,0.0213892
VIB/BTC,1609167167139,2020-12-28T14:52:47.139Z,buy,7e-07,1571.0,0.0010997
VIB/BTC,1609167901163,2020-12-28T15:05:01.163Z,buy,7e-07,1571.0,0.0010997
VIB/BTC,1609168103223,2020-12-28T15:08:23.223Z,buy,7e-07,7615.0,0.0053305
VIB/BTC,1609168170124,2020-12-28T15:09:30.124Z,buy,7.1e-07,3701.0,0.00262771
VIB/BTC,1609168595631,2020-12-28T15:16:35.631Z,sell,7e-07,8587.0,0.0060109
VIB/BTC,1609168615698,2020-12-28T15:16:55.698Z,sell,7e-07,2848.0,0.0019936
VIB/BTC,1609168615698,2020-12-28T15:16:55.698Z,sell,7e-07,2848.0,0.0019936
VIB/BTC,1609168989307,2020-12-28T15:23:09.307Z,sell,7e-07,4254.0,0.0029778
VIB/BTC,1609169002352,2020-12-28T15:23:22.352Z,sell,7e-07,4202.0,0.0029414
VIB/BTC,1609169014306,2020-12-28T15:23:34.306Z,sell,7e-07,25832.0,0.0180824
VIB/BTC,1609169014306,2020-12-28T15:23:34.306Z,sell,6.9e-07,61411.0,0.0423735899999999
VIB/BTC,1609170044398,2020-12-28T15:40:44.398Z,buy,7e-07,202.0,0.0001414
VIB/BTC,1609171306714,2020-12-28T16:01:46.714Z,buy,7e-07,1167.0,0.0008169
VIB/BTC,1609171461126,2020-12-28T16:04:21.126Z,buy,7e-07,9962.0,0.0069733999999999
VIB/BTC,1609171461165,2020-12-28T16:04:21.165Z,buy,7e-07,9962.0,0.0069733999999999
VIB/BTC,1609171461165,2020-12-28T16:04:21.165Z,buy,7e-07,9962.0,0.0069733999999999
VIB/BTC,1609173627833,2020-12-28T16:40:27.833Z,sell,6.9e-07,2170.0,0.0014972999999999
VIB/BTC,1609174830495,2020-12-28T17:00:30.495Z,buy,7e-07,9085.0,0.0063595
VIB/BTC,1609174847635,2020-12-28T17:00:47.635Z,sell,6.9e-07,1486.0,0.00102534
VIB/BTC,1609174865435,2020-12-28T17:01:05.435Z,sell,6.9e-07,2046.0,0.0014117399999999
VIB/BTC,1609174865435,2020-12-28T17:01:05.435Z,sell,6.9e-07,2046.0,0.0014117399999999
VIB/BTC,1609175148178,2020-12-28T17:05:48.178Z,sell,6.9e-07,8799.0,0.00607131
VIB/BTC,1609176402248,2020-12-28T17:26:42.248Z,buy,7e-07,15287.0,0.0107009
VIB/BTC,1609176962456,2020-12-28T17:36:02.456Z,sell,6.9e-07,494.0,0.0003408599999999
VIB/BTC,1609178241489,2020-12-28T17:57:21.489Z,sell,6.9e-07,51065.0,0.03523485
VIB/BTC,1609178257474,2020-12-28T17:57:37.474Z,sell,6.9e-07,9990.0,0.0068930999999999
VIB/BTC,1609178464989,2020-12-28T18:01:04.989Z,buy,7e-07,197.0,0.0001379
VIB/BTC,1609178464989,2020-12-28T18:01:04.989Z,buy,7e-07,197.0,0.0001379
VIB/BTC,1609179029098,2020-12-28T18:10:29.098Z,sell,6.9e-07,8000.0,0.00552
VIB/BTC,1609179485816,2020-12-28T18:18:05.816Z,buy,7e-07,659.0,0.0004613
VIB/BTC,1609179568690,2020-12-28T18:19:28.690Z,buy,7e-07,8193.0,0.0057351
VIB/BTC,1609180783391,2020-12-28T18:39:43.391Z,buy,7e-07,3910.0,0.002737
VIB/BTC,1609181578275,2020-12-28T18:52:58.275Z,buy,7e-07,1412.0,0.0009884
VIB/BTC,1609181578275,2020-12-28T18:52:58.275Z,buy,7e-07,1412.0,0.0009884
VIB/BTC,1609184144061,2020-12-28T19:35:44.061Z,buy,7e-07,6000.0,0.0042
VIB/BTC,1609184144130,2020-12-28T19:35:44.130Z,buy,7e-07,6000.0,0.0042
VIB/BTC,1609184375314,2020-12-28T19:39:35.314Z,buy,7e-07,11959.0,0.0083713
VIB/BTC,1609184400289,2020-12-28T19:40:00.289Z,buy,7e-07,799.0,0.0005593
VIB/BTC,1609185107288,2020-12-28T19:51:47.288Z,buy,7.1e-07,2000.0,0.00142
VIB/BTC,1609185107288,2020-12-28T19:51:47.288Z,buy,7.1e-07,2000.0,0.00142
VIB/BTC,1609185669178,2020-12-28T20:01:09.178Z,buy,7.1e-07,11971.0,0.0084994099999999
VIB/BTC,1609186030386,2020-12-28T20:07:10.386Z,sell,7e-07,6486.0,0.0045401999999999
VIB/BTC,1609186030481,2020-12-28T20:07:10.481Z,sell,7e-07,515.0,0.0003605
VIB/BTC,1609186030714,2020-12-28T20:07:10.714Z,sell,7e-07,1869.0,0.0013082999999999
VIB/BTC,1609186030851,2020-12-28T20:07:10.851Z,sell,7e-07,3546.0,0.0024822
VIB/BTC,1609186039440,2020-12-28T20:07:19.440Z,sell,7e-07,14650.0,0.010255
VIB/BTC,1609187716731,2020-12-28T20:35:16.731Z,sell,7e-07,42752.0,0.0299264
VIB/BTC,1609187894836,2020-12-28T20:38:14.836Z,buy,7e-07,61909.0,0.0433363
VIB/BTC,1609187962240,2020-12-28T20:39:22.240Z,sell,7e-07,25234.0,0.0176638
VIB/BTC,1609187962693,2020-12-28T20:39:22.693Z,buy,7e-07,779860.0,0.545902
VIB/BTC,1609187967955,2020-12-28T20:39:27.955Z,sell,7e-07,43100.0,0.03017
VIB/BTC,1609187968341,2020-12-28T20:39:28.341Z,buy,7e-07,541795.0,0.3792565
VIB/BTC,1609187968363,2020-12-28T20:39:28.363Z,buy,7.1e-07,1139.0,0.0008086899999999
VIB/BTC,1609187968498,2020-12-28T20:39:28.498Z,sell,7e-07,39118.0,0.0273826
VIB/BTC,1609187969443,2020-12-28T20:39:29.443Z,buy,7e-07,51026.0,0.0357182
VIB/BTC,1609187981881,2020-12-28T20:39:41.881Z,sell,7e-07,65518.0,0.0458625999999999
VIB/BTC,1609187985404,2020-12-28T20:39:45.404Z,sell,7e-07,30138.0,0.0210966
VIB/BTC,1609187989161,2020-12-28T20:39:49.161Z,sell,7e-07,57866.0,0.0405062
VIB/BTC,1609188002932,2020-12-28T20:40:02.932Z,buy,7.1e-07,696935.0,0.49482385
VIB/BTC,1609188005079,2020-12-28T20:40:05.079Z,sell,7e-07,10188.0,0.0071316
VIB/BTC,1609188027415,2020-12-28T20:40:27.415Z,buy,7.1e-07,594772.0,0.42228812
VIB/BTC,1609188036306,2020-12-28T20:40:36.306Z,buy,7.1e-07,49032.0,0.03481272
VIB/BTC,1609188038484,2020-12-28T20:40:38.484Z,buy,7.1e-07,56037.0,0.03978627
VIB/BTC,1609188042668,2020-12-28T20:40:42.668Z,buy,7.1e-07,42028.0,0.02983988
VIB/BTC,1609188049036,2020-12-28T20:40:49.036Z,buy,7.1e-07,21014.0,0.01491994
VIB/BTC,1609188055807,2020-12-28T20:40:55.807Z,sell,7e-07,58280.0,0.040796
VIB/BTC,1609188059530,2020-12-28T20:40:59.530Z,sell,7e-07,131630.0,0.092141
VIB/BTC,1609188066609,2020-12-28T20:41:06.609Z,buy,7.1e-07,500.0,0.000355
VIB/BTC,1609188068314,2020-12-28T20:41:08.314Z,buy,7.1e-07,500.0,0.000355
VIB/BTC,1609188069765,2020-12-28T20:41:09.765Z,buy,7.1e-07,500.0,0.000355
VIB/BTC,1609188071843,2020-12-28T20:41:11.843Z,buy,7.1e-07,500.0,0.000355
VIB/BTC,1609188073455,2020-12-28T20:41:13.455Z,buy,7.1e-07,500.0,0.000355
VIB/BTC,1609188074791,2020-12-28T20:41:14.791Z,buy,7.1e-07,500.0,0.000355
VIB/BTC,1609188076111,2020-12-28T20:41:16.111Z,buy,7.1e-07,500.0,0.000355
VIB/BTC,1609188077662,2020-12-28T20:41:17.662Z,buy,7.1e-07,500.0,0.000355
VIB/BTC,1609188079353,2020-12-28T20:41:19.353Z,buy,7.1e-07,500.0,0.000355
VIB/BTC,1609188080691,2020-12-28T20:41:20.691Z,buy,7.1e-07,500.0,0.000355
VIB/BTC,1609188082066,2020-12-28T20:41:22.066Z,buy,7.1e-07,500.0,0.000355
VIB/BTC,1609188083356,2020-12-28T20:41:23.356Z,buy,7.1e-07,500.0,0.000355
VIB/BTC,1609188084814,2020-12-28T20:41:24.814Z,buy,7.1e-07,500.0,0.000355
VIB/BTC,1609188086222,2020-12-28T20:41:26.222Z,buy,7.1e-07,500.0,0.000355
VIB/BTC,1609188087573,2020-12-28T20:41:27.573Z,buy,7.1e-07,500.0,0.000355
VIB/BTC,1609188088936,2020-12-28T20:41:28.936Z,buy,7.1e-07,500.0,0.000355
VIB/BTC,1609188090205,2020-12-28T20:41:30.205Z,buy,7.1e-07,500.0,0.000355
VIB/BTC,1609188091549,2020-12-28T20:41:31.549Z,buy,7.1e-07,500.0,0.000355
VIB/BTC,1609188093242,2020-12-28T20:41:33.242Z,buy,7.1e-07,500.0,0.000355
VIB/BTC,1609188095222,2020-12-28T20:41:35.222Z,buy,7.1e-07,500.0,0.000355
VIB/BTC,1609188096812,2020-12-28T20:41:36.812Z,buy,7.1e-07,500.0,0.000355
VIB/BTC,1609188098196,2020-12-28T20:41:38.196Z,buy,7.1e-07,145.0,0.00010295
VIB/BTC,1609188098319,2020-12-28T20:41:38.319Z,buy,7.1e-07,500.0,0.000355
VIB/BTC,1609188100746,2020-12-28T20:41:40.746Z,buy,7.1e-07,500.0,0.000355
VIB/BTC,1609188102279,2020-12-28T20:41:42.279Z,buy,7.1e-07,500.0,0.000355
VIB/BTC,1609188103663,2020-12-28T20:41:43.663Z,buy,7.1e-07,500.0,0.000355
VIB/BTC,1609188105169,2020-12-28T20:41:45.169Z,buy,7.1e-07,500.0,0.000355
VIB/BTC,1609188106468,2020-12-28T20:41:46.468Z,buy,7.1e-07,500.0,0.000355
VIB/BTC,1609188108427,2020-12-28T20:41:48.427Z,buy,7.1e-07,500.0,0.000355
VIB/BTC,1609188114179,2020-12-28T20:41:54.179Z,buy,7.1e-07,555.0,0.00039405
VIB/BTC,1609188115756,2020-12-28T20:41:55.756Z,buy,7.1e-07,500.0,0.000355
VIB/BTC,1609188117051,2020-12-28T20:41:57.051Z,buy,7.1e-07,500.0,0.000355
VIB/BTC,1609188118374,2020-12-28T20:41:58.374Z,buy,7.1e-07,500.0,0.000355
VIB/BTC,1609188119517,2020-12-28T20:41:59.517Z,buy,7.1e-07,500.0,0.000355
VIB/BTC,1609188120648,2020-12-28T20:42:00.648Z,buy,7.1e-07,500.0,0.000355
VIB/BTC,1609188121904,2020-12-28T20:42:01.904Z,buy,7.1e-07,500.0,0.000355
VIB/BTC,1609188123298,2020-12-28T20:42:03.298Z,buy,7.1e-07,500.0,0.000355
VIB/BTC,1609188124844,2020-12-28T20:42:04.844Z,buy,7.1e-07,500.0,0.000355
VIB/BTC,1609188126420,2020-12-28T20:42:06.420Z,buy,7.1e-07,500.0,0.000355
VIB/BTC,1609188127684,2020-12-28T20:42:07.684Z,buy,7.1e-07,500.0,0.000355
VIB/BTC,1609188128886,2020-12-28T20:42:08.886Z,buy,7.1e-07,500.0,0.000355
VIB/BTC,1609188156994,2020-12-28T20:42:36.994Z,sell,7e-07,360.0,0.000252
VIB/BTC,1609188269596,2020-12-28T20:44:29.596Z,buy,7.1e-07,500.0,0.000355
VIB/BTC,1609188271633,2020-12-28T20:44:31.633Z,buy,7.1e-07,500.0,0.000355
VIB/BTC,1609188272745,2020-12-28T20:44:32.745Z,buy,7.1e-07,500.0,0.000355
VIB/BTC,1609188274091,2020-12-28T20:44:34.091Z,buy,7.1e-07,500.0,0.000355
VIB/BTC,1609188275437,2020-12-28T20:44:35.437Z,buy,7.1e-07,500.0,0.000355
VIB/BTC,1609188276853,2020-12-28T20:44:36.853Z,buy,7.1e-07,500.0,0.000355
VIB/BTC,1609188278458,2020-12-28T20:44:38.458Z,buy,7.1e-07,500.0,0.000355
VIB/BTC,1609188279824,2020-12-28T20:44:39.824Z,buy,7.1e-07,500.0,0.000355
VIB/BTC,1609188281839,2020-12-28T20:44:41.839Z,buy,7.1e-07,500.0,0.000355
VIB/BTC,1609188283016,2020-12-28T20:44:43.016Z,buy,7.1e-07,500.0,0.000355
VIB/BTC,1609188284524,2020-12-28T20:44:44.524Z,buy,7.1e-07,500.0,0.000355
VIB/BTC,1609188285784,2020-12-28T20:44:45.784Z,buy,7.1e-07,500.0,0.000355
VIB/BTC,1609188287191,2020-12-28T20:44:47.191Z,buy,7.1e-07,500.0,0.000355
VIB/BTC,1609188288831,2020-12-28T20:44:48.831Z,buy,7.1e-07,500.0,0.000355
VIB/BTC,1609188290163,2020-12-28T20:44:50.163Z,buy,7.1e-07,500.0,0.000355
VIB/BTC,1609188291541,2020-12-28T20:44:51.541Z,buy,7.1e-07,500.0,0.000355
VIB/BTC,1609188292830,2020-12-28T20:44:52.830Z,buy,7.1e-07,500.0,0.000355
VIB/BTC,1609188294220,2020-12-28T20:44:54.220Z,buy,7.1e-07,500.0,0.000355
VIB/BTC,1609188295868,2020-12-28T20:44:55.868Z,buy,7.1e-07,500.0,0.000355
VIB/BTC,1609188297232,2020-12-28T20:44:57.232Z,buy,7.1e-07,500.0,0.000355
VIB/BTC,1609188298537,2020-12-28T20:44:58.537Z,buy,7.1e-07,500.0,0.000355
VIB/BTC,1609188299998,2020-12-28T20:44:59.998Z,buy,7.1e-07,500.0,0.000355
VIB/BTC,1609188301361,2020-12-28T20:45:01.361Z,buy,7.1e-07,500.0,0.000355
VIB/BTC,1609188302973,2020-12-28T20:45:02.973Z,buy,7.1e-07,500.0,0.000355
VIB/BTC,1609188305307,2020-12-28T20:45:05.307Z,buy,7.1e-07,500.0,0.000355
VIB/BTC,1609188306897,2020-12-28T20:45:06.897Z,buy,7.1e-07,500.0,0.000355
VIB/BTC,1609188308342,2020-12-28T20:45:08.342Z,buy,7.1e-07,500.0,0.000355
VIB/BTC,1609188309694,2020-12-28T20:45:09.694Z,buy,7.1e-07,500.0,0.000355
VIB/BTC,1609188311034,2020-12-28T20:45:11.034Z,buy,7.1e-07,500.0,0.000355
VIB/BTC,1609188313588,2020-12-28T20:45:13.588Z,buy,7.1e-07,500.0,0.000355
VIB/BTC,1609188315793,2020-12-28T20:45:15.793Z,buy,7.1e-07,5000.0,0.0035499999999999
VIB/BTC,1609188323735,2020-12-28T20:45:23.735Z,buy,7.1e-07,500.0,0.000355
VIB/BTC,1609188328398,2020-12-28T20:45:28.398Z,buy,7.1e-07,1000.0,0.00071
VIB/BTC,1609188332233,2020-12-28T20:45:32.233Z,buy,7.1e-07,1000.0,0.00071
VIB/BTC,1609188335361,2020-12-28T20:45:35.361Z,buy,7.1e-07,1000.0,0.00071
VIB/BTC,1609188338927,2020-12-28T20:45:38.927Z,buy,7.1e-07,5000.0,0.0035499999999999
VIB/BTC,1609188344915,2020-12-28T20:45:44.915Z,buy,7.1e-07,10000.0,0.0070999999999999
VIB/BTC,1609188348604,2020-12-28T20:45:48.604Z,buy,7.1e-07,5000.0,0.0035499999999999
VIB/BTC,1609188382382,2020-12-28T20:46:22.382Z,buy,7.1e-07,885808.0,0.62892368
VIB/BTC,1609188390405,2020-12-28T20:46:30.405Z,buy,7.1e-07,695329.0,0.49368359
VIB/BTC,1609188396811,2020-12-28T20:46:36.811Z,buy,7.1e-07,629884.0,0.4472176399999999
VIB/BTC,1609188407967,2020-12-28T20:46:47.967Z,buy,7.1e-07,157471.0,0.1118044099999999
VIB/BTC,1609188411140,2020-12-28T20:46:51.140Z,buy,7.1e-07,75586.0,0.05366606
VIB/BTC,1609188415184,2020-12-28T20:46:55.184Z,buy,7.1e-07,37793.0,0.02683303
VIB/BTC,1609188420511,2020-12-28T20:47:00.511Z,buy,7.1e-07,500.0,0.000355
VIB/BTC,1609188421933,2020-12-28T20:47:01.933Z,buy,7.1e-07,500.0,0.000355
VIB/BTC,1609188424779,2020-12-28T20:47:04.779Z,sell,7e-07,136303.0,0.0954121
VIB/BTC,1609188427544,2020-12-28T20:47:07.544Z,sell,7e-07,108134.0,0.0756937999999999
VIB/BTC,1609188434406,2020-12-28T20:47:14.406Z,buy,7.1e-07,500.0,0.000355
VIB/BTC,1609188435778,2020-12-28T20:47:15.778Z,buy,7.1e-07,35214.0,0.02500194
VIB/BTC,1609188435855,2020-12-28T20:47:15.855Z,buy,7.1e-07,500.0,0.000355
VIB/BTC,1609188437821,2020-12-28T20:47:17.821Z,buy,7.1e-07,500.0,0.000355
VIB/BTC,1609188439333,2020-12-28T20:47:19.333Z,buy,7.1e-07,500.0,0.000355
VIB/BTC,1609188441048,2020-12-28T20:47:21.048Z,buy,7.1e-07,500.0,0.000355
VIB/BTC,1609188446785,2020-12-28T20:47:26.785Z,buy,7.1e-07,200.0,0.0001419999999999
VIB/BTC,1609188448482,2020-12-28T20:47:28.482Z,buy,7.1e-07,200.0,0.0001419999999999
VIB/BTC,1609188449791,2020-12-28T20:47:29.791Z,buy,7.1e-07,200.0,0.0001419999999999
VIB/BTC,1609188451064,2020-12-28T20:47:31.064Z,buy,7.1e-07,200.0,0.0001419999999999
VIB/BTC,1609188452299,2020-12-28T20:47:32.299Z,buy,7.1e-07,200.0,0.0001419999999999
VIB/BTC,1609188456080,2020-12-28T20:47:36.080Z,buy,7.1e-07,200.0,0.0001419999999999
VIB/BTC,1609188457451,2020-12-28T20:47:37.451Z,buy,7.1e-07,200.0,0.0001419999999999
VIB/BTC,1609188458836,2020-12-28T20:47:38.836Z,buy,7.1e-07,200.0,0.0001419999999999
VIB/BTC,1609188460340,2020-12-28T20:47:40.340Z,buy,7.1e-07,200.0,0.0001419999999999
VIB/BTC,1609188461746,2020-12-28T20:47:41.746Z,buy,7.1e-07,200.0,0.0001419999999999
VIB/BTC,1609188462993,2020-12-28T20:47:42.993Z,buy,7.1e-07,200.0,0.0001419999999999
VIB/BTC,1609188464283,2020-12-28T20:47:44.283Z,buy,7.1e-07,200.0,0.0001419999999999
VIB/BTC,1609188466265,2020-12-28T20:47:46.265Z,buy,7.1e-07,200.0,0.0001419999999999
VIB/BTC,1609188467664,2020-12-28T20:47:47.664Z,buy,7.1e-07,200.0,0.0001419999999999
VIB/BTC,1609188468940,2020-12-28T20:47:48.940Z,buy,7.1e-07,200.0,0.0001419999999999
VIB/BTC,1609188470299,2020-12-28T20:47:50.299Z,buy,7.1e-07,200.0,0.0001419999999999
VIB/BTC,1609188471543,2020-12-28T20:47:51.543Z,buy,7.1e-07,200.0,0.0001419999999999
VIB/BTC,1609188472863,2020-12-28T20:47:52.863Z,buy,7.1e-07,200.0,0.0001419999999999
VIB/BTC,1609188474725,2020-12-28T20:47:54.725Z,buy,7.1e-07,200.0,0.0001419999999999
VIB/BTC,1609188476170,2020-12-28T20:47:56.170Z,buy,7.1e-07,200.0,0.0001419999999999
VIB/BTC,1609188478045,2020-12-28T20:47:58.045Z,buy,7.1e-07,200.0,0.0001419999999999
VIB/BTC,1609188479552,2020-12-28T20:47:59.552Z,buy,7.1e-07,200.0,0.0001419999999999
VIB/BTC,1609188481105,2020-12-28T20:48:01.105Z,buy,7.1e-07,200.0,0.0001419999999999
VIB/BTC,1609188482492,2020-12-28T20:48:02.492Z,buy,7.1e-07,200.0,0.0001419999999999
VIB/BTC,1609188483769,2020-12-28T20:48:03.769Z,buy,7.1e-07,200.0,0.0001419999999999
VIB/BTC,1609188484939,2020-12-28T20:48:04.939Z,buy,7.1e-07,200.0,0.0001419999999999
VIB/BTC,1609188487614,2020-12-28T20:48:07.614Z,buy,7.1e-07,200.0,0.0001419999999999
VIB/BTC,1609188488948,2020-12-28T20:48:08.948Z,buy,7.1e-07,200.0,0.0001419999999999
VIB/BTC,1609188493477,2020-12-28T20:48:13.477Z,buy,7.1e-07,200.0,0.0001419999999999
VIB/BTC,1609188494668,2020-12-28T20:48:14.668Z,buy,7.1e-07,200.0,0.0001419999999999
VIB/BTC,1609188495962,2020-12-28T20:48:15.962Z,buy,7.1e-07,200.0,0.0001419999999999
VIB/BTC,1609188497203,2020-12-28T20:48:17.203Z,buy,7.1e-07,200.0,0.0001419999999999
VIB/BTC,1609188498436,2020-12-28T20:48:18.436Z,buy,7.1e-07,200.0,0.0001419999999999
VIB/BTC,1609188500197,2020-12-28T20:48:20.197Z,buy,7.1e-07,200.0,0.0001419999999999
VIB/BTC,1609188501358,2020-12-28T20:48:21.358Z,buy,7.1e-07,200.0,0.0001419999999999
VIB/BTC,1609188502561,2020-12-28T20:48:22.561Z,buy,7.1e-07,200.0,0.0001419999999999
VIB/BTC,1609188504369,2020-12-28T20:48:24.369Z,buy,7.1e-07,200.0,0.0001419999999999
VIB/BTC,1609188505617,2020-12-28T20:48:25.617Z,buy,7.1e-07,200.0,0.0001419999999999
VIB/BTC,1609188506879,2020-12-28T20:48:26.879Z,buy,7.1e-07,200.0,0.0001419999999999
VIB/BTC,1609188509484,2020-12-28T20:48:29.484Z,buy,7.1e-07,200.0,0.0001419999999999
VIB/BTC,1609188602984,2020-12-28T20:50:02.984Z,sell,7e-07,7395.0,0.0051765
VIB/BTC,1609188610389,2020-12-28T20:50:10.389Z,sell,7e-07,11163.0,0.0078141
VIB/BTC,1609188610389,2020-12-28T20:50:10.389Z,sell,7e-07,11163.0,0.0078141
VIB/BTC,1609188748144,2020-12-28T20:52:28.144Z,sell,7e-07,120793.0,0.0845551
VIB/BTC,1609188752920,2020-12-28T20:52:32.920Z,sell,7e-07,72476.0,0.0507332
VIB/BTC,1609188756623,2020-12-28T20:52:36.623Z,sell,7e-07,41069.0,0.0287482999999999
VIB/BTC,1609188773933,2020-12-28T20:52:53.933Z,buy,7.1e-07,5127.0,0.00364017
VIB/BTC,1609188778072,2020-12-28T20:52:58.072Z,buy,7.1e-07,555651.0,0.39451221
VIB/BTC,1609188793158,2020-12-28T20:53:13.158Z,buy,7.1e-07,640598.0,0.45482458
VIB/BTC,1609188795874,2020-12-28T20:53:15.874Z,buy,7.1e-07,1000.0,0.00071
VIB/BTC,1609188797959,2020-12-28T20:53:17.959Z,buy,7.1e-07,68136.0,0.04837656
VIB/BTC,1609188808170,2020-12-28T20:53:28.170Z,buy,7.1e-07,757069.0,0.53751899
VIB/BTC,1609188808208,2020-12-28T20:53:28.208Z,buy,7.1e-07,40619.0,0.02883949
VIB/BTC,1609188811002,2020-12-28T20:53:31.002Z,sell,7.1e-07,149.0,0.00010579
VIB/BTC,1609188836815,2020-12-28T20:53:56.815Z,sell,7e-07,200.0,0.00014
VIB/BTC,1609188838088,2020-12-28T20:53:58.088Z,sell,7e-07,200.0,0.00014
VIB/BTC,1609188839406,2020-12-28T20:53:59.406Z,sell,7e-07,200.0,0.00014
VIB/BTC,1609188840701,2020-12-28T20:54:00.701Z,sell,7e-07,200.0,0.00014
VIB/BTC,1609188841881,2020-12-28T20:54:01.881Z,sell,7e-07,200.0,0.00014
VIB/BTC,1609188843097,2020-12-28T20:54:03.097Z,sell,7e-07,200.0,0.00014
VIB/BTC,1609188844386,2020-12-28T20:54:04.386Z,sell,7e-07,200.0,0.00014
VIB/BTC,1609188845616,2020-12-28T20:54:05.616Z,sell,7e-07,200.0,0.00014
VIB/BTC,1609188846917,2020-12-28T20:54:06.917Z,sell,7e-07,200.0,0.00014
VIB/BTC,1609188848230,2020-12-28T20:54:08.230Z,sell,7e-07,200.0,0.00014
VIB/BTC,1609188849795,2020-12-28T20:54:09.795Z,sell,7e-07,200.0,0.00014
VIB/BTC,1609188851109,2020-12-28T20:54:11.109Z,sell,7e-07,200.0,0.00014
VIB/BTC,1609188852378,2020-12-28T20:54:12.378Z,sell,7e-07,200.0,0.00014
VIB/BTC,1609188853833,2020-12-28T20:54:13.833Z,sell,7e-07,200.0,0.00014
VIB/BTC,1609188855301,2020-12-28T20:54:15.301Z,sell,7e-07,200.0,0.00014
VIB/BTC,1609188856657,2020-12-28T20:54:16.657Z,sell,7e-07,200.0,0.00014
VIB/BTC,1609188857854,2020-12-28T20:54:17.854Z,sell,7e-07,200.0,0.00014
VIB/BTC,1609188859108,2020-12-28T20:54:19.108Z,sell,7e-07,200.0,0.00014
VIB/BTC,1609188860399,2020-12-28T20:54:20.399Z,sell,7e-07,200.0,0.00014
VIB/BTC,1609188861718,2020-12-28T20:54:21.718Z,sell,7e-07,200.0,0.00014
VIB/BTC,1609188863611,2020-12-28T20:54:23.611Z,sell,7e-07,200.0,0.00014
VIB/BTC,1609188902195,2020-12-28T20:55:02.195Z,buy,7.1e-07,938.0,0.0006659799999999
VIB/BTC,1609188902209,2020-12-28T20:55:02.209Z,sell,7.1e-07,4897.0,0.00347687
VIB/BTC,1609188938771,2020-12-28T20:55:38.771Z,sell,7.1e-07,59338.0,0.04212998
VIB/BTC,1609188949510,2020-12-28T20:55:49.510Z,buy,7.1e-07,54891.0,0.03897261
VIB/BTC,1609189009476,2020-12-28T20:56:49.476Z,sell,7.1e-07,200468.0,0.14233228
VIB/BTC,1609189031509,2020-12-28T20:57:11.509Z,sell,7.1e-07,101220.0,0.0718661999999999
VIB/BTC,1609189031514,2020-12-28T20:57:11.514Z,buy,7.1e-07,32255.0,0.02290105
VIB/BTC,1609189031548,2020-12-28T20:57:11.548Z,sell,7.1e-07,6828.0,0.00484788
VIB/BTC,1609189098433,2020-12-28T20:58:18.433Z,buy,7.1e-07,750678.0,0.53298138
VIB/BTC,1609189104749,2020-12-28T20:58:24.749Z,buy,7.1e-07,500372.0,0.35526412
VIB/BTC,1609189114326,2020-12-28T20:58:34.326Z,buy,7.1e-07,667163.0,0.4736857299999999
VIB/BTC,1609189119655,2020-12-28T20:58:39.655Z,buy,7.1e-07,26687.0,0.01894777
VIB/BTC,1609189129202,2020-12-28T20:58:49.202Z,buy,7.1e-07,500.0,0.000355
VIB/BTC,1609189130582,2020-12-28T20:58:50.582Z,buy,7.1e-07,500.0,0.000355
VIB/BTC,1609189131970,2020-12-28T20:58:51.970Z,buy,7.1e-07,500.0,0.000355
VIB/BTC,1609189134100,2020-12-28T20:58:54.100Z,buy,7.1e-07,500.0,0.000355
VIB/BTC,1609189135693,2020-12-28T20:58:55.693Z,buy,7.1e-07,500.0,0.000355
VIB/BTC,1609189137117,2020-12-28T20:58:57.117Z,buy,7.1e-07,500.0,0.000355
VIB/BTC,1609189138399,2020-12-28T20:58:58.399Z,buy,7.1e-07,500.0,0.000355
VIB/BTC,1609189139766,2020-12-28T20:58:59.766Z,buy,7.1e-07,500.0,0.000355
VIB/BTC,1609189141183,2020-12-28T20:59:01.183Z,buy,7.1e-07,500.0,0.000355
VIB/BTC,1609189142477,2020-12-28T20:59:02.477Z,buy,7.1e-07,500.0,0.000355
VIB/BTC,1609189144158,2020-12-28T20:59:04.158Z,buy,7.1e-07,500.0,0.000355
VIB/BTC,1609189145114,2020-12-28T20:59:05.114Z,buy,7.1e-07,500.0,0.000355
VIB/BTC,1609189146408,2020-12-28T20:59:06.408Z,buy,7.1e-07,500.0,0.000355
VIB/BTC,1609189147749,2020-12-28T20:59:07.749Z,buy,7.1e-07,500.0,0.000355
VIB/BTC,1609189149137,2020-12-28T20:59:09.137Z,buy,7.1e-07,500.0,0.000355
VIB/BTC,1609189150699,2020-12-28T20:59:10.699Z,buy,7.1e-07,500.0,0.000355
VIB/BTC,1609189152384,2020-12-28T20:59:12.384Z,buy,7.1e-07,500.0,0.000355
VIB/BTC,1609189153822,2020-12-28T20:59:13.822Z,buy,7.1e-07,500.0,0.000355
VIB/BTC,1609189154816,2020-12-28T20:59:14.816Z,buy,7.1e-07,14112.0,0.01001952
VIB/BTC,1609189157378,2020-12-28T20:59:17.378Z,buy,7.1e-07,500.0,0.000355
VIB/BTC,1609189158746,2020-12-28T20:59:18.746Z,buy,7.1e-07,500.0,0.000355
VIB/BTC,1609189160397,2020-12-28T20:59:20.397Z,buy,7.1e-07,500.0,0.000355
VIB/BTC,1609189162083,2020-12-28T20:59:22.083Z,buy,7.1e-07,500.0,0.000355
VIB/BTC,1609189162388,2020-12-28T20:59:22.388Z,buy,7.1e-07,27001.0,0.01917071
VIB/BTC,1609189169817,2020-12-28T20:59:29.817Z,buy,7.1e-07,500.0,0.000355
VIB/BTC,1609189172901,2020-12-28T20:59:32.901Z,buy,7.1e-07,500.0,0.000355
VIB/BTC,1609189173567,2020-12-28T20:59:33.567Z,buy,7.1e-07,9000.0,0.00639
VIB/BTC,1609189177256,2020-12-28T20:59:37.256Z,sell,7.1e-07,500.0,0.000355
VIB/BTC,1609189180322,2020-12-28T20:59:40.322Z,buy,7.1e-07,500.0,0.000355
VIB/BTC,1609189180347,2020-12-28T20:59:40.347Z,buy,7.1e-07,9000.0,0.00639
VIB/BTC,1609189187247,2020-12-28T20:59:47.247Z,buy,7.1e-07,500.0,0.000355
VIB/BTC,1609189190094,2020-12-28T20:59:50.094Z,buy,7.1e-07,500.0,0.000355
VIB/BTC,1609189191508,2020-12-28T20:59:51.508Z,buy,7.1e-07,500.0,0.000355
VIB/BTC,1609189195495,2020-12-28T20:59:55.495Z,buy,7.1e-07,500.0,0.000355
VIB/BTC,1609189221787,2020-12-28T21:00:21.787Z,buy,7.1e-07,726276.0,0.51565596
VIB/BTC,1609189226837,2020-12-28T21:00:26.837Z,buy,7.1e-07,544707.0,0.38674197
VIB/BTC,1609189231845,2020-12-28T21:00:31.845Z,buy,7.1e-07,363138.0,0.25782798
VIB/BTC,1609189236676,2020-12-28T21:00:36.676Z,buy,7.1e-07,180423.0,0.1281003299999999
VIB/BTC,1609189241988,2020-12-28T21:00:41.988Z,buy,7.1e-07,288676.0,0.20495996
VIB/BTC,1609189250383,2020-12-28T21:00:50.383Z,buy,7.1e-07,461882.0,0.32793622
VIB/BTC,1609189256664,2020-12-28T21:00:56.664Z,buy,7.1e-07,317544.0,0.22545624
VIB/BTC,1609189259907,2020-12-28T21:00:59.907Z,buy,7.1e-07,500.0,0.000355
VIB/BTC,1609189261216,2020-12-28T21:01:01.216Z,buy,7.1e-07,500.0,0.000355
VIB/BTC,1609189262559,2020-12-28T21:01:02.559Z,buy,7.1e-07,500.0,0.000355
VIB/BTC,1609189263874,2020-12-28T21:01:03.874Z,buy,7.1e-07,500.0,0.000355
VIB/BTC,1609189266769,2020-12-28T21:01:06.769Z,buy,7.1e-07,500.0,0.000355
VIB/BTC,1609189268238,2020-12-28T21:01:08.238Z,buy,7.1e-07,500.0,0.000355
VIB/BTC,1609189269589,2020-12-28T21:01:09.589Z,buy,7.1e-07,500.0,0.000355
VIB/BTC,1609189271161,2020-12-28T21:01:11.161Z,buy,7.1e-07,500.0,0.000355
VIB/BTC,1609189273428,2020-12-28T21:01:13.428Z,buy,7.1e-07,500.0,0.000355
VIB/BTC,1609189275227,2020-12-28T21:01:15.227Z,buy,7.1e-07,500.0,0.000355
VIB/BTC,1609189276683,2020-12-28T21:01:16.683Z,buy,7.1e-07,500.0,0.000355
VIB/BTC,1609189277955,2020-12-28T21:01:17.955Z,buy,7.1e-07,500.0,0.000355
VIB/BTC,1609189279492,2020-12-28T21:01:19.492Z,buy,7.1e-07,500.0,0.000355
VIB/BTC,1609189281364,2020-12-28T21:01:21.364Z,buy,7.1e-07,500.0,0.000355
VIB/BTC,1609189283002,2020-12-28T21:01:23.002Z,buy,7.1e-07,500.0,0.000355
VIB/BTC,1609189284507,2020-12-28T21:01:24.507Z,buy,7.1e-07,500.0,0.000355
VIB/BTC,1609189285823,2020-12-28T21:01:25.823Z,buy,7.1e-07,500.0,0.000355
VIB/BTC,1609189287026,2020-12-28T21:01:27.026Z,buy,7.1e-07,500.0,0.000355
VIB/BTC,1609189289219,2020-12-28T21:01:29.219Z,buy,7.1e-07,500.0,0.000355
VIB/BTC,1609189290514,2020-12-28T21:01:30.514Z,buy,7.1e-07,500.0,0.000355
VIB/BTC,1609189291792,2020-12-28T21:01:31.792Z,buy,7.1e-07,500.0,0.000355
VIB/BTC,1609189292984,2020-12-28T21:01:32.984Z,buy,7.1e-07,500.0,0.000355
VIB/BTC,1609189294308,2020-12-28T21:01:34.308Z,buy,7.1e-07,500.0,0.000355
VIB/BTC,1609189295715,2020-12-28T21:01:35.715Z,buy,7.1e-07,500.0,0.000355
VIB/BTC,1609189297030,2020-12-28T21:01:37.030Z,buy,7.1e-07,500.0,0.000355
VIB/BTC,1609189298260,2020-12-28T21:01:38.260Z,buy,7.1e-07,500.0,0.000355
VIB/BTC,1609189299577,2020-12-28T21:01:39.577Z,buy,7.1e-07,500.0,0.000355
VIB/BTC,1609189300943,2020-12-28T21:01:40.943Z,buy,7.1e-07,500.0,0.000355
VIB/BTC,1609189302095,2020-12-28T21:01:42.095Z,buy,7.1e-07,500.0,0.000355
VIB/BTC,1609189303239,2020-12-28T21:01:43.239Z,buy,7.1e-07,500.0,0.000355
VIB/BTC,1609189308238,2020-12-28T21:01:48.238Z,buy,7.1e-07,500.0,0.000355
VIB/BTC,1609189309556,2020-12-28T21:01:49.556Z,buy,7.1e-07,500.0,0.000355
VIB/BTC,1609189310887,2020-12-28T21:01:50.887Z,buy,7.1e-07,500.0,0.000355
VIB/BTC,1609189312412,2020-12-28T21:01:52.412Z,buy,7.1e-07,500.0,0.000355
VIB/BTC,1609189313742,2020-12-28T21:01:53.742Z,buy,7.1e-07,500.0,0.000355
VIB/BTC,1609189317220,2020-12-28T21:01:57.220Z,buy,7.1e-07,500.0,0.000355
VIB/BTC,1609189318530,2020-12-28T21:01:58.530Z,buy,7.1e-07,500.0,0.000355
VIB/BTC,1609189322799,2020-12-28T21:02:02.799Z,buy,7.1e-07,500.0,0.000355
VIB/BTC,1609190064758,2020-12-28T21:14:24.758Z,buy,7.1e-07,1367.0,0.0009705699999999
VIB/BTC,1609190321560,2020-12-28T21:18:41.560Z,sell,7e-07,4905.0,0.0034335
VIB/BTC,1609190337383,2020-12-28T21:18:57.383Z,buy,7.1e-07,500.0,0.000355
VIB/BTC,1609190338989,2020-12-28T21:18:58.989Z,buy,7.1e-07,500.0,0.000355
VIB/BTC,1609190341225,2020-12-28T21:19:01.225Z,buy,7.1e-07,500.0,0.000355
VIB/BTC,1609190342729,2020-12-28T21:19:02.729Z,buy,7.1e-07,500.0,0.000355
VIB/BTC,1609190356056,2020-12-28T21:19:16.056Z,buy,7.1e-07,500.0,0.000355
VIB/BTC,1609190358331,2020-12-28T21:19:18.331Z,buy,7.1e-07,500.0,0.000355
VIB/BTC,1609190359739,2020-12-28T21:19:19.739Z,buy,7.1e-07,500.0,0.000355
VIB/BTC,1609190361032,2020-12-28T21:19:21.032Z,buy,7.1e-07,500.0,0.000355
VIB/BTC,1609190363135,2020-12-28T21:19:23.135Z,buy,7.1e-07,500.0,0.000355
VIB/BTC,1609190364544,2020-12-28T21:19:24.544Z,buy,7.1e-07,500.0,0.000355
VIB/BTC,1609190366015,2020-12-28T21:19:26.015Z,buy,7.1e-07,500.0,0.000355
VIB/BTC,1609190367279,2020-12-28T21:19:27.279Z,buy,7.1e-07,500.0,0.000355
VIB/BTC,1609190368544,2020-12-28T21:19:28.544Z,buy,7.1e-07,500.0,0.000355
VIB/BTC,1609190369885,2020-12-28T21:19:29.885Z,buy,7.1e-07,500.0,0.000355
VIB/BTC,1609190372620,2020-12-28T21:19:32.620Z,buy,7.1e-07,5000.0,0.0035499999999999
VIB/BTC,1609190374016,2020-12-28T21:19:34.016Z,buy,7.1e-07,500.0,0.000355
VIB/BTC,1609190375340,2020-12-28T21:19:35.340Z,buy,7.1e-07,500.0,0.000355
VIB/BTC,1609190377767,2020-12-28T21:19:37.767Z,buy,7.1e-07,500.0,0.000355
VIB/BTC,1609190379734,2020-12-28T21:19:39.734Z,buy,7.1e-07,200.0,0.0001419999999999
VIB/BTC,1609190381683,2020-12-28T21:19:41.683Z,buy,7.1e-07,200.0,0.0001419999999999
VIB/BTC,1609190384647,2020-12-28T21:19:44.647Z,buy,7.1e-07,2000.0,0.00142
VIB/BTC,1609190388298,2020-12-28T21:19:48.298Z,buy,7.1e-07,433.0,0.00030743
VIB/BTC,1609190392075,2020-12-28T21:19:52.075Z,buy,7.1e-07,1482.0,0.00105222
VIB/BTC,1609190398465,2020-12-28T21:19:58.465Z,buy,7.1e-07,216.0,0.00015336
VIB/BTC,1609190402215,2020-12-28T21:20:02.215Z,buy,7.1e-07,795.0,0.00056445
VIB/BTC,1609190404758,2020-12-28T21:20:04.758Z,buy,7.1e-07,451.0,0.0003202099999999
VIB/BTC,1609190408069,2020-12-28T21:20:08.069Z,buy,7.1e-07,8676.0,0.00615996
VIB/BTC,1609190412302,2020-12-28T21:20:12.302Z,buy,7.1e-07,1988.0,0.00141148
VIB/BTC,1609190416672,2020-12-28T21:20:16.672Z,buy,7.1e-07,1084.0,0.0007696399999999
VIB/BTC,1609190419946,2020-12-28T21:20:19.946Z,buy,7.1e-07,1409.0,0.0010003899999999
VIB/BTC,1609190423206,2020-12-28T21:20:23.206Z,buy,7.1e-07,7772.0,0.00551812
VIB/BTC,1609190427110,2020-12-28T21:20:27.110Z,buy,7.1e-07,723.0,0.00051333
VIB/BTC,1609190431061,2020-12-28T21:20:31.061Z,buy,7.1e-07,2711.0,0.0019248099999999
VIB/BTC,1609190437423,2020-12-28T21:20:37.423Z,buy,7.1e-07,692.0,0.00049132
VIB/BTC,1609190442116,2020-12-28T21:20:42.116Z,buy,7.1e-07,461.0,0.00032731
VIB/BTC,1609190446309,2020-12-28T21:20:46.309Z,buy,7.1e-07,231.0,0.00016401
VIB/BTC,1609190613150,2020-12-28T21:23:33.150Z,sell,7e-07,16266.0,0.0113861999999999
VIB/BTC,1609190617916,2020-12-28T21:23:37.916Z,sell,7e-07,6531.0,0.0045717
VIB/BTC,1609190775459,2020-12-28T21:26:15.459Z,buy,7.1e-07,3192.0,0.00226632
VIB/BTC,1609191559918,2020-12-28T21:39:19.918Z,buy,7.1e-07,500.0,0.000355
VIB/BTC,1609192048448,2020-12-28T21:47:28.448Z,buy,7.1e-07,205.0,0.00014555
VIB/BTC,1609192053188,2020-12-28T21:47:33.188Z,buy,7.1e-07,197.0,0.00013987
VIB/BTC,1609192053188,2020-12-28T21:47:33.188Z,buy,7.1e-07,197.0,0.00013987
VIB/BTC,1609192383594,2020-12-28T21:53:03.594Z,sell,7e-07,13354.0,0.0093478
VIB/BTC,1609193997638,2020-12-28T22:19:57.638Z,sell,7e-07,4092.0,0.0028644
VIB/BTC,1609194095042,2020-12-28T22:21:35.042Z,sell,7e-07,1940.0,0.0013579999999999
VIB/BTC,1609194910324,2020-12-28T22:35:10.324Z,sell,7e-07,20324.0,0.0142268
VIB/BTC,1609195025711,2020-12-28T22:37:05.711Z,sell,7e-07,34281.0,0.0239967
VIB/BTC,1609195061538,2020-12-28T22:37:41.538Z,sell,7e-07,1075.0,0.0007524999999999
VIB/BTC,1609195211776,2020-12-28T22:40:11.776Z,sell,7e-07,3793.0,0.0026551
VIB/BTC,1609195595407,2020-12-28T22:46:35.407Z,sell,7e-07,26370.0,0.018459
VIB/BTC,1609195618263,2020-12-28T22:46:58.263Z,sell,7e-07,20170.0,0.014119
VIB/BTC,1609195618263,2020-12-28T22:46:58.263Z,sell,7e-07,20170.0,0.014119
VIB/BTC,1609195707266,2020-12-28T22:48:27.266Z,sell,7e-07,35282.0,0.0246973999999999
VIB/BTC,1609195790021,2020-12-28T22:49:50.021Z,sell,7e-07,27480.0,0.019236
VIB/BTC,1609195820157,2020-12-28T22:50:20.157Z,sell,7e-07,3001.0,0.0021007
VIB/BTC,1609195820346,2020-12-28T22:50:20.346Z,sell,7e-07,76773.0,0.0537411
VIB/BTC,1609195820567,2020-12-28T22:50:20.567Z,sell,7e-07,1000.0,0.0007
VIB/BTC,1609195822174,2020-12-28T22:50:22.174Z,sell,7e-07,1000.0,0.0007
VIB/BTC,1609195850743,2020-12-28T22:50:50.743Z,sell,7e-07,1878.0,0.0013146
VIB/BTC,1609195850743,2020-12-28T22:50:50.743Z,sell,6.9e-07,20076.0,0.0138524399999999
VIB/BTC,1609196934369,2020-12-28T23:08:54.369Z,sell,6.9e-07,124719.0,0.0860561099999999
VIB/BTC,1609196948551,2020-12-28T23:09:08.551Z,sell,6.9e-07,5596.0,0.0038612399999999
VIB/BTC,1609197788826,2020-12-28T23:23:08.826Z,sell,6.9e-07,4160.0,0.0028704
VIB/BTC,1609197795885,2020-12-28T23:23:15.885Z,sell,6.9e-07,4212.0,0.00290628
VIB/BTC,1609197808170,2020-12-28T23:23:28.170Z,sell,6.9e-07,4185.0,0.00288765
VIB/BTC,1609197949036,2020-12-28T23:25:49.036Z,sell,6.9e-07,201.0,0.00013869
VIB/BTC,1609198140941,2020-12-28T23:29:00.941Z,sell,6.9e-07,18049.0,0.01245381
VIB/BTC,1609198145373,2020-12-28T23:29:05.373Z,buy,7e-07,26118.0,0.0182826
VIB/BTC,1609198176516,2020-12-28T23:29:36.516Z,sell,6.9e-07,2642.0,0.0018229799999999
VIB/BTC,1609198531269,2020-12-28T23:35:31.269Z,sell,6.9e-07,149.0,0.00010281
VIB/BTC,1609198858449,2020-12-28T23:40:58.449Z,sell,6.9e-07,10000.0,0.0069
VIB/BTC,1609199000690,2020-12-28T23:43:20.690Z,sell,6.9e-07,1365.0,0.0009418499999999
VIB/BTC,1609199000690,2020-12-28T23:43:20.690Z,sell,6.9e-07,1365.0,0.0009418499999999
VIB/BTC,1609199855828,2020-12-28T23:57:35.828Z,sell,6.9e-07,187.0,0.00012903
VIB/BTC,1609200125045,2020-12-29T00:02:05.045Z,buy,7e-07,1000.0,0.0007
VIB/BTC,1609200627822,2020-12-29T00:10:27.822Z,buy,7e-07,520.0,0.0003639999999999
VIB/BTC,1609200627822,2020-12-29T00:10:27.822Z,buy,7e-07,520.0,0.0003639999999999
VIB/BTC,1609200627822,2020-12-29T00:10:27.822Z,buy,7e-07,520.0,0.0003639999999999
VIB/BTC,1609200627822,2020-12-29T00:10:27.822Z,buy,7e-07,520.0,0.0003639999999999
VIB/BTC,1609200627822,2020-12-29T00:10:27.822Z,buy,7e-07,520.0,0.0003639999999999
VIB/BTC,1609200627822,2020-12-29T00:10:27.822Z,buy,7e-07,520.0,0.0003639999999999
VIB/BTC,1609200627823,2020-12-29T00:10:27.823Z,buy,7e-07,520.0,0.0003639999999999
VIB/BTC,1609200627823,2020-12-29T00:10:27.823Z,buy,7e-07,520.0,0.0003639999999999
VIB/BTC,1609200627823,2020-12-29T00:10:27.823Z,buy,7e-07,520.0,0.0003639999999999
VIB/BTC,1609200627824,2020-12-29T00:10:27.824Z,buy,7e-07,520.0,0.0003639999999999
VIB/BTC,1609200627824,2020-12-29T00:10:27.824Z,buy,7e-07,520.0,0.0003639999999999
VIB/BTC,1609200627824,2020-12-29T00:10:27.824Z,buy,7e-07,520.0,0.0003639999999999
VIB/BTC,1609200627824,2020-12-29T00:10:27.824Z,buy,7e-07,520.0,0.0003639999999999
VIB/BTC,1609200627825,2020-12-29T00:10:27.825Z,buy,7e-07,520.0,0.0003639999999999
VIB/BTC,1609200627825,2020-12-29T00:10:27.825Z,buy,7e-07,520.0,0.0003639999999999
VIB/BTC,1609200627825,2020-12-29T00:10:27.825Z,buy,7e-07,520.0,0.0003639999999999
VIB/BTC,1609200627825,2020-12-29T00:10:27.825Z,buy,7e-07,520.0,0.0003639999999999
VIB/BTC,1609200627826,2020-12-29T00:10:27.826Z,buy,7e-07,520.0,0.0003639999999999
VIB/BTC,1609200627826,2020-12-29T00:10:27.826Z,buy,7e-07,520.0,0.0003639999999999
VIB/BTC,1609200627826,2020-12-29T00:10:27.826Z,buy,7e-07,520.0,0.0003639999999999
VIB/BTC,1609200627826,2020-12-29T00:10:27.826Z,buy,7e-07,520.0,0.0003639999999999
VIB/BTC,1609200627826,2020-12-29T00:10:27.826Z,buy,7e-07,520.0,0.0003639999999999
VIB/BTC,1609200627827,2020-12-29T00:10:27.827Z,buy,7e-07,520.0,0.0003639999999999
VIB/BTC,1609200627827,2020-12-29T00:10:27.827Z,buy,7e-07,520.0,0.0003639999999999
VIB/BTC,1609200627827,2020-12-29T00:10:27.827Z,buy,7e-07,520.0,0.0003639999999999
VIB/BTC,1609200627827,2020-12-29T00:10:27.827Z,buy,7e-07,520.0,0.0003639999999999
VIB/BTC,1609200627827,2020-12-29T00:10:27.827Z,buy,7e-07,520.0,0.0003639999999999
VIB/BTC,1609200627827,2020-12-29T00:10:27.827Z,buy,7e-07,520.0,0.0003639999999999
VIB/BTC,1609200627827,2020-12-29T00:10:27.827Z,buy,7e-07,520.0,0.0003639999999999
VIB/BTC,1609200627828,2020-12-29T00:10:27.828Z,buy,7e-07,520.0,0.0003639999999999
VIB/BTC,1609200627828,2020-12-29T00:10:27.828Z,buy,7e-07,520.0,0.0003639999999999
VIB/BTC,1609200627829,2020-12-29T00:10:27.829Z,buy,7e-07,520.0,0.0003639999999999
VIB/BTC,1609200627829,2020-12-29T00:10:27.829Z,buy,7e-07,520.0,0.0003639999999999
VIB/BTC,1609200627829,2020-12-29T00:10:27.829Z,buy,7e-07,520.0,0.0003639999999999
