symbol,timestamp,datetime,side,price,amount,btc_volume
VIB/BTC,1607450469571,2020-12-08T18:01:09.571Z,buy,8.6e-07,3978.0,0.00342108
VIB/BTC,1607450951238,2020-12-08T18:09:11.238Z,sell,8.6e-07,17105.0,0.0147103
VIB/BTC,1607451239528,2020-12-08T18:13:59.528Z,sell,8.5e-07,33807.0,0.02873595
VIB/BTC,1607453386959,2020-12-08T18:49:46.959Z,sell,8.5e-07,7510.0,0.0063835
VIB/BTC,1607453439581,2020-12-08T18:50:39.581Z,sell,8.5e-07,192688.0,0.1637848
VIB/BTC,1607453439581,2020-12-08T18:50:39.581Z,sell,8.5e-07,192688.0,0.1637848
VIB/BTC,1607454679718,2020-12-08T19:11:19.718Z,buy,8.6e-07,79456.0,0.06833216
VIB/BTC,1607456172586,2020-12-08T19:36:12.586Z,sell,8.5e-07,299.0,0.00025415
VIB/BTC,1607456172586,2020-12-08T19:36:12.586Z,sell,8.5e-07,299.0,0.00025415
VIB/BTC,1607457360497,2020-12-08T19:56:00.497Z,buy,8.6e-07,6124.0,0.00526664
VIB/BTC,1607458123630,2020-12-08T20:08:43.630Z,buy,8.6e-07,8872.0,0.00762992
VIB/BTC,1607458220148,2020-12-08T20:10:20.148Z,sell,8.5e-07,5717.0,0.00485945
VIB/BTC,1607458491067,2020-12-08T20:14:51.067Z,buy,8.6e-07,319.0,0.00027434
VIB/BTC,1607459195124,2020-12-08T20:26:35.124Z,buy,8.6e-07,102292.0,0.08797112
VIB/BTC,1607459494902,2020-12-08T20:31:34.902Z,sell,8.5e-07,2183.0,0.00185555
VIB/BTC,1607459536635,2020-12-08T20:32:16.635Z,buy,8.6e-07,44864.0,0.03858304
VIB/BTC,1607459536649,2020-12-08T20:32:16.649Z,sell,8.6e-07,1020.0,0.0008772
VIB/BTC,1607459536689,2020-12-08T20:32:16.689Z,sell,8.6e-07,1245.0,0.0010707
VIB/BTC,1607459536707,2020-12-08T20:32:16.707Z,sell,8.6e-07,1244.0,0.00106984
VIB/BTC,1607459605825,2020-12-08T20:33:25.825Z,sell,8.6e-07,7388.0,0.00635368
VIB/BTC,1607459615114,2020-12-08T20:33:35.114Z,sell,8.6e-07,3198.0,0.00275028
VIB/BTC,1607459633164,2020-12-08T20:33:53.164Z,sell,8.6e-07,1059.0,0.00091074
VIB/BTC,1607459633200,2020-12-08T20:33:53.200Z,sell,8.6e-07,1059.0,0.00091074
VIB/BTC,1607459633224,2020-12-08T20:33:53.224Z,sell,8.6e-07,1058.0,0.00090988
VIB/BTC,1607459633258,2020-12-08T20:33:53.258Z,sell,8.6e-07,543.0,0.00046698
VIB/BTC,1607459633336,2020-12-08T20:33:53.336Z,sell,8.6e-07,3704.0,0.00318544
VIB/BTC,1607459633336,2020-12-08T20:33:53.336Z,sell,8.6e-07,3704.0,0.00318544
VIB/BTC,1607460079210,2020-12-08T20:41:19.210Z,sell,8.6e-07,32274.0,0.02775564
VIB/BTC,1607460079828,2020-12-08T20:41:19.828Z,buy,8.6e-07,389519.0,0.33498634
VIB/BTC,1607460090942,2020-12-08T20:41:30.942Z,sell,8.6e-07,19848.0,0.01706928
VIB/BTC,1607460091363,2020-12-08T20:41:31.363Z,buy,8.6e-07,350043.0,0.30103698
VIB/BTC,1607460104778,2020-12-08T20:41:44.778Z,sell,8.6e-07,55484.0,0.04771624
VIB/BTC,1607460119153,2020-12-08T20:41:59.153Z,buy,8.7e-07,428911.0,0.37315257
VIB/BTC,1607460124762,2020-12-08T20:42:04.762Z,buy,8.7e-07,42555.0,0.03702285
VIB/BTC,1607460124770,2020-12-08T20:42:04.770Z,sell,8.7e-07,881.0,0.00076647
VIB/BTC,1607460124776,2020-12-08T20:42:04.776Z,sell,8.7e-07,160.0,0.0001392
VIB/BTC,1607460124785,2020-12-08T20:42:04.785Z,sell,8.7e-07,1015.0,0.00088305
VIB/BTC,1607460125971,2020-12-08T20:42:05.971Z,sell,8.7e-07,400.0,0.000348
VIB/BTC,1607460240075,2020-12-08T20:44:00.075Z,sell,8.7e-07,2716.0,0.00236292
VIB/BTC,1607460280578,2020-12-08T20:44:40.578Z,sell,8.7e-07,77544.0,0.06746328
VIB/BTC,1607460290898,2020-12-08T20:44:50.898Z,sell,8.7e-07,21195.0,0.01843965
VIB/BTC,1607460294832,2020-12-08T20:44:54.832Z,sell,8.7e-07,26565.0,0.02311155
VIB/BTC,1607460299031,2020-12-08T20:44:59.031Z,sell,8.7e-07,12220.0,0.0106314
VIB/BTC,1607460302900,2020-12-08T20:45:02.900Z,sell,8.7e-07,23462.0,0.02041194
VIB/BTC,1607460310304,2020-12-08T20:45:10.304Z,sell,8.7e-07,105228.0,0.09154836
VIB/BTC,1607460312540,2020-12-08T20:45:12.540Z,sell,8.7e-07,4651.0,0.00404637
VIB/BTC,1607460317643,2020-12-08T20:45:17.643Z,sell,8.7e-07,52668.0,0.04582116
VIB/BTC,1607460327173,2020-12-08T20:45:27.173Z,sell,8.7e-07,111919.0,0.09736953
VIB/BTC,1607460336498,2020-12-08T20:45:36.498Z,buy,8.8e-07,376975.0,0.331738
VIB/BTC,1607460346292,2020-12-08T20:45:46.292Z,sell,8.7e-07,64086.0,0.05575482
VIB/BTC,1607460348300,2020-12-08T20:45:48.300Z,sell,8.7e-07,37547.0,0.03266589
VIB/BTC,1607460351082,2020-12-08T20:45:51.082Z,sell,8.7e-07,10809.0,0.00940383
VIB/BTC,1607460353695,2020-12-08T20:45:53.695Z,sell,8.7e-07,60575.0,0.05270025
VIB/BTC,1607460357562,2020-12-08T20:45:57.562Z,sell,8.7e-07,57987.0,0.05044869
VIB/BTC,1607460363284,2020-12-08T20:46:03.284Z,sell,8.7e-07,81526.0,0.07092762
VIB/BTC,1607460366587,2020-12-08T20:46:06.587Z,sell,8.7e-07,75254.0,0.06547098
VIB/BTC,1607460372059,2020-12-08T20:46:12.059Z,buy,8.8e-07,295941.0,0.26042808
VIB/BTC,1607460527932,2020-12-08T20:48:47.932Z,buy,8.8e-07,7955.0,0.0070004
VIB/BTC,1607460548183,2020-12-08T20:49:08.183Z,sell,8.7e-07,2770.0,0.0024099
VIB/BTC,1607460558787,2020-12-08T20:49:18.787Z,sell,8.7e-07,298049.0,0.25930263
VIB/BTC,1607460563304,2020-12-08T20:49:23.304Z,buy,8.8e-07,398877.0,0.35101176
VIB/BTC,1607460582826,2020-12-08T20:49:42.826Z,sell,8.7e-07,292027.0,0.25406349
VIB/BTC,1607460584438,2020-12-08T20:49:44.438Z,buy,8.8e-07,280302.0,0.24666576
VIB/BTC,1607460594863,2020-12-08T20:49:54.863Z,sell,8.7e-07,257752.0,0.22424424
VIB/BTC,1607460597169,2020-12-08T20:49:57.169Z,buy,8.8e-07,270908.0,0.23839904
VIB/BTC,1607460601736,2020-12-08T20:50:01.736Z,sell,8.7e-07,255253.0,0.22207011
VIB/BTC,1607460614718,2020-12-08T20:50:14.718Z,buy,8.8e-07,185091.0,0.16288008
VIB/BTC,1607460930753,2020-12-08T20:55:30.753Z,sell,8.7e-07,331146.0,0.28809702
VIB/BTC,1607460952879,2020-12-08T20:55:52.879Z,sell,8.7e-07,297924.0,0.25919388
VIB/BTC,1607460957439,2020-12-08T20:55:57.439Z,sell,8.7e-07,168285.0,0.14640795
VIB/BTC,1607460963157,2020-12-08T20:56:03.157Z,sell,8.7e-07,33791.0,0.02939817
VIB/BTC,1607460970703,2020-12-08T20:56:10.703Z,buy,8.8e-07,679184.0,0.59768192
VIB/BTC,1607461086184,2020-12-08T20:58:06.184Z,sell,8.7e-07,523547.0,0.45548589
VIB/BTC,1607461087925,2020-12-08T20:58:07.925Z,buy,8.8e-07,504008.0,0.44352704
VIB/BTC,1607461124927,2020-12-08T20:58:44.927Z,sell,8.7e-07,4651.0,0.00404637
VIB/BTC,1607461183515,2020-12-08T20:59:43.515Z,buy,8.8e-07,560939.0,0.49362632
VIB/BTC,1607461201085,2020-12-08T21:00:01.085Z,buy,8.8e-07,192878.0,0.16973264
VIB/BTC,1607461202925,2020-12-08T21:00:02.925Z,buy,8.8e-07,241380.0,0.2124144
VIB/BTC,1607461204564,2020-12-08T21:00:04.564Z,buy,8.8e-07,2122.0,0.00186736
VIB/BTC,1607461205379,2020-12-08T21:00:05.379Z,buy,8.8e-07,107759.0,0.09482792
VIB/BTC,1607461205545,2020-12-08T21:00:05.545Z,buy,8.8e-07,1137.0,0.00100056
VIB/BTC,1607461226716,2020-12-08T21:00:26.716Z,sell,8.7e-07,27849.0,0.02422863
VIB/BTC,1607461227132,2020-12-08T21:00:27.132Z,buy,8.7e-07,514168.0,0.44732616
VIB/BTC,1607461234395,2020-12-08T21:00:34.395Z,sell,8.7e-07,24744.0,0.02152728
VIB/BTC,1607461235161,2020-12-08T21:00:35.161Z,buy,8.7e-07,490424.0,0.42666888
VIB/BTC,1607461240446,2020-12-08T21:00:40.446Z,buy,8.8e-07,4872.0,0.00428736
VIB/BTC,1607461247791,2020-12-08T21:00:47.791Z,sell,8.7e-07,21531.0,0.01873197
VIB/BTC,1607461248188,2020-12-08T21:00:48.188Z,buy,8.7e-07,313328.0,0.27259536
VIB/BTC,1607461256548,2020-12-08T21:00:56.548Z,sell,8.7e-07,17232.0,0.01499184
VIB/BTC,1607461257739,2020-12-08T21:00:57.739Z,buy,8.7e-07,235200.0,0.204624
VIB/BTC,1607461265024,2020-12-08T21:01:05.024Z,sell,8.7e-07,10255.0,0.00892185
VIB/BTC,1607461265238,2020-12-08T21:01:05.238Z,buy,8.7e-07,285297.0,0.24820839
VIB/BTC,1607461265265,2020-12-08T21:01:05.265Z,buy,8.7e-07,8397.0,0.00730539
VIB/BTC,1607461274481,2020-12-08T21:01:14.481Z,buy,8.7e-07,507826.0,0.44180862
VIB/BTC,1607461281812,2020-12-08T21:01:21.812Z,sell,8.7e-07,477356.0,0.41529972
VIB/BTC,1607461285668,2020-12-08T21:01:25.668Z,buy,8.7e-07,2455.0,0.00213585
VIB/BTC,1607461291563,2020-12-08T21:01:31.563Z,buy,8.7e-07,682.0,0.00059334
VIB/BTC,1607461291951,2020-12-08T21:01:31.951Z,buy,8.7e-07,285261.0,0.24817707
VIB/BTC,1607461304051,2020-12-08T21:01:44.051Z,buy,8.7e-07,228445.0,0.19874715
VIB/BTC,1607461304087,2020-12-08T21:01:44.087Z,buy,8.7e-07,11412.0,0.00992844
VIB/BTC,1607461311168,2020-12-08T21:01:51.168Z,buy,8.7e-07,157508.0,0.13703196
VIB/BTC,1607461312476,2020-12-08T21:01:52.476Z,sell,8.7e-07,4651.0,0.00404637
VIB/BTC,1607461319476,2020-12-08T21:01:59.476Z,sell,8.7e-07,2479.0,0.00215673
VIB/BTC,1607461319719,2020-12-08T21:01:59.719Z,buy,8.7e-07,3142.0,0.00273354
VIB/BTC,1607461319783,2020-12-08T21:01:59.783Z,buy,8.7e-07,148407.0,0.12911409
VIB/BTC,1607461325101,2020-12-08T21:02:05.101Z,sell,8.7e-07,6965.0,0.00605955
VIB/BTC,1607461325586,2020-12-08T21:02:05.586Z,buy,8.7e-07,100817.0,0.08771079
VIB/BTC,1607461331011,2020-12-08T21:02:11.011Z,buy,8.7e-07,41140.0,0.0357918
VIB/BTC,1607461331419,2020-12-08T21:02:11.419Z,buy,8.7e-07,58274.0,0.05069838
VIB/BTC,1607461377450,2020-12-08T21:02:57.450Z,sell,8.7e-07,4872.0,0.00423864
VIB/BTC,1607461505542,2020-12-08T21:05:05.542Z,sell,8.7e-07,97171.0,0.08453877
VIB/BTC,1607461563209,2020-12-08T21:06:03.209Z,buy,8.7e-07,485.0,0.00042195
VIB/BTC,1607461676374,2020-12-08T21:07:56.374Z,sell,8.6e-07,874.0,0.00075164
VIB/BTC,1607461676393,2020-12-08T21:07:56.393Z,sell,8.6e-07,874.0,0.00075164
VIB/BTC,1607461716440,2020-12-08T21:08:36.440Z,buy,8.7e-07,4902.0,0.00426474
VIB/BTC,1607461727726,2020-12-08T21:08:47.726Z,buy,8.7e-07,39.0,3.393e-05
VIB/BTC,1607461912855,2020-12-08T21:11:52.855Z,buy,8.7e-07,34313.0,0.02985231
VIB/BTC,1607461912861,2020-12-08T21:11:52.861Z,sell,8.7e-07,22312.0,0.01941144
VIB/BTC,1607461943425,2020-12-08T21:12:23.425Z,sell,8.7e-07,56626.0,0.04926462
VIB/BTC,1607462528359,2020-12-08T21:22:08.359Z,sell,8.6e-07,1162.0,0.00099932
VIB/BTC,1607462539001,2020-12-08T21:22:19.001Z,buy,8.7e-07,2163.0,0.00188181
VIB/BTC,1607462687067,2020-12-08T21:24:47.067Z,buy,8.7e-07,1136.0,0.00098832
VIB/BTC,1607462688835,2020-12-08T21:24:48.835Z,buy,8.7e-07,1136.0,0.00098832
VIB/BTC,1607462690652,2020-12-08T21:24:50.652Z,buy,8.7e-07,1136.0,0.00098832
VIB/BTC,1607462692392,2020-12-08T21:24:52.392Z,buy,8.7e-07,1136.0,0.00098832
VIB/BTC,1607462694801,2020-12-08T21:24:54.801Z,buy,8.7e-07,1136.0,0.00098832
VIB/BTC,1607462696562,2020-12-08T21:24:56.562Z,buy,8.7e-07,1136.0,0.00098832
VIB/BTC,1607462698475,2020-12-08T21:24:58.475Z,buy,8.7e-07,1136.0,0.00098832
VIB/BTC,1607462703912,2020-12-08T21:25:03.912Z,buy,8.7e-07,1136.0,0.00098832
VIB/BTC,1607462704862,2020-12-08T21:25:04.862Z,sell,8.6e-07,1162.0,0.00099932
VIB/BTC,1607462705042,2020-12-08T21:25:05.042Z,buy,8.7e-07,1136.0,0.00098832
VIB/BTC,1607462706766,2020-12-08T21:25:06.766Z,buy,8.7e-07,1136.0,0.00098832
VIB/BTC,1607462708632,2020-12-08T21:25:08.632Z,buy,8.7e-07,1136.0,0.00098832
VIB/BTC,1607462711759,2020-12-08T21:25:11.759Z,sell,8.6e-07,975.0,0.0008385
VIB/BTC,1607462761352,2020-12-08T21:26:01.352Z,sell,8.6e-07,275.0,0.0002365
VIB/BTC,1607462761352,2020-12-08T21:26:01.352Z,sell,8.6e-07,275.0,0.0002365
VIB/BTC,1607464092930,2020-12-08T21:48:12.930Z,buy,8.7e-07,365.0,0.00031755
VIB/BTC,1607464104675,2020-12-08T21:48:24.675Z,buy,8.7e-07,367.0,0.00031929
VIB/BTC,1607464152797,2020-12-08T21:49:12.797Z,sell,8.6e-07,84656.0,0.07280416
VIB/BTC,1607464153088,2020-12-08T21:49:13.088Z,sell,8.6e-07,272.0,0.00023392
VIB/BTC,1607464173289,2020-12-08T21:49:33.289Z,sell,8.6e-07,40457.0,0.03479302
VIB/BTC,1607464178286,2020-12-08T21:49:38.286Z,sell,8.6e-07,7686.0,0.00660996
VIB/BTC,1607464689865,2020-12-08T21:58:09.865Z,sell,8.6e-07,113137.0,0.09729782
VIB/BTC,1607464690722,2020-12-08T21:58:10.722Z,sell,8.6e-07,1824.0,0.00156864
VIB/BTC,1607465150670,2020-12-08T22:05:50.670Z,buy,8.7e-07,537.0,0.00046719
VIB/BTC,1607465150670,2020-12-08T22:05:50.670Z,buy,8.7e-07,537.0,0.00046719
VIB/BTC,1607466383668,2020-12-08T22:26:23.668Z,buy,8.7e-07,3000.0,0.00261
VIB/BTC,1607466385704,2020-12-08T22:26:25.704Z,sell,8.6e-07,3660.0,0.0031476
VIB/BTC,1607467364562,2020-12-08T22:42:44.562Z,buy,8.7e-07,38.0,3.306e-05
VIB/BTC,1607467869541,2020-12-08T22:51:09.541Z,buy,8.7e-07,3671.0,0.00319377
VIB/BTC,1607468447429,2020-12-08T23:00:47.429Z,sell,8.6e-07,177.0,0.00015222
VIB/BTC,1607468473652,2020-12-08T23:01:13.652Z,sell,8.6e-07,2203.0,0.00189458
VIB/BTC,1607468473652,2020-12-08T23:01:13.652Z,sell,8.6e-07,2203.0,0.00189458
VIB/BTC,1607469688989,2020-12-08T23:21:28.989Z,sell,8.6e-07,278.0,0.00023908
VIB/BTC,1607470534462,2020-12-08T23:35:34.462Z,buy,8.7e-07,1264.0,0.00109968
VIB/BTC,1607470605389,2020-12-08T23:36:45.389Z,buy,8.7e-07,37.0,3.219e-05
VIB/BTC,1607471733547,2020-12-08T23:55:33.547Z,buy,8.7e-07,804.0,0.00069948
VIB/BTC,1607471779205,2020-12-08T23:56:19.205Z,buy,8.7e-07,668.0,0.00058116
VIB/BTC,1607471779205,2020-12-08T23:56:19.205Z,buy,8.7e-07,668.0,0.00058116
VIB/BTC,1607472502049,2020-12-09T00:08:22.049Z,buy,8.7e-07,22989.0,0.02000043
VIB/BTC,1607472507841,2020-12-09T00:08:27.841Z,buy,8.7e-07,20690.0,0.0180003
VIB/BTC,1607472523829,2020-12-09T00:08:43.829Z,buy,8.7e-07,1190.0,0.0010353
VIB/BTC,1607472527160,2020-12-09T00:08:47.160Z,buy,8.7e-07,3950.0,0.0034365
VIB/BTC,1607472530965,2020-12-09T00:08:50.965Z,buy,8.7e-07,3781.0,0.00328947
VIB/BTC,1607472572047,2020-12-09T00:09:32.047Z,buy,8.7e-07,2299.0,0.00200013
VIB/BTC,1607472662393,2020-12-09T00:11:02.393Z,sell,8.6e-07,510.0,0.0004386
VIB/BTC,1607472953314,2020-12-09T00:15:53.314Z,sell,8.6e-07,1162.0,0.00099932
VIB/BTC,1607473106275,2020-12-09T00:18:26.275Z,sell,8.6e-07,1875.0,0.0016125
VIB/BTC,1607473311992,2020-12-09T00:21:51.992Z,sell,8.6e-07,4786.0,0.00411596
VIB/BTC,1607473699014,2020-12-09T00:28:19.014Z,buy,8.7e-07,6473.0,0.00563151
VIB/BTC,1607473700376,2020-12-09T00:28:20.376Z,buy,8.7e-07,1136.0,0.00098832
VIB/BTC,1607473702211,2020-12-09T00:28:22.211Z,buy,8.7e-07,1136.0,0.00098832
VIB/BTC,1607473703923,2020-12-09T00:28:23.923Z,buy,8.7e-07,1136.0,0.00098832
VIB/BTC,1607473705730,2020-12-09T00:28:25.730Z,buy,8.7e-07,1136.0,0.00098832
VIB/BTC,1607473708445,2020-12-09T00:28:28.445Z,buy,8.7e-07,1136.0,0.00098832
VIB/BTC,1607473711633,2020-12-09T00:28:31.633Z,sell,8.6e-07,815.0,0.0007009
VIB/BTC,1607474151723,2020-12-09T00:35:51.723Z,buy,8.7e-07,1379.0,0.00119973
VIB/BTC,1607474632075,2020-12-09T00:43:52.075Z,sell,8.6e-07,1162.0,0.00099932
VIB/BTC,1607474632075,2020-12-09T00:43:52.075Z,sell,8.6e-07,1162.0,0.00099932
VIB/BTC,1607475643143,2020-12-09T01:00:43.143Z,sell,8.6e-07,1162.0,0.00099932
VIB/BTC,1607476004656,2020-12-09T01:06:44.656Z,buy,8.7e-07,43.0,3.741e-05
VIB/BTC,1607476537225,2020-12-09T01:15:37.225Z,buy,8.7e-07,1264.0,0.00109968
VIB/BTC,1607476595823,2020-12-09T01:16:35.823Z,buy,8.7e-07,57471.0,0.04999977
VIB/BTC,1607477695665,2020-12-09T01:34:55.665Z,buy,8.7e-07,5747.0,0.00499989
VIB/BTC,1607477759833,2020-12-09T01:35:59.833Z,buy,8.7e-07,33391.0,0.02905017
VIB/BTC,1607477980826,2020-12-09T01:39:40.826Z,buy,8.7e-07,21761.0,0.01893207
VIB/BTC,1607477980826,2020-12-09T01:39:40.826Z,buy,8.7e-07,21761.0,0.01893207
VIB/BTC,1607478522276,2020-12-09T01:48:42.276Z,buy,8.7e-07,16068.0,0.01397916
VIB/BTC,1607479249993,2020-12-09T02:00:49.993Z,sell,8.6e-07,55096.0,0.04738256
VIB/BTC,1607479250121,2020-12-09T02:00:50.121Z,sell,8.6e-07,124.0,0.00010664
VIB/BTC,1607480187548,2020-12-09T02:16:27.548Z,sell,8.6e-07,6418.0,0.00551948
VIB/BTC,1607480187548,2020-12-09T02:16:27.548Z,sell,8.6e-07,6418.0,0.00551948
VIB/BTC,1607482624650,2020-12-09T02:57:04.650Z,sell,8.6e-07,17389.0,0.01495454
VIB/BTC,1607482659198,2020-12-09T02:57:39.198Z,buy,8.6e-07,350.0,0.000301
VIB/BTC,1607482792854,2020-12-09T02:59:52.854Z,sell,8.5e-07,5158.0,0.0043843
VIB/BTC,1607482872195,2020-12-09T03:01:12.195Z,buy,8.6e-07,132.0,0.00011352
VIB/BTC,1607482877119,2020-12-09T03:01:17.119Z,buy,8.6e-07,483.0,0.00041538
VIB/BTC,1607482877119,2020-12-09T03:01:17.119Z,buy,8.6e-07,1456.0,0.00125216
VIB/BTC,1607483408684,2020-12-09T03:10:08.684Z,sell,8.5e-07,2168.0,0.0018428
VIB/BTC,1607483408684,2020-12-09T03:10:08.684Z,sell,8.5e-07,2168.0,0.0018428
VIB/BTC,1607484491831,2020-12-09T03:28:11.831Z,buy,8.6e-07,657.0,0.00056502
VIB/BTC,1607485289200,2020-12-09T03:41:29.200Z,sell,8.5e-07,211.0,0.00017935
VIB/BTC,1607485289200,2020-12-09T03:41:29.200Z,sell,8.5e-07,211.0,0.00017935
VIB/BTC,1607489346718,2020-12-09T04:49:06.718Z,sell,8.5e-07,3783.0,0.00321555
VIB/BTC,1607489346718,2020-12-09T04:49:06.718Z,sell,8.5e-07,3783.0,0.00321555
VIB/BTC,1607489542698,2020-12-09T04:52:22.698Z,sell,8.5e-07,3000.0,0.00255
VIB/BTC,1607489748421,2020-12-09T04:55:48.421Z,buy,8.6e-07,1279.0,0.00109994
VIB/BTC,1607489771244,2020-12-09T04:56:11.244Z,sell,8.5e-07,963.0,0.00081855
VIB/BTC,1607489841894,2020-12-09T04:57:21.894Z,sell,8.5e-07,1237.0,0.00105145
VIB/BTC,1607490876361,2020-12-09T05:14:36.361Z,buy,8.6e-07,122810.0,0.1056166
VIB/BTC,1607491520818,2020-12-09T05:25:20.818Z,buy,8.6e-07,10281.0,0.00884166
VIB/BTC,1607491520818,2020-12-09T05:25:20.818Z,buy,8.7e-07,172332.0,0.14992884
VIB/BTC,1607491851248,2020-12-09T05:30:51.248Z,sell,8.7e-07,10526.0,0.00915762
VIB/BTC,1607492869770,2020-12-09T05:47:49.770Z,sell,8.7e-07,2432.0,0.00211584
VIB/BTC,1607492869770,2020-12-09T05:47:49.770Z,sell,8.7e-07,2432.0,0.00211584
VIB/BTC,1607494301968,2020-12-09T06:11:41.968Z,sell,8.7e-07,1615.0,0.00140505
VIB/BTC,1607494304469,2020-12-09T06:11:44.469Z,sell,8.7e-07,1510.0,0.0013137
VIB/BTC,1607494713705,2020-12-09T06:18:33.705Z,sell,8.7e-07,1741.0,0.00151467
VIB/BTC,1607495478670,2020-12-09T06:31:18.670Z,buy,8.8e-07,296.0,0.00026048
VIB/BTC,1607495577642,2020-12-09T06:32:57.642Z,buy,8.8e-07,1250.0,0.0011
VIB/BTC,1607495981204,2020-12-09T06:39:41.204Z,buy,8.8e-07,313.0,0.00027544
VIB/BTC,1607495981204,2020-12-09T06:39:41.204Z,buy,8.8e-07,313.0,0.00027544
VIB/BTC,1607496872393,2020-12-09T06:54:32.393Z,buy,8.8e-07,318.0,0.00027984
VIB/BTC,1607497118244,2020-12-09T06:58:38.244Z,buy,8.8e-07,21740.0,0.0191312
VIB/BTC,1607497261366,2020-12-09T07:01:01.366Z,buy,8.8e-07,23107.0,0.02033416
VIB/BTC,1607497261376,2020-12-09T07:01:01.376Z,sell,8.8e-07,11854.0,0.01043152
VIB/BTC,1607497261380,2020-12-09T07:01:01.380Z,sell,8.8e-07,1373.0,0.00120824
VIB/BTC,1607497261386,2020-12-09T07:01:01.386Z,sell,8.8e-07,2430.0,0.0021384
VIB/BTC,1607497261862,2020-12-09T07:01:01.862Z,sell,8.8e-07,3057.0,0.00269016
VIB/BTC,1607497268655,2020-12-09T07:01:08.655Z,sell,8.8e-07,4622.0,0.00406736
VIB/BTC,1607497275825,2020-12-09T07:01:15.825Z,sell,8.8e-07,5775.0,0.005082
VIB/BTC,1607497287376,2020-12-09T07:01:27.376Z,sell,8.8e-07,1250.0,0.0011
VIB/BTC,1607497296880,2020-12-09T07:01:36.880Z,sell,8.8e-07,206.0,0.00018128
VIB/BTC,1607497416283,2020-12-09T07:03:36.283Z,sell,8.8e-07,1554.0,0.00136752
VIB/BTC,1607497438746,2020-12-09T07:03:58.746Z,sell,8.8e-07,1180.0,0.0010384
VIB/BTC,1607497531251,2020-12-09T07:05:31.251Z,sell,8.8e-07,3194.0,0.00281072
VIB/BTC,1607497587601,2020-12-09T07:06:27.601Z,buy,8.9e-07,534.0,0.0004752599999999
VIB/BTC,1607497832078,2020-12-09T07:10:32.078Z,sell,8.8e-07,134100.0,0.118008
VIB/BTC,1607497835056,2020-12-09T07:10:35.056Z,sell,8.8e-07,10067.0,0.00885896
VIB/BTC,1607497861195,2020-12-09T07:11:01.195Z,sell,8.8e-07,4651.0,0.00409288
VIB/BTC,1607497869283,2020-12-09T07:11:09.283Z,sell,8.8e-07,4598.0,0.00404624
VIB/BTC,1607497882809,2020-12-09T07:11:22.809Z,sell,8.8e-07,7326.0,0.00644688
VIB/BTC,1607497902511,2020-12-09T07:11:42.511Z,sell,8.7e-07,918.0,0.00079866
VIB/BTC,1607497937888,2020-12-09T07:12:17.888Z,sell,8.7e-07,7377.0,0.00641799
VIB/BTC,1607497962725,2020-12-09T07:12:42.725Z,sell,8.7e-07,2358.0,0.00205146
VIB/BTC,1607498138735,2020-12-09T07:15:38.735Z,sell,8.7e-07,59668.0,0.05191116
VIB/BTC,1607498417547,2020-12-09T07:20:17.547Z,sell,8.7e-07,3316.0,0.00288492
VIB/BTC,1607498582110,2020-12-09T07:23:02.110Z,sell,8.7e-07,38112.0,0.03315744
VIB/BTC,1607498750147,2020-12-09T07:25:50.147Z,sell,8.7e-07,19615.0,0.01706505
VIB/BTC,1607498826447,2020-12-09T07:27:06.447Z,buy,8.7e-07,492.0,0.00042804
VIB/BTC,1607499219892,2020-12-09T07:33:39.892Z,buy,8.7e-07,1136.0,0.00098832
VIB/BTC,1607499226267,2020-12-09T07:33:46.267Z,sell,8.6e-07,1176.0,0.00101136
VIB/BTC,1607499226267,2020-12-09T07:33:46.267Z,sell,8.6e-07,1176.0,0.00101136
VIB/BTC,1607500065030,2020-12-09T07:47:45.030Z,sell,8.6e-07,3219.0,0.00276834
VIB/BTC,1607500389075,2020-12-09T07:53:09.075Z,sell,8.6e-07,1472.0,0.00126592
VIB/BTC,1607500603841,2020-12-09T07:56:43.841Z,sell,8.6e-07,35000.0,0.0301
VIB/BTC,1607502817825,2020-12-09T08:33:37.825Z,buy,8.7e-07,200.0,0.000174
VIB/BTC,1607502817825,2020-12-09T08:33:37.825Z,buy,8.7e-07,200.0,0.000174
VIB/BTC,1607502941457,2020-12-09T08:35:41.457Z,sell,8.6e-07,10010.0,0.0086086
VIB/BTC,1607502941457,2020-12-09T08:35:41.457Z,sell,8.5e-07,76102.0,0.0646867
VIB/BTC,1607502941868,2020-12-09T08:35:41.868Z,sell,8.6e-07,244.0,0.00020984
VIB/BTC,1607502941932,2020-12-09T08:35:41.932Z,sell,8.6e-07,1040.0,0.0008944
VIB/BTC,1607502942170,2020-12-09T08:35:42.170Z,sell,8.6e-07,4937.0,0.00424582
VIB/BTC,1607502942184,2020-12-09T08:35:42.184Z,buy,8.6e-07,6453.0,0.00554958
VIB/BTC,1607502942186,2020-12-09T08:35:42.186Z,buy,8.6e-07,2374.0,0.00204164
VIB/BTC,1607503007071,2020-12-09T08:36:47.071Z,buy,8.6e-07,2083.0,0.00179138
VIB/BTC,1607503060526,2020-12-09T08:37:40.526Z,sell,8.5e-07,27622.0,0.0234787
VIB/BTC,1607503060544,2020-12-09T08:37:40.544Z,buy,8.5e-07,4277.0,0.00363545
VIB/BTC,1607503060545,2020-12-09T08:37:40.545Z,buy,8.5e-07,3446.0,0.0029291
VIB/BTC,1607503061034,2020-12-09T08:37:41.034Z,buy,8.5e-07,7377.0,0.00627045
VIB/BTC,1607503061402,2020-12-09T08:37:41.402Z,buy,8.5e-07,252987.0,0.21503895
VIB/BTC,1607503061750,2020-12-09T08:37:41.750Z,sell,8.5e-07,24291.0,0.02064735
VIB/BTC,1607503062207,2020-12-09T08:37:42.207Z,buy,8.5e-07,2603.0,0.00221255
VIB/BTC,1607503063518,2020-12-09T08:37:43.518Z,buy,8.5e-07,1294.0,0.0010999
VIB/BTC,1607503064586,2020-12-09T08:37:44.586Z,buy,8.5e-07,2558.0,0.0021743
VIB/BTC,1607503065942,2020-12-09T08:37:45.942Z,buy,8.5e-07,1294.0,0.0010999
VIB/BTC,1607503075294,2020-12-09T08:37:55.294Z,buy,8.5e-07,209953.0,0.17846005
VIB/BTC,1607503077327,2020-12-09T08:37:57.327Z,buy,8.5e-07,4956.0,0.0042126
VIB/BTC,1607503099198,2020-12-09T08:38:19.198Z,sell,8.5e-07,131046.0,0.1113891
VIB/BTC,1607503099981,2020-12-09T08:38:19.981Z,buy,8.5e-07,293713.0,0.24965605
VIB/BTC,1607503100410,2020-12-09T08:38:20.410Z,sell,8.5e-07,6850.0,0.0058225
VIB/BTC,1607503129258,2020-12-09T08:38:49.258Z,sell,8.5e-07,51143.0,0.04347155
VIB/BTC,1607503130109,2020-12-09T08:38:50.109Z,buy,8.5e-07,397172.0,0.3375962
VIB/BTC,1607503130338,2020-12-09T08:38:50.338Z,sell,8.5e-07,39227.0,0.03334295
VIB/BTC,1607503155824,2020-12-09T08:39:15.824Z,buy,8.6e-07,349.0,0.00030014
VIB/BTC,1607503170664,2020-12-09T08:39:30.664Z,buy,8.6e-07,1000.0,0.00086
VIB/BTC,1607503351137,2020-12-09T08:42:31.137Z,buy,8.6e-07,1000.0,0.00086
VIB/BTC,1607503356724,2020-12-09T08:42:36.724Z,buy,8.6e-07,1000.0,0.00086
VIB/BTC,1607503368652,2020-12-09T08:42:48.652Z,buy,8.6e-07,1000.0,0.00086
VIB/BTC,1607503373554,2020-12-09T08:42:53.554Z,buy,8.6e-07,1000.0,0.00086
VIB/BTC,1607503516629,2020-12-09T08:45:16.629Z,sell,8.5e-07,50954.0,0.0433109
VIB/BTC,1607503516830,2020-12-09T08:45:16.830Z,sell,8.5e-07,9446.0,0.0080291
VIB/BTC,1607503782031,2020-12-09T08:49:42.031Z,buy,8.6e-07,37125.0,0.0319275
VIB/BTC,1607503791179,2020-12-09T08:49:51.179Z,buy,8.6e-07,1000.0,0.00086
VIB/BTC,1607503807146,2020-12-09T08:50:07.146Z,buy,8.6e-07,37123.0,0.03192578
VIB/BTC,1607503810141,2020-12-09T08:50:10.141Z,buy,8.6e-07,37123.0,0.03192578
VIB/BTC,1607503813144,2020-12-09T08:50:13.144Z,buy,8.6e-07,37123.0,0.03192578
VIB/BTC,1607504147790,2020-12-09T08:55:47.790Z,buy,8.6e-07,675353.0,0.58080358
VIB/BTC,1607504160029,2020-12-09T08:56:00.029Z,buy,8.6e-07,406338.0,0.34945068
VIB/BTC,1607504167940,2020-12-09T08:56:07.940Z,buy,8.6e-07,80894.0,0.06956884
VIB/BTC,1607504168021,2020-12-09T08:56:08.021Z,sell,8.6e-07,264902.0,0.22781572
VIB/BTC,1607504168577,2020-12-09T08:56:08.577Z,buy,8.6e-07,37093.0,0.03189998
VIB/BTC,1607504178210,2020-12-09T08:56:18.210Z,sell,8.6e-07,81395.0,0.0699997
VIB/BTC,1607504205086,2020-12-09T08:56:45.086Z,sell,8.6e-07,165377.0,0.14222422
VIB/BTC,1607504396445,2020-12-09T08:59:56.445Z,buy,8.7e-07,57816.0,0.05029992
VIB/BTC,1607504422079,2020-12-09T09:00:22.079Z,buy,8.7e-07,530003.0,0.46110261
VIB/BTC,1607504430630,2020-12-09T09:00:30.630Z,buy,8.7e-07,453863.0,0.39486081
VIB/BTC,1607504435996,2020-12-09T09:00:35.996Z,buy,8.7e-07,79733.0,0.06936771
VIB/BTC,1607504443393,2020-12-09T09:00:43.393Z,buy,8.7e-07,349597.0,0.30414939
VIB/BTC,1607504449777,2020-12-09T09:00:49.777Z,buy,8.7e-07,225663.0,0.19632681
VIB/BTC,1607504450530,2020-12-09T09:00:50.530Z,buy,8.7e-07,50571.0,0.04399677
VIB/BTC,1607504450714,2020-12-09T09:00:50.714Z,sell,8.7e-07,5955.0,0.00518085
VIB/BTC,1607504452210,2020-12-09T09:00:52.210Z,sell,8.7e-07,1507.0,0.00131109
VIB/BTC,1607504452417,2020-12-09T09:00:52.417Z,sell,8.7e-07,1264.0,0.00109968
VIB/BTC,1607504460544,2020-12-09T09:01:00.544Z,sell,8.7e-07,1249.0,0.00108663
VIB/BTC,1607504460816,2020-12-09T09:01:00.816Z,sell,8.7e-07,117.0,0.00010179
VIB/BTC,1607504468252,2020-12-09T09:01:08.252Z,sell,8.7e-07,203396.0,0.17695452
VIB/BTC,1607504469076,2020-12-09T09:01:09.076Z,buy,8.7e-07,227286.0,0.19773882
VIB/BTC,1607504469393,2020-12-09T09:01:09.393Z,sell,8.7e-07,89616.0,0.07796592
VIB/BTC,1607504485233,2020-12-09T09:01:25.233Z,sell,8.7e-07,27953.0,0.02431911
VIB/BTC,1607504492228,2020-12-09T09:01:32.228Z,sell,8.7e-07,13977.0,0.01215999
VIB/BTC,1607504499089,2020-12-09T09:01:39.089Z,sell,8.7e-07,20965.0,0.01823955
VIB/BTC,1607504509295,2020-12-09T09:01:49.295Z,buy,8.8e-07,170.0,0.0001496
VIB/BTC,1607504511626,2020-12-09T09:01:51.626Z,sell,8.7e-07,1514.0,0.00131718
VIB/BTC,1607504549279,2020-12-09T09:02:29.279Z,sell,8.7e-07,2241.0,0.00194967
VIB/BTC,1607504568567,2020-12-09T09:02:48.567Z,sell,8.7e-07,4651.0,0.00404637
VIB/BTC,1607505103408,2020-12-09T09:11:43.408Z,sell,8.7e-07,60792.0,0.05288904
VIB/BTC,1607505389831,2020-12-09T09:16:29.831Z,sell,8.7e-07,134351.0,0.11688537
VIB/BTC,1607505709403,2020-12-09T09:21:49.403Z,sell,8.7e-07,23805.0,0.02071035
VIB/BTC,1607505995922,2020-12-09T09:26:35.922Z,buy,8.8e-07,50154.0,0.04413552
VIB/BTC,1607506005859,2020-12-09T09:26:45.859Z,buy,8.8e-07,51864.0,0.04564032
VIB/BTC,1607506017121,2020-12-09T09:26:57.121Z,buy,8.8e-07,22964.0,0.02020832
VIB/BTC,1607506021397,2020-12-09T09:27:01.397Z,buy,8.8e-07,22059.0,0.01941192
VIB/BTC,1607506021673,2020-12-09T09:27:01.673Z,sell,8.8e-07,115.0,0.0001012
VIB/BTC,1607506022569,2020-12-09T09:27:02.569Z,sell,8.8e-07,4388.0,0.00386144
VIB/BTC,1607506022586,2020-12-09T09:27:02.586Z,sell,8.8e-07,10534.0,0.00926992
VIB/BTC,1607506029395,2020-12-09T09:27:09.395Z,sell,8.8e-07,794.0,0.00069872
VIB/BTC,1607506029630,2020-12-09T09:27:09.630Z,sell,8.8e-07,1496.0,0.00131648
VIB/BTC,1607506035500,2020-12-09T09:27:15.500Z,sell,8.8e-07,2255.0,0.0019844
VIB/BTC,1607506055091,2020-12-09T09:27:35.091Z,buy,8.8e-07,590948.0,0.52003424
VIB/BTC,1607506063094,2020-12-09T09:27:43.094Z,buy,8.8e-07,313713.0,0.27606744
VIB/BTC,1607506068973,2020-12-09T09:27:48.973Z,buy,8.8e-07,255348.0,0.22470624
VIB/BTC,1607506163844,2020-12-09T09:29:23.844Z,buy,8.8e-07,313713.0,0.27606744
VIB/BTC,1607506171202,2020-12-09T09:29:31.202Z,buy,8.8e-07,207224.0,0.18235712
VIB/BTC,1607506179805,2020-12-09T09:29:39.805Z,buy,8.8e-07,174891.0,0.15390408
VIB/BTC,1607506184875,2020-12-09T09:29:44.875Z,buy,8.8e-07,106330.0,0.0935704
VIB/BTC,1607506197301,2020-12-09T09:29:57.301Z,buy,8.8e-07,69536.0,0.06119168
VIB/BTC,1607506204253,2020-12-09T09:30:04.253Z,buy,8.8e-07,629565.0,0.5540172
VIB/BTC,1607506216545,2020-12-09T09:30:16.545Z,buy,8.8e-07,18624.0,0.01638912
VIB/BTC,1607506219795,2020-12-09T09:30:19.795Z,buy,8.8e-07,225935.0,0.1988228
VIB/BTC,1607506224853,2020-12-09T09:30:24.853Z,buy,8.8e-07,139702.0,0.12293776
VIB/BTC,1607506278773,2020-12-09T09:31:18.773Z,buy,8.8e-07,545858.0,0.48035504
VIB/BTC,1607506293991,2020-12-09T09:31:33.991Z,buy,8.8e-07,426461.0,0.37528568
VIB/BTC,1607506297481,2020-12-09T09:31:37.481Z,buy,8.8e-07,60945.0,0.0536316
VIB/BTC,1607506299461,2020-12-09T09:31:39.461Z,buy,8.8e-07,28129.0,0.02475352
VIB/BTC,1607506303617,2020-12-09T09:31:43.617Z,buy,8.8e-07,14064.0,0.01237632
VIB/BTC,1607506359150,2020-12-09T09:32:39.150Z,sell,8.7e-07,79530.0,0.0691911
VIB/BTC,1607506359150,2020-12-09T09:32:39.150Z,sell,8.7e-07,79530.0,0.0691911
VIB/BTC,1607506424224,2020-12-09T09:33:44.224Z,buy,8.8e-07,89825.0,0.079046
VIB/BTC,1607506446720,2020-12-09T09:34:06.720Z,sell,8.7e-07,48593.0,0.04227591
VIB/BTC,1607506446734,2020-12-09T09:34:06.734Z,buy,8.7e-07,7948.0,0.00691476
VIB/BTC,1607506549265,2020-12-09T09:35:49.265Z,sell,8.7e-07,5000.0,0.00435
VIB/BTC,1607506582027,2020-12-09T09:36:22.027Z,buy,8.7e-07,499.0,0.00043413
VIB/BTC,1607506924565,2020-12-09T09:42:04.565Z,buy,8.7e-07,207.0,0.00018009
VIB/BTC,1607507149528,2020-12-09T09:45:49.528Z,buy,8.7e-07,524.0,0.00045588
VIB/BTC,1607507153749,2020-12-09T09:45:53.749Z,buy,8.7e-07,330.0,0.0002871
VIB/BTC,1607507156661,2020-12-09T09:45:56.661Z,buy,8.7e-07,147.0,0.00012789
VIB/BTC,1607507161426,2020-12-09T09:46:01.426Z,buy,8.7e-07,427.0,0.00037149
VIB/BTC,1607507165938,2020-12-09T09:46:05.938Z,buy,8.7e-07,250.0,0.0002175
VIB/BTC,1607507168877,2020-12-09T09:46:08.877Z,buy,8.7e-07,551.0,0.00047937
VIB/BTC,1607507173075,2020-12-09T09:46:13.075Z,buy,8.7e-07,753.0,0.00065511
VIB/BTC,1607507177152,2020-12-09T09:46:17.152Z,buy,8.7e-07,400.0,0.000348
VIB/BTC,1607507182897,2020-12-09T09:46:22.897Z,buy,8.7e-07,735.0,0.00063945
VIB/BTC,1607507187108,2020-12-09T09:46:27.108Z,buy,8.7e-07,200.0,0.000174
VIB/BTC,1607507453354,2020-12-09T09:50:53.354Z,buy,8.7e-07,2510.0,0.0021837
VIB/BTC,1607507748729,2020-12-09T09:55:48.729Z,buy,8.7e-07,18573.0,0.01615851
VIB/BTC,1607507749949,2020-12-09T09:55:49.949Z,buy,8.7e-07,19355.0,0.01683885
VIB/BTC,1607507778943,2020-12-09T09:56:18.943Z,buy,8.7e-07,302.0,0.00026274
VIB/BTC,1607507780959,2020-12-09T09:56:20.959Z,buy,8.7e-07,32899.0,0.02862213
VIB/BTC,1607507781359,2020-12-09T09:56:21.359Z,buy,8.7e-07,26375.0,0.02294625
VIB/BTC,1607507913171,2020-12-09T09:58:33.171Z,buy,8.7e-07,28035.0,0.02439045
VIB/BTC,1607508061708,2020-12-09T10:01:01.708Z,buy,8.7e-07,411.0,0.00035757
VIB/BTC,1607508061807,2020-12-09T10:01:01.807Z,buy,8.7e-07,479.0,0.00041673
VIB/BTC,1607508061897,2020-12-09T10:01:01.897Z,buy,8.7e-07,408.0,0.00035496
VIB/BTC,1607508063211,2020-12-09T10:01:03.211Z,buy,8.7e-07,398.0,0.00034626
VIB/BTC,1607508063320,2020-12-09T10:01:03.320Z,buy,8.7e-07,313.0,0.00027231
VIB/BTC,1607508117991,2020-12-09T10:01:57.991Z,buy,8.7e-07,24208.0,0.02106096
VIB/BTC,1607508386597,2020-12-09T10:06:26.597Z,sell,8.7e-07,176.0,0.00015312
VIB/BTC,1607508386597,2020-12-09T10:06:26.597Z,sell,8.7e-07,176.0,0.00015312
VIB/BTC,1607511710656,2020-12-09T11:01:50.656Z,sell,8.7e-07,16869.0,0.01467603
VIB/BTC,1607511710656,2020-12-09T11:01:50.656Z,sell,8.7e-07,16869.0,0.01467603
VIB/BTC,1607512493891,2020-12-09T11:14:53.891Z,buy,8.8e-07,4500.0,0.00396
VIB/BTC,1607513818679,2020-12-09T11:36:58.679Z,buy,8.8e-07,967.0,0.00085096
VIB/BTC,1607513923784,2020-12-09T11:38:43.784Z,buy,8.8e-07,967.0,0.00085096
VIB/BTC,1607513923784,2020-12-09T11:38:43.784Z,buy,8.8e-07,967.0,0.00085096
VIB/BTC,1607515695526,2020-12-09T12:08:15.526Z,sell,8.7e-07,1347.0,0.00117189
VIB/BTC,1607515885847,2020-12-09T12:11:25.847Z,buy,8.8e-07,495.0,0.0004356
VIB/BTC,1607516014781,2020-12-09T12:13:34.781Z,buy,8.8e-07,16222.0,0.01427536
VIB/BTC,1607516123552,2020-12-09T12:15:23.552Z,buy,8.8e-07,19508.0,0.01716704
VIB/BTC,1607516151024,2020-12-09T12:15:51.024Z,sell,8.7e-07,7534.0,0.00655458
VIB/BTC,1607516165852,2020-12-09T12:16:05.852Z,buy,8.8e-07,5629.0,0.00495352
VIB/BTC,1607516227134,2020-12-09T12:17:07.134Z,buy,8.8e-07,1856.0,0.00163328
VIB/BTC,1607516228106,2020-12-09T12:17:08.106Z,buy,8.8e-07,534.0,0.00046992
VIB/BTC,1607516298855,2020-12-09T12:18:18.855Z,buy,8.8e-07,18243.0,0.01605384
VIB/BTC,1607516339336,2020-12-09T12:18:59.336Z,buy,8.8e-07,36481.0,0.03210328
VIB/BTC,1607516379830,2020-12-09T12:19:39.830Z,buy,8.8e-07,3373.0,0.00296824
VIB/BTC,1607517398218,2020-12-09T12:36:38.218Z,buy,8.8e-07,137.0,0.00012056
VIB/BTC,1607517398218,2020-12-09T12:36:38.218Z,buy,8.8e-07,137.0,0.00012056
VIB/BTC,1607519216126,2020-12-09T13:06:56.126Z,buy,8.8e-07,742.0,0.00065296
VIB/BTC,1607520673053,2020-12-09T13:31:13.053Z,sell,8.7e-07,122.0,0.00010614
VIB/BTC,1607520673053,2020-12-09T13:31:13.053Z,sell,8.7e-07,122.0,0.00010614
VIB/BTC,1607521374528,2020-12-09T13:42:54.528Z,sell,8.7e-07,121.0,0.00010527
VIB/BTC,1607522524667,2020-12-09T14:02:04.667Z,sell,8.7e-07,207.0,0.00018009
VIB/BTC,1607522524667,2020-12-09T14:02:04.667Z,sell,8.7e-07,207.0,0.00018009
VIB/BTC,1607524414278,2020-12-09T14:33:34.278Z,buy,8.8e-07,84941.0,0.07474808
VIB/BTC,1607524534661,2020-12-09T14:35:34.661Z,buy,8.9e-07,179775.0,0.15999975
VIB/BTC,1607524587438,2020-12-09T14:36:27.438Z,sell,8.8e-07,129.0,0.00011352
VIB/BTC,1607524662871,2020-12-09T14:37:42.871Z,buy,8.9e-07,875.0,0.0007787499999999
VIB/BTC,1607525358273,2020-12-09T14:49:18.273Z,buy,8.9e-07,4500.0,0.004005
VIB/BTC,1607525361949,2020-12-09T14:49:21.949Z,buy,9e-07,875.0,0.0007875
VIB/BTC,1607525652811,2020-12-09T14:54:12.811Z,sell,8.9e-07,11236.0,0.01000004
VIB/BTC,1607525659917,2020-12-09T14:54:19.917Z,buy,9e-07,785.0,0.0007065
VIB/BTC,1607525856023,2020-12-09T14:57:36.023Z,buy,8.9e-07,3432.0,0.00305448
VIB/BTC,1607525856023,2020-12-09T14:57:36.023Z,buy,9e-07,218790.0,0.196911
VIB/BTC,1607525856319,2020-12-09T14:57:36.319Z,sell,8.9e-07,10048.0,0.00894272
VIB/BTC,1607525856448,2020-12-09T14:57:36.448Z,sell,8.9e-07,1335.0,0.00118815
VIB/BTC,1607525860931,2020-12-09T14:57:40.931Z,sell,8.9e-07,1111.0,0.00098879
VIB/BTC,1607525863308,2020-12-09T14:57:43.308Z,buy,9e-07,457.0,0.0004112999999999
VIB/BTC,1607525896873,2020-12-09T14:58:16.873Z,sell,8.9e-07,1339.0,0.00119171
VIB/BTC,1607525947889,2020-12-09T14:59:07.889Z,sell,8.9e-07,113.0,0.00010057
VIB/BTC,1607526034984,2020-12-09T15:00:34.984Z,buy,9e-07,587.0,0.0005283
VIB/BTC,1607526091488,2020-12-09T15:01:31.488Z,sell,8.9e-07,2887.0,0.0025694299999999
VIB/BTC,1607526091661,2020-12-09T15:01:31.661Z,sell,8.9e-07,28001.0,0.0249208899999999
VIB/BTC,1607526094710,2020-12-09T15:01:34.710Z,sell,8.9e-07,2787.0,0.00248043
VIB/BTC,1607526097466,2020-12-09T15:01:37.466Z,sell,8.9e-07,3984.0,0.00354576
VIB/BTC,1607526098382,2020-12-09T15:01:38.382Z,sell,8.9e-07,10974.0,0.0097668599999999
VIB/BTC,1607526098613,2020-12-09T15:01:38.613Z,sell,8.9e-07,2787.0,0.00248043
VIB/BTC,1607526102836,2020-12-09T15:01:42.836Z,sell,8.9e-07,2787.0,0.00248043
VIB/BTC,1607526105251,2020-12-09T15:01:45.251Z,buy,9e-07,587.0,0.0005283
VIB/BTC,1607526106795,2020-12-09T15:01:46.795Z,sell,8.9e-07,2787.0,0.00248043
VIB/BTC,1607526110836,2020-12-09T15:01:50.836Z,sell,8.9e-07,3505.0,0.0031194499999999
VIB/BTC,1607526110948,2020-12-09T15:01:50.948Z,sell,8.9e-07,390.0,0.0003471
VIB/BTC,1607526111462,2020-12-09T15:01:51.462Z,buy,8.9e-07,780.0,0.0006942
VIB/BTC,1607526114698,2020-12-09T15:01:54.698Z,sell,8.9e-07,2773.0,0.00246797
VIB/BTC,1607526117656,2020-12-09T15:01:57.656Z,sell,8.9e-07,10312.0,0.0091776799999999
VIB/BTC,1607526117656,2020-12-09T15:01:57.656Z,sell,8.9e-07,10312.0,0.0091776799999999
VIB/BTC,1607526134586,2020-12-09T15:02:14.586Z,sell,8.9e-07,459.0,0.0004085099999999
VIB/BTC,1607526149911,2020-12-09T15:02:29.911Z,sell,8.9e-07,80.0,7.12e-05
VIB/BTC,1607526158991,2020-12-09T15:02:38.991Z,sell,8.8e-07,142.0,0.00012496
VIB/BTC,1607526172071,2020-12-09T15:02:52.071Z,buy,9e-07,587.0,0.0005283
VIB/BTC,1607526201116,2020-12-09T15:03:21.116Z,sell,8.8e-07,3458.0,0.00304304
VIB/BTC,1607526207839,2020-12-09T15:03:27.839Z,sell,8.8e-07,113.0,9.944e-05
VIB/BTC,1607526229197,2020-12-09T15:03:49.197Z,buy,8.9e-07,234.0,0.00020826
VIB/BTC,1607526239290,2020-12-09T15:03:59.290Z,buy,8.9e-07,223.0,0.00019847
VIB/BTC,1607526414332,2020-12-09T15:06:54.332Z,buy,8.9e-07,2594.0,0.0023086599999999
VIB/BTC,1607527561091,2020-12-09T15:26:01.091Z,buy,8.9e-07,612.0,0.00054468
VIB/BTC,1607527652506,2020-12-09T15:27:32.506Z,buy,8.9e-07,11235.0,0.00999915
VIB/BTC,1607528961845,2020-12-09T15:49:21.845Z,buy,8.9e-07,49710.0,0.0442419
VIB/BTC,1607528961857,2020-12-09T15:49:21.857Z,sell,8.9e-07,3001.0,0.00267089
VIB/BTC,1607529472431,2020-12-09T15:57:52.431Z,sell,8.9e-07,18886.0,0.01680854
VIB/BTC,1607529489895,2020-12-09T15:58:09.895Z,sell,8.9e-07,13815.0,0.01229535
VIB/BTC,1607529489895,2020-12-09T15:58:09.895Z,sell,8.9e-07,13815.0,0.01229535
VIB/BTC,1607530004742,2020-12-09T16:06:44.742Z,buy,8.9e-07,3918.0,0.00348702
VIB/BTC,1607530507080,2020-12-09T16:15:07.080Z,buy,8.9e-07,96555.0,0.08593395
VIB/BTC,1607530507080,2020-12-09T16:15:07.080Z,buy,9e-07,15805.0,0.0142245
VIB/BTC,1607530627856,2020-12-09T16:17:07.856Z,buy,9e-07,3300.0,0.00297
VIB/BTC,1607530710300,2020-12-09T16:18:30.300Z,buy,9e-07,2888.0,0.0025992
VIB/BTC,1607530871477,2020-12-09T16:21:11.477Z,buy,9e-07,134.0,0.0001205999999999
VIB/BTC,1607530938082,2020-12-09T16:22:18.082Z,sell,8.9e-07,3300.0,0.002937
VIB/BTC,1607531474790,2020-12-09T16:31:14.790Z,buy,9e-07,5187.0,0.0046682999999999
VIB/BTC,1607531844678,2020-12-09T16:37:24.678Z,buy,9e-07,4060.0,0.0036539999999999
VIB/BTC,1607532000459,2020-12-09T16:40:00.459Z,buy,9e-07,4304.0,0.0038735999999999
VIB/BTC,1607532004761,2020-12-09T16:40:04.761Z,buy,9.1e-07,488.0,0.0004440799999999
VIB/BTC,1607532388413,2020-12-09T16:46:28.413Z,buy,9.1e-07,118855.0,0.1081580499999999
VIB/BTC,1607532388413,2020-12-09T16:46:28.413Z,buy,9.2e-07,160129.0,0.14731868
VIB/BTC,1607532388427,2020-12-09T16:46:28.427Z,sell,9.2e-07,1016.0,0.00093472
VIB/BTC,1607532391047,2020-12-09T16:46:31.047Z,buy,9.2e-07,131.0,0.0001205199999999
VIB/BTC,1607532391331,2020-12-09T16:46:31.331Z,sell,9.1e-07,400.0,0.000364
VIB/BTC,1607532391800,2020-12-09T16:46:31.800Z,sell,9.1e-07,350.0,0.0003185
VIB/BTC,1607532392257,2020-12-09T16:46:32.257Z,sell,9.1e-07,350.0,0.0003185
VIB/BTC,1607532392551,2020-12-09T16:46:32.551Z,sell,9.1e-07,2767.0,0.00251797
VIB/BTC,1607532393649,2020-12-09T16:46:33.649Z,sell,9.1e-07,2775.0,0.0025252499999999
VIB/BTC,1607532395652,2020-12-09T16:46:35.652Z,buy,9.2e-07,10412.0,0.00957904
VIB/BTC,1607532396892,2020-12-09T16:46:36.892Z,sell,9.1e-07,400.0,0.000364
VIB/BTC,1607532397360,2020-12-09T16:46:37.360Z,sell,9.1e-07,400.0,0.000364
VIB/BTC,1607532400123,2020-12-09T16:46:40.123Z,buy,9.3e-07,489.0,0.00045477
VIB/BTC,1607532412742,2020-12-09T16:46:52.742Z,buy,9.2e-07,6955.0,0.0063986
VIB/BTC,1607532414744,2020-12-09T16:46:54.744Z,sell,9.2e-07,3282.0,0.00301944
VIB/BTC,1607532417108,2020-12-09T16:46:57.108Z,sell,9.2e-07,934.0,0.00085928
VIB/BTC,1607532439258,2020-12-09T16:47:19.258Z,sell,9.2e-07,1832.0,0.0016854399999999
VIB/BTC,1607532533197,2020-12-09T16:48:53.197Z,buy,9.2e-07,4601.0,0.00423292
VIB/BTC,1607532550090,2020-12-09T16:49:10.090Z,sell,9.2e-07,1267.0,0.00116564
VIB/BTC,1607532567916,2020-12-09T16:49:27.916Z,buy,9.3e-07,47833.0,0.04448469
VIB/BTC,1607532569110,2020-12-09T16:49:29.110Z,sell,9.2e-07,9469.0,0.00871148
VIB/BTC,1607532570838,2020-12-09T16:49:30.838Z,buy,9.3e-07,130.0,0.0001209
VIB/BTC,1607532571562,2020-12-09T16:49:31.562Z,buy,9.3e-07,899.0,0.00083607
VIB/BTC,1607532580269,2020-12-09T16:49:40.269Z,sell,9.3e-07,130.0,0.0001209
VIB/BTC,1607532580269,2020-12-09T16:49:40.269Z,sell,9.2e-07,9780.0,0.0089976
VIB/BTC,1607532588307,2020-12-09T16:49:48.307Z,buy,9.3e-07,10238.0,0.00952134
VIB/BTC,1607532588784,2020-12-09T16:49:48.784Z,sell,9.3e-07,123.0,0.00011439
VIB/BTC,1607532597074,2020-12-09T16:49:57.074Z,sell,9.3e-07,4494.0,0.00417942
VIB/BTC,1607532607940,2020-12-09T16:50:07.940Z,sell,9.3e-07,110.0,0.0001022999999999
VIB/BTC,1607532663665,2020-12-09T16:51:03.665Z,sell,9.3e-07,1035.0,0.00096255
VIB/BTC,1607532668505,2020-12-09T16:51:08.505Z,buy,9.4e-07,1965.0,0.0018471
VIB/BTC,1607532674202,2020-12-09T16:51:14.202Z,buy,9.4e-07,13201.0,0.01240894
VIB/BTC,1607532687144,2020-12-09T16:51:27.144Z,sell,9.3e-07,703.0,0.00065379
VIB/BTC,1607532816037,2020-12-09T16:53:36.037Z,sell,9.3e-07,893.0,0.00083049
VIB/BTC,1607532816050,2020-12-09T16:53:36.050Z,sell,9.3e-07,290.0,0.0002697
VIB/BTC,1607532823638,2020-12-09T16:53:43.638Z,sell,9.3e-07,939.0,0.00087327
VIB/BTC,1607532908382,2020-12-09T16:55:08.382Z,sell,9.3e-07,109.0,0.00010137
VIB/BTC,1607532979664,2020-12-09T16:56:19.664Z,sell,9.3e-07,1440.0,0.0013392
VIB/BTC,1607533004385,2020-12-09T16:56:44.385Z,sell,9.3e-07,1513.0,0.00140709
VIB/BTC,1607533033433,2020-12-09T16:57:13.433Z,sell,9.3e-07,43108.0,0.04009044
VIB/BTC,1607533043360,2020-12-09T16:57:23.360Z,buy,9.3e-07,26536.0,0.02467848
VIB/BTC,1607533070751,2020-12-09T16:57:50.751Z,buy,9.3e-07,9239.0,0.0085922699999999
VIB/BTC,1607533070751,2020-12-09T16:57:50.751Z,buy,9.3e-07,9239.0,0.0085922699999999
VIB/BTC,1607533126017,2020-12-09T16:58:46.017Z,sell,9.3e-07,4301.0,0.00399993
VIB/BTC,1607533126017,2020-12-09T16:58:46.017Z,sell,9.2e-07,21886.0,0.02013512
VIB/BTC,1607533131653,2020-12-09T16:58:51.653Z,sell,9.2e-07,1250.0,0.00115
VIB/BTC,1607533168239,2020-12-09T16:59:28.239Z,buy,9.3e-07,2084.0,0.00193812
VIB/BTC,1607533172477,2020-12-09T16:59:32.477Z,buy,9.4e-07,128.0,0.00012032
VIB/BTC,1607533207941,2020-12-09T17:00:07.941Z,buy,9.4e-07,1894.0,0.00178036
VIB/BTC,1607533371329,2020-12-09T17:02:51.329Z,sell,9.3e-07,324.0,0.00030132
VIB/BTC,1607533416229,2020-12-09T17:03:36.229Z,buy,9.4e-07,486.0,0.00045684
VIB/BTC,1607533420277,2020-12-09T17:03:40.277Z,buy,9.4e-07,206.0,0.00019364
VIB/BTC,1607533489334,2020-12-09T17:04:49.334Z,sell,9.3e-07,5934.0,0.00551862
VIB/BTC,1607533489791,2020-12-09T17:04:49.791Z,sell,9.3e-07,4014.0,0.00373302
VIB/BTC,1607533490778,2020-12-09T17:04:50.778Z,sell,9.3e-07,1715.0,0.00159495
VIB/BTC,1607534042806,2020-12-09T17:14:02.806Z,sell,9.3e-07,10000.0,0.0093
VIB/BTC,1607534281013,2020-12-09T17:18:01.013Z,sell,9.3e-07,1894.0,0.00176142
VIB/BTC,1607534311983,2020-12-09T17:18:31.983Z,sell,9.3e-07,314.0,0.00029202
VIB/BTC,1607534459259,2020-12-09T17:20:59.259Z,sell,9.3e-07,395.0,0.00036735
VIB/BTC,1607534542638,2020-12-09T17:22:22.638Z,sell,9.3e-07,2033.0,0.00189069
VIB/BTC,1607534552232,2020-12-09T17:22:32.232Z,sell,9.3e-07,206.0,0.00019158
VIB/BTC,1607534588061,2020-12-09T17:23:08.061Z,sell,9.3e-07,118618.0,0.11031474
VIB/BTC,1607534606141,2020-12-09T17:23:26.141Z,buy,9.3e-07,1063.0,0.00098859
VIB/BTC,1607534609266,2020-12-09T17:23:29.266Z,buy,9.3e-07,4658.0,0.00433194
VIB/BTC,1607534622693,2020-12-09T17:23:42.693Z,buy,9.3e-07,1063.0,0.00098859
VIB/BTC,1607534993770,2020-12-09T17:29:53.770Z,sell,9.2e-07,1126.0,0.00103592
VIB/BTC,1607535237676,2020-12-09T17:33:57.676Z,sell,9.2e-07,1609.0,0.00148028
VIB/BTC,1607535861779,2020-12-09T17:44:21.779Z,sell,9.2e-07,42557.0,0.03915244
VIB/BTC,1607535862558,2020-12-09T17:44:22.558Z,sell,9.2e-07,1181.0,0.0010865199999999
VIB/BTC,1607535903302,2020-12-09T17:45:03.302Z,buy,9.3e-07,35000.0,0.03255
VIB/BTC,1607535940735,2020-12-09T17:45:40.735Z,buy,9.3e-07,216.0,0.00020088
VIB/BTC,1607536174319,2020-12-09T17:49:34.319Z,sell,9.2e-07,10000.0,0.0092
VIB/BTC,1607536475188,2020-12-09T17:54:35.188Z,sell,9.2e-07,700.0,0.0006439999999999
VIB/BTC,1607536537724,2020-12-09T17:55:37.724Z,buy,9.3e-07,3044.0,0.00283092
VIB/BTC,1607536569979,2020-12-09T17:56:09.979Z,sell,9.2e-07,324.0,0.00029808
VIB/BTC,1607536569979,2020-12-09T17:56:09.979Z,sell,9.2e-07,324.0,0.00029808
VIB/BTC,1607537192626,2020-12-09T18:06:32.626Z,buy,9.3e-07,195.0,0.00018135
VIB/BTC,1607537577063,2020-12-09T18:12:57.063Z,sell,9.2e-07,10318.0,0.00949256
VIB/BTC,1607537866966,2020-12-09T18:17:46.966Z,buy,9.3e-07,430.0,0.0003999
VIB/BTC,1607538422006,2020-12-09T18:27:02.006Z,buy,9.3e-07,3270.0,0.0030411
VIB/BTC,1607538676271,2020-12-09T18:31:16.271Z,buy,9.3e-07,9984.0,0.00928512
VIB/BTC,1607538710707,2020-12-09T18:31:50.707Z,sell,9.3e-07,16.0,1.488e-05
VIB/BTC,1607538732201,2020-12-09T18:32:12.201Z,buy,9.3e-07,4332.0,0.00402876
VIB/BTC,1607538738894,2020-12-09T18:32:18.894Z,sell,9.3e-07,523.0,0.00048639
VIB/BTC,1607538958014,2020-12-09T18:35:58.014Z,sell,9.3e-07,118.0,0.00010974
VIB/BTC,1607539634269,2020-12-09T18:47:14.269Z,sell,9.3e-07,27.0,2.511e-05
VIB/BTC,1607539634269,2020-12-09T18:47:14.269Z,sell,9.2e-07,2115.0,0.0019458
VIB/BTC,1607539718975,2020-12-09T18:48:38.975Z,buy,9.3e-07,1284.0,0.00119412
VIB/BTC,1607539900739,2020-12-09T18:51:40.739Z,sell,9.3e-07,349.0,0.00032457
VIB/BTC,1607539900739,2020-12-09T18:51:40.739Z,sell,9.3e-07,349.0,0.00032457
VIB/BTC,1607540350106,2020-12-09T18:59:10.106Z,sell,9.3e-07,5876.0,0.0054646799999999
VIB/BTC,1607540631064,2020-12-09T19:03:51.064Z,buy,9.3e-07,10286.0,0.00956598
VIB/BTC,1607540845019,2020-12-09T19:07:25.019Z,sell,9.2e-07,2011.0,0.00185012
VIB/BTC,1607541016539,2020-12-09T19:10:16.539Z,buy,9.3e-07,4961.0,0.00461373
VIB/BTC,1607541061512,2020-12-09T19:11:01.512Z,buy,9.3e-07,34539.0,0.03212127
VIB/BTC,1607541667724,2020-12-09T19:21:07.724Z,buy,9.4e-07,583.0,0.00054802
VIB/BTC,1607541968800,2020-12-09T19:26:08.800Z,sell,9.3e-07,461.0,0.00042873
VIB/BTC,1607542428259,2020-12-09T19:33:48.259Z,sell,9.2e-07,2220.0,0.0020423999999999
VIB/BTC,1607542703110,2020-12-09T19:38:23.110Z,buy,9.3e-07,293.0,0.00027249
VIB/BTC,1607543084958,2020-12-09T19:44:44.958Z,buy,9.3e-07,2873.0,0.00267189
VIB/BTC,1607543150533,2020-12-09T19:45:50.533Z,buy,9.3e-07,1488.0,0.00138384
VIB/BTC,1607543152953,2020-12-09T19:45:52.953Z,buy,9.4e-07,345.0,0.0003243
VIB/BTC,1607543217819,2020-12-09T19:46:57.819Z,buy,9.3e-07,3485.0,0.00324105
VIB/BTC,1607543252927,2020-12-09T19:47:32.927Z,buy,9.3e-07,3495.0,0.00325035
VIB/BTC,1607543252927,2020-12-09T19:47:32.927Z,buy,9.3e-07,3495.0,0.00325035
VIB/BTC,1607543990027,2020-12-09T19:59:50.027Z,buy,9.4e-07,5000.0,0.0047
VIB/BTC,1607544021061,2020-12-09T20:00:21.061Z,buy,9.4e-07,90073.0,0.08466862
VIB/BTC,1607544023830,2020-12-09T20:00:23.830Z,buy,9.5e-07,127.0,0.00012065
VIB/BTC,1607544026757,2020-12-09T20:00:26.757Z,sell,9.4e-07,1414.0,0.00132916
VIB/BTC,1607544029244,2020-12-09T20:00:29.244Z,sell,9.4e-07,905.0,0.0008507
VIB/BTC,1607544144203,2020-12-09T20:02:24.203Z,buy,9.5e-07,2914.0,0.0027683
VIB/BTC,1607544268572,2020-12-09T20:04:28.572Z,sell,9.4e-07,659.0,0.00061946
VIB/BTC,1607544292982,2020-12-09T20:04:52.982Z,sell,9.4e-07,5550.0,0.005217
VIB/BTC,1607544292986,2020-12-09T20:04:52.986Z,sell,9.4e-07,2220.0,0.0020868
VIB/BTC,1607544293000,2020-12-09T20:04:53.000Z,sell,9.4e-07,2754.0,0.00258876
VIB/BTC,1607544293000,2020-12-09T20:04:53.000Z,sell,9.3e-07,7235.0,0.00672855
VIB/BTC,1607544293004,2020-12-09T20:04:53.004Z,sell,9.3e-07,2220.0,0.0020645999999999
VIB/BTC,1607544715464,2020-12-09T20:11:55.464Z,sell,9.3e-07,1400.0,0.001302
VIB/BTC,1607544716503,2020-12-09T20:11:56.503Z,sell,9.3e-07,1075.0,0.00099975
VIB/BTC,1607544743826,2020-12-09T20:12:23.826Z,buy,9.4e-07,1052.0,0.00098888
VIB/BTC,1607544745644,2020-12-09T20:12:25.644Z,buy,9.4e-07,1052.0,0.00098888
VIB/BTC,1607544747490,2020-12-09T20:12:27.490Z,buy,9.4e-07,1052.0,0.00098888
VIB/BTC,1607544749222,2020-12-09T20:12:29.222Z,buy,9.4e-07,1052.0,0.00098888
VIB/BTC,1607544750970,2020-12-09T20:12:30.970Z,buy,9.4e-07,1052.0,0.00098888
VIB/BTC,1607544752962,2020-12-09T20:12:32.962Z,buy,9.4e-07,1052.0,0.00098888
VIB/BTC,1607545007901,2020-12-09T20:16:47.901Z,sell,9.3e-07,4280.0,0.0039804
VIB/BTC,1607545448918,2020-12-09T20:24:08.918Z,buy,9.4e-07,338.0,0.00031772
VIB/BTC,1607545455443,2020-12-09T20:24:15.443Z,buy,9.4e-07,340.0,0.0003196
VIB/BTC,1607545774237,2020-12-09T20:29:34.237Z,buy,9.4e-07,6502.0,0.00611188
VIB/BTC,1607545775552,2020-12-09T20:29:35.552Z,sell,9.3e-07,1075.0,0.00099975
VIB/BTC,1607546065453,2020-12-09T20:34:25.453Z,buy,9.4e-07,61628.0,0.05793032
VIB/BTC,1607546067138,2020-12-09T20:34:27.138Z,buy,9.5e-07,1041.0,0.00098895
VIB/BTC,1607546068882,2020-12-09T20:34:28.882Z,buy,9.5e-07,1041.0,0.00098895
VIB/BTC,1607546070691,2020-12-09T20:34:30.691Z,buy,9.5e-07,1041.0,0.00098895
VIB/BTC,1607546072592,2020-12-09T20:34:32.592Z,buy,9.5e-07,1041.0,0.00098895
VIB/BTC,1607546074493,2020-12-09T20:34:34.493Z,buy,9.5e-07,1041.0,0.00098895
VIB/BTC,1607546076223,2020-12-09T20:34:36.223Z,buy,9.5e-07,1041.0,0.00098895
VIB/BTC,1607546134298,2020-12-09T20:35:34.298Z,buy,9.5e-07,6278.0,0.0059641
VIB/BTC,1607546219381,2020-12-09T20:36:59.381Z,buy,9.5e-07,3501.0,0.00332595
VIB/BTC,1607546315982,2020-12-09T20:38:35.982Z,sell,9.4e-07,47490.0,0.0446406
VIB/BTC,1607546321881,2020-12-09T20:38:41.881Z,buy,9.5e-07,488.0,0.0004636
VIB/BTC,1607546338286,2020-12-09T20:38:58.286Z,buy,9.5e-07,1021.0,0.00096995
VIB/BTC,1607546465517,2020-12-09T20:41:05.517Z,sell,9.4e-07,1021.0,0.00095974
VIB/BTC,1607546498179,2020-12-09T20:41:38.179Z,sell,9.4e-07,293926.0,0.27629044
VIB/BTC,1607546513912,2020-12-09T20:41:53.912Z,sell,9.4e-07,500000.0,0.47
VIB/BTC,1607546520586,2020-12-09T20:42:00.586Z,buy,9.5e-07,2632.0,0.0025004
VIB/BTC,1607546524020,2020-12-09T20:42:04.020Z,sell,9.4e-07,7311.0,0.00687234
VIB/BTC,1607546528974,2020-12-09T20:42:08.974Z,buy,9.5e-07,593551.0,0.56387345
VIB/BTC,1607546530087,2020-12-09T20:42:10.087Z,buy,9.6e-07,1030.0,0.0009888
VIB/BTC,1607546534331,2020-12-09T20:42:14.331Z,sell,9.5e-07,735.0,0.00069825
VIB/BTC,1607546547012,2020-12-09T20:42:27.012Z,sell,9.4e-07,3501.0,0.00329094
VIB/BTC,1607546550238,2020-12-09T20:42:30.238Z,sell,9.4e-07,1075.0,0.0010105
VIB/BTC,1607546583808,2020-12-09T20:43:03.808Z,buy,9.5e-07,489.0,0.00046455
VIB/BTC,1607546589640,2020-12-09T20:43:09.640Z,sell,9.4e-07,215.0,0.0002021
VIB/BTC,1607546654291,2020-12-09T20:44:14.291Z,buy,9.5e-07,474013.0,0.45031235
VIB/BTC,1607546655913,2020-12-09T20:44:15.913Z,buy,9.6e-07,1554.0,0.00149184
VIB/BTC,1607546657096,2020-12-09T20:44:17.096Z,buy,9.6e-07,1030.0,0.0009888
VIB/BTC,1607546682995,2020-12-09T20:44:42.995Z,sell,9.5e-07,2366.0,0.0022477
VIB/BTC,1607546692422,2020-12-09T20:44:52.422Z,buy,9.6e-07,489.0,0.0004694399999999
VIB/BTC,1607546699839,2020-12-09T20:44:59.839Z,buy,9.5e-07,1000.0,0.00095
VIB/BTC,1607546699857,2020-12-09T20:44:59.857Z,sell,9.5e-07,2152.0,0.0020444
VIB/BTC,1607546702193,2020-12-09T20:45:02.193Z,sell,9.5e-07,1000.0,0.00095
VIB/BTC,1607546702193,2020-12-09T20:45:02.193Z,sell,9.4e-07,63.0,5.922e-05
VIB/BTC,1607546706041,2020-12-09T20:45:06.041Z,buy,9.6e-07,488.0,0.0004684799999999
VIB/BTC,1607546715627,2020-12-09T20:45:15.627Z,sell,9.5e-07,1055.0,0.00100225
VIB/BTC,1607546719027,2020-12-09T20:45:19.027Z,buy,9.6e-07,1030.0,0.0009888
VIB/BTC,1607546720941,2020-12-09T20:45:20.941Z,buy,9.6e-07,1030.0,0.0009888
VIB/BTC,1607546736986,2020-12-09T20:45:36.986Z,sell,9.5e-07,157.0,0.00014915
VIB/BTC,1607546745681,2020-12-09T20:45:45.681Z,sell,9.5e-07,1000.0,0.00095
VIB/BTC,1607546749661,2020-12-09T20:45:49.661Z,buy,9.6e-07,488.0,0.0004684799999999
VIB/BTC,1607546779821,2020-12-09T20:46:19.821Z,sell,9.5e-07,1999.0,0.00189905
VIB/BTC,1607546822452,2020-12-09T20:47:02.452Z,sell,9.5e-07,19888.0,0.0188936
VIB/BTC,1607546822452,2020-12-09T20:47:02.452Z,sell,9.5e-07,19888.0,0.0188936
VIB/BTC,1607546866269,2020-12-09T20:47:46.269Z,buy,9.6e-07,296271.0,0.28442016
VIB/BTC,1607546866282,2020-12-09T20:47:46.282Z,sell,9.6e-07,877.0,0.0008419199999999
VIB/BTC,1607546866288,2020-12-09T20:47:46.288Z,sell,9.6e-07,706.0,0.0006777599999999
VIB/BTC,1607546868578,2020-12-09T20:47:48.578Z,buy,9.7e-07,124.0,0.00012028
VIB/BTC,1607546874124,2020-12-09T20:47:54.124Z,sell,9.6e-07,4170.0,0.0040031999999999
VIB/BTC,1607546881113,2020-12-09T20:48:01.113Z,sell,9.6e-07,5213.0,0.0050044799999999
VIB/BTC,1607546882841,2020-12-09T20:48:02.841Z,buy,9.7e-07,526057.0,0.51027529
VIB/BTC,1607546886143,2020-12-09T20:48:06.143Z,buy,9.7e-07,82280.0,0.0798116
VIB/BTC,1607546887032,2020-12-09T20:48:07.032Z,buy,9.7e-07,13264.0,0.01286608
VIB/BTC,1607546888101,2020-12-09T20:48:08.101Z,sell,9.7e-07,4544.0,0.00440768
VIB/BTC,1607546892897,2020-12-09T20:48:12.897Z,sell,9.7e-07,4211.0,0.00408467
VIB/BTC,1607546895111,2020-12-09T20:48:15.111Z,sell,9.6e-07,4660.0,0.0044735999999999
VIB/BTC,1607546896482,2020-12-09T20:48:16.482Z,buy,9.7e-07,488580.0,0.4739226
VIB/BTC,1607546901900,2020-12-09T20:48:21.900Z,sell,9.7e-07,5394.0,0.00523218
VIB/BTC,1607546902096,2020-12-09T20:48:22.096Z,sell,9.7e-07,3289.0,0.00319033
VIB/BTC,1607546905093,2020-12-09T20:48:25.093Z,buy,9.7e-07,296869.0,0.28796293
VIB/BTC,1607546908732,2020-12-09T20:48:28.732Z,buy,9.7e-07,11080.0,0.0107476
VIB/BTC,1607546908732,2020-12-09T20:48:28.732Z,buy,9.8e-07,147514.0,0.1445637199999999
VIB/BTC,1607546909145,2020-12-09T20:48:29.145Z,sell,9.7e-07,2803.0,0.00271891
VIB/BTC,1607546909145,2020-12-09T20:48:29.145Z,sell,9.6e-07,2898.0,0.0027820799999999
VIB/BTC,1607546911020,2020-12-09T20:48:31.020Z,buy,9.7e-07,124.0,0.00012028
VIB/BTC,1607546912451,2020-12-09T20:48:32.451Z,buy,9.7e-07,285469.0,0.27690493
VIB/BTC,1607546918192,2020-12-09T20:48:38.192Z,buy,9.7e-07,2718.0,0.00263646
VIB/BTC,1607546918192,2020-12-09T20:48:38.192Z,buy,9.8e-07,37759.0,0.03700382
VIB/BTC,1607546918192,2020-12-09T20:48:38.192Z,buy,9.9e-07,23568.0,0.02333232
VIB/BTC,1607546918192,2020-12-09T20:48:38.192Z,buy,1e-06,269381.0,0.269381
VIB/BTC,1607546919276,2020-12-09T20:48:39.276Z,sell,9.9e-07,129.0,0.00012771
VIB/BTC,1607546919279,2020-12-09T20:48:39.279Z,sell,9.9e-07,350.0,0.0003465
VIB/BTC,1607546919283,2020-12-09T20:48:39.283Z,sell,9.9e-07,568.0,0.00056232
VIB/BTC,1607546920073,2020-12-09T20:48:40.073Z,sell,9.9e-07,243.0,0.00024057
VIB/BTC,1607546920073,2020-12-09T20:48:40.073Z,sell,9.8e-07,787.0,0.00077126
VIB/BTC,1607546920212,2020-12-09T20:48:40.212Z,sell,9.8e-07,515.0,0.0005047
VIB/BTC,1607546922009,2020-12-09T20:48:42.009Z,buy,9.8e-07,123.0,0.00012054
VIB/BTC,1607546925150,2020-12-09T20:48:45.150Z,buy,9.8e-07,382.0,0.0003743599999999
VIB/BTC,1607546925150,2020-12-09T20:48:45.150Z,buy,9.9e-07,618.0,0.00061182
VIB/BTC,1607546926563,2020-12-09T20:48:46.563Z,sell,9.8e-07,1361.0,0.00133378
VIB/BTC,1607546926612,2020-12-09T20:48:46.612Z,sell,9.8e-07,980.0,0.0009603999999999
VIB/BTC,1607546929042,2020-12-09T20:48:49.042Z,sell,9.8e-07,7684.0,0.0075303199999999
VIB/BTC,1607546929304,2020-12-09T20:48:49.304Z,buy,9.9e-07,807.0,0.00079893
VIB/BTC,1607546931545,2020-12-09T20:48:51.545Z,buy,1e-06,120.0,0.0001199999999999
VIB/BTC,1607546933512,2020-12-09T20:48:53.512Z,sell,9.9e-07,396.0,0.00039204
VIB/BTC,1607546936421,2020-12-09T20:48:56.421Z,buy,9.9e-07,3131.0,0.00309969
VIB/BTC,1607546938301,2020-12-09T20:48:58.301Z,buy,9.9e-07,498353.0,0.49336947
VIB/BTC,1607546943982,2020-12-09T20:49:03.982Z,buy,9.9e-07,19875.0,0.01967625
VIB/BTC,1607546943982,2020-12-09T20:49:03.982Z,buy,1e-06,19892.0,0.019892
VIB/BTC,1607546945664,2020-12-09T20:49:05.664Z,sell,9.9e-07,898.0,0.00088902
VIB/BTC,1607546946110,2020-12-09T20:49:06.110Z,sell,9.9e-07,394.0,0.00039006
VIB/BTC,1607546953911,2020-12-09T20:49:13.911Z,buy,9.9e-07,245896.0,0.24343704
VIB/BTC,1607546958918,2020-12-09T20:49:18.918Z,buy,9.9e-07,6987.0,0.00691713
VIB/BTC,1607546959781,2020-12-09T20:49:19.781Z,sell,9.9e-07,12046.0,0.01192554
VIB/BTC,1607546960010,2020-12-09T20:49:20.010Z,buy,9.9e-07,194968.0,0.19301832
VIB/BTC,1607546962712,2020-12-09T20:49:22.712Z,buy,1e-06,990.0,0.00099
VIB/BTC,1607546964092,2020-12-09T20:49:24.092Z,buy,1e-06,1302.0,0.001302
VIB/BTC,1607546965375,2020-12-09T20:49:25.375Z,sell,1e-06,80676.0,0.080676
VIB/BTC,1607546965375,2020-12-09T20:49:25.375Z,sell,9.9e-07,75768.0,0.07501032
VIB/BTC,1607546965462,2020-12-09T20:49:25.462Z,buy,1.01e-06,980.0,0.0009898
VIB/BTC,1607546968385,2020-12-09T20:49:28.385Z,sell,9.9e-07,1767.0,0.00174933
VIB/BTC,1607546971855,2020-12-09T20:49:31.855Z,buy,1e-06,2294.0,0.002294
VIB/BTC,1607546971855,2020-12-09T20:49:31.855Z,buy,1.01e-06,53319.0,0.05385219
VIB/BTC,1607546976854,2020-12-09T20:49:36.854Z,sell,1.01e-06,9758.0,0.00985558
VIB/BTC,1607546976862,2020-12-09T20:49:36.862Z,sell,1.01e-06,10055.0,0.01015555
VIB/BTC,1607546976863,2020-12-09T20:49:36.863Z,sell,1.01e-06,1675.0,0.00169175
VIB/BTC,1607546976944,2020-12-09T20:49:36.944Z,buy,1.02e-06,5372.0,0.0054794399999999
VIB/BTC,1607546977072,2020-12-09T20:49:37.072Z,sell,1.01e-06,588.0,0.00059388
VIB/BTC,1607546977153,2020-12-09T20:49:37.153Z,sell,1.01e-06,1010.0,0.0010201
VIB/BTC,1607546977579,2020-12-09T20:49:37.579Z,sell,1.01e-06,2301.0,0.00232401
VIB/BTC,1607546977614,2020-12-09T20:49:37.614Z,sell,1.01e-06,990.0,0.0009999
VIB/BTC,1607546978405,2020-12-09T20:49:38.405Z,sell,1.01e-06,7078.0,0.00714878
VIB/BTC,1607546978780,2020-12-09T20:49:38.780Z,sell,1e-06,14082.0,0.0140819999999999
VIB/BTC,1607546979422,2020-12-09T20:49:39.422Z,buy,1.01e-06,2283.0,0.00230583
VIB/BTC,1607546979422,2020-12-09T20:49:39.422Z,buy,1.02e-06,841.0,0.00085782
VIB/BTC,1607546981136,2020-12-09T20:49:41.136Z,buy,1.02e-06,118.0,0.0001203599999999
VIB/BTC,1607546981668,2020-12-09T20:49:41.668Z,buy,1.02e-06,7078.0,0.00721956
VIB/BTC,1607546982246,2020-12-09T20:49:42.246Z,sell,1.01e-06,1393.0,0.00140693
VIB/BTC,1607546982258,2020-12-09T20:49:42.258Z,sell,1.01e-06,822.0,0.00083022
VIB/BTC,1607546982351,2020-12-09T20:49:42.351Z,sell,1.01e-06,1233.0,0.00124533
VIB/BTC,1607546982560,2020-12-09T20:49:42.560Z,sell,1.01e-06,1089.0,0.00109989
VIB/BTC,1607546988151,2020-12-09T20:49:48.151Z,sell,1.01e-06,990.0,0.0009999
VIB/BTC,1607546988816,2020-12-09T20:49:48.816Z,sell,1.01e-06,5791.0,0.00584891
VIB/BTC,1607546989194,2020-12-09T20:49:49.194Z,sell,1.01e-06,4070.0,0.0041107
VIB/BTC,1607546989760,2020-12-09T20:49:49.760Z,buy,1.02e-06,4967.0,0.00506634
VIB/BTC,1607546993055,2020-12-09T20:49:53.055Z,buy,1.02e-06,27608.0,0.02816016
VIB/BTC,1607546993055,2020-12-09T20:49:53.055Z,buy,1.03e-06,32664.0,0.03364392
VIB/BTC,1607546993055,2020-12-09T20:49:53.055Z,buy,1.04e-06,57075.0,0.059358
VIB/BTC,1607546993168,2020-12-09T20:49:53.168Z,sell,1.02e-06,10855.0,0.0110721
VIB/BTC,1607546993286,2020-12-09T20:49:53.286Z,sell,1.02e-06,4995.0,0.0050949
VIB/BTC,1607546993488,2020-12-09T20:49:53.488Z,buy,1.04e-06,9909.0,0.01030536
VIB/BTC,1607546993757,2020-12-09T20:49:53.757Z,sell,1.02e-06,1268.0,0.00129336
VIB/BTC,1607546993863,2020-12-09T20:49:53.863Z,sell,1.02e-06,3896.0,0.00397392
VIB/BTC,1607546993863,2020-12-09T20:49:53.863Z,sell,1.01e-06,2587.0,0.00261287
VIB/BTC,1607546994168,2020-12-09T20:49:54.168Z,sell,1.03e-06,1021.0,0.00105163
VIB/BTC,1607546994476,2020-12-09T20:49:54.476Z,buy,1.03e-06,218.0,0.00022454
VIB/BTC,1607546994880,2020-12-09T20:49:54.880Z,buy,1.03e-06,4807.0,0.00495121
VIB/BTC,1607546999168,2020-12-09T20:49:59.168Z,buy,1.03e-06,845.0,0.00087035
VIB/BTC,1607546999419,2020-12-09T20:49:59.419Z,buy,1.03e-06,181.0,0.00018643
VIB/BTC,1607546999419,2020-12-09T20:49:59.419Z,buy,1.04e-06,997.0,0.00103688
VIB/BTC,1607547000786,2020-12-09T20:50:00.786Z,buy,1.04e-06,2356.0,0.00245024
VIB/BTC,1607547001356,2020-12-09T20:50:01.356Z,buy,1.04e-06,2729.0,0.00283816
VIB/BTC,1607547003101,2020-12-09T20:50:03.101Z,buy,1.04e-06,805.0,0.0008372
VIB/BTC,1607547003119,2020-12-09T20:50:03.119Z,buy,1.04e-06,124.0,0.00012896
VIB/BTC,1607547003853,2020-12-09T20:50:03.853Z,buy,1.04e-06,522.0,0.00054288
VIB/BTC,1607547006272,2020-12-09T20:50:06.272Z,buy,1.04e-06,522.0,0.00054288
VIB/BTC,1607547006346,2020-12-09T20:50:06.346Z,buy,1.04e-06,51809.0,0.05388136
VIB/BTC,1607547006675,2020-12-09T20:50:06.675Z,sell,1.03e-06,970.0,0.0009991
VIB/BTC,1607547007626,2020-12-09T20:50:07.626Z,buy,1.04e-06,286.0,0.00029744
VIB/BTC,1607547008489,2020-12-09T20:50:08.489Z,sell,1.03e-06,980.0,0.0010094
VIB/BTC,1607547009615,2020-12-09T20:50:09.615Z,sell,1.03e-06,9918.0,0.01021554
VIB/BTC,1607547010688,2020-12-09T20:50:10.688Z,buy,1.04e-06,30534.0,0.03175536
VIB/BTC,1607547016705,2020-12-09T20:50:16.705Z,sell,1.03e-06,869.0,0.00089507
VIB/BTC,1607547023651,2020-12-09T20:50:23.651Z,sell,1.03e-06,5083.0,0.00523549
VIB/BTC,1607547027205,2020-12-09T20:50:27.205Z,buy,1.04e-06,952.0,0.00099008
VIB/BTC,1607547029065,2020-12-09T20:50:29.065Z,buy,1.04e-06,952.0,0.00099008
VIB/BTC,1607547029933,2020-12-09T20:50:29.933Z,sell,1.03e-06,5000.0,0.00515
VIB/BTC,1607547030887,2020-12-09T20:50:30.887Z,buy,1.04e-06,952.0,0.00099008
VIB/BTC,1607547032674,2020-12-09T20:50:32.674Z,buy,1.04e-06,952.0,0.00099008
VIB/BTC,1607547032920,2020-12-09T20:50:32.920Z,buy,1.04e-06,1446.0,0.00150384
VIB/BTC,1607547034849,2020-12-09T20:50:34.849Z,buy,1.04e-06,4818.0,0.00501072
VIB/BTC,1607547038542,2020-12-09T20:50:38.542Z,sell,1.03e-06,8502.0,0.00875706
VIB/BTC,1607547044367,2020-12-09T20:50:44.367Z,sell,1.02e-06,6224.0,0.00634848
VIB/BTC,1607547044512,2020-12-09T20:50:44.512Z,sell,1.02e-06,1816.0,0.00185232
VIB/BTC,1607547045568,2020-12-09T20:50:45.568Z,buy,1.03e-06,120.0,0.0001236
VIB/BTC,1607547048682,2020-12-09T20:50:48.682Z,sell,1.02e-06,1401.0,0.00142902
VIB/BTC,1607547049875,2020-12-09T20:50:49.875Z,buy,1.03e-06,15803.0,0.01627709
VIB/BTC,1607547049995,2020-12-09T20:50:49.995Z,sell,1.03e-06,437183.0,0.45029849
VIB/BTC,1607547050221,2020-12-09T20:50:50.221Z,sell,1.03e-06,2113.0,0.00217639
VIB/BTC,1607547054063,2020-12-09T20:50:54.063Z,buy,1.04e-06,1267.0,0.00131768
VIB/BTC,1607547054117,2020-12-09T20:50:54.117Z,buy,1.04e-06,5126.0,0.0053310399999999
VIB/BTC,1607547055081,2020-12-09T20:50:55.081Z,buy,1.04e-06,128.0,0.00013312
VIB/BTC,1607547055368,2020-12-09T20:50:55.368Z,buy,1.04e-06,1201.0,0.00124904
VIB/BTC,1607547055683,2020-12-09T20:50:55.683Z,buy,1.04e-06,6350.0,0.006604
VIB/BTC,1607547062929,2020-12-09T20:51:02.929Z,sell,1.03e-06,32914.0,0.03390142
VIB/BTC,1607547063178,2020-12-09T20:51:03.178Z,buy,1.03e-06,376675.0,0.38797525
VIB/BTC,1607547063658,2020-12-09T20:51:03.658Z,sell,1.03e-06,106.0,0.00010918
VIB/BTC,1607547069296,2020-12-09T20:51:09.296Z,buy,1.04e-06,21868.0,0.02274272
VIB/BTC,1607547069296,2020-12-09T20:51:09.296Z,buy,1.05e-06,29654.0,0.0311366999999999
VIB/BTC,1607547069296,2020-12-09T20:51:09.296Z,buy,1.05e-06,1171.0,0.0012295499999999
VIB/BTC,1607547069296,2020-12-09T20:51:09.296Z,buy,1.05e-06,409.0,0.0004294499999999
VIB/BTC,1607547069952,2020-12-09T20:51:09.952Z,sell,1.04e-06,1010.0,0.0010504
VIB/BTC,1607547070215,2020-12-09T20:51:10.215Z,buy,1.04e-06,210.0,0.0002184
VIB/BTC,1607547070341,2020-12-09T20:51:10.341Z,sell,1.03e-06,150.0,0.0001545
VIB/BTC,1607547072398,2020-12-09T20:51:12.398Z,buy,1.04e-06,4357.0,0.00453128
VIB/BTC,1607547076096,2020-12-09T20:51:16.096Z,buy,1.04e-06,9524.0,0.0099049599999999
VIB/BTC,1607547076096,2020-12-09T20:51:16.096Z,buy,1.05e-06,16583.0,0.0174121499999999
VIB/BTC,1607547077099,2020-12-09T20:51:17.099Z,sell,1.03e-06,36133.0,0.03721699
VIB/BTC,1607547077099,2020-12-09T20:51:17.099Z,sell,1.02e-06,197.0,0.0002009399999999
VIB/BTC,1607547077852,2020-12-09T20:51:17.852Z,buy,1.03e-06,190924.0,0.19665172
VIB/BTC,1607547078106,2020-12-09T20:51:18.106Z,buy,1.04e-06,2687.0,0.00279448
VIB/BTC,1607547078106,2020-12-09T20:51:18.106Z,buy,1.05e-06,106292.0,0.1116065999999999
VIB/BTC,1607547080712,2020-12-09T20:51:20.712Z,buy,1.04e-06,952.0,0.00099008
VIB/BTC,1607547084220,2020-12-09T20:51:24.220Z,buy,1.04e-06,1448.0,0.00150592
VIB/BTC,1607547084225,2020-12-09T20:51:24.225Z,sell,1.04e-06,5465.0,0.0056836
VIB/BTC,1607547088085,2020-12-09T20:51:28.085Z,buy,1.04e-06,261.0,0.00027144
VIB/BTC,1607547089551,2020-12-09T20:51:29.551Z,sell,1.04e-06,1180.0,0.0012272
VIB/BTC,1607547091350,2020-12-09T20:51:31.350Z,sell,1.04e-06,961.0,0.00099944
VIB/BTC,1607547092865,2020-12-09T20:51:32.865Z,sell,1.04e-06,961.0,0.00099944
VIB/BTC,1607547094592,2020-12-09T20:51:34.592Z,buy,1.05e-06,943.0,0.00099015
VIB/BTC,1607547095566,2020-12-09T20:51:35.566Z,sell,1.04e-06,6715.0,0.0069836
VIB/BTC,1607547096639,2020-12-09T20:51:36.639Z,sell,1.04e-06,961.0,0.00099944
VIB/BTC,1607547096712,2020-12-09T20:51:36.712Z,buy,1.05e-06,943.0,0.00099015
VIB/BTC,1607547098440,2020-12-09T20:51:38.440Z,buy,1.05e-06,943.0,0.00099015
VIB/BTC,1607547098950,2020-12-09T20:51:38.950Z,sell,1.04e-06,961.0,0.00099944
VIB/BTC,1607547100170,2020-12-09T20:51:40.170Z,buy,1.05e-06,943.0,0.00099015
VIB/BTC,1607547100409,2020-12-09T20:51:40.409Z,sell,1.04e-06,760.0,0.0007904
VIB/BTC,1607547102121,2020-12-09T20:51:42.121Z,buy,1.05e-06,943.0,0.00099015
VIB/BTC,1607547111088,2020-12-09T20:51:51.088Z,buy,1.05e-06,7662.0,0.0080451
VIB/BTC,1607547111834,2020-12-09T20:51:51.834Z,sell,1.04e-06,201.0,0.00020904
VIB/BTC,1607547112171,2020-12-09T20:51:52.171Z,buy,1.04e-06,5639.0,0.0058645599999999
VIB/BTC,1607547112275,2020-12-09T20:51:52.275Z,buy,1.04e-06,6861.0,0.00713544
VIB/BTC,1607547112617,2020-12-09T20:51:52.617Z,buy,1.04e-06,17802.0,0.01851408
VIB/BTC,1607547112617,2020-12-09T20:51:52.617Z,buy,1.05e-06,12198.0,0.0128078999999999
VIB/BTC,1607547113852,2020-12-09T20:51:53.852Z,buy,1.05e-06,11021.0,0.0115720499999999
VIB/BTC,1607547115579,2020-12-09T20:51:55.579Z,buy,1.05e-06,1764.0,0.0018521999999999
VIB/BTC,1607547116463,2020-12-09T20:51:56.463Z,buy,1.05e-06,26268.0,0.0275814
VIB/BTC,1607547118249,2020-12-09T20:51:58.249Z,buy,1.05e-06,8786.0,0.0092252999999999
VIB/BTC,1607547125604,2020-12-09T20:52:05.604Z,buy,1.05e-06,90000.0,0.0944999999999999
VIB/BTC,1607547125984,2020-12-09T20:52:05.984Z,buy,1.05e-06,441.0,0.0004630499999999
VIB/BTC,1607547127437,2020-12-09T20:52:07.437Z,buy,1.04e-06,105.0,0.0001092
VIB/BTC,1607547127437,2020-12-09T20:52:07.437Z,buy,1.05e-06,28717.0,0.03015285
VIB/BTC,1607547130893,2020-12-09T20:52:10.893Z,buy,1.05e-06,29898.0,0.0313928999999999
VIB/BTC,1607547131609,2020-12-09T20:52:11.609Z,buy,1.05e-06,19133.0,0.0200896499999999
VIB/BTC,1607547131627,2020-12-09T20:52:11.627Z,sell,1.05e-06,661.0,0.00069405
VIB/BTC,1607547131634,2020-12-09T20:52:11.634Z,sell,1.05e-06,3664.0,0.0038472
VIB/BTC,1607547134653,2020-12-09T20:52:14.653Z,buy,1.05e-06,46159.0,0.0484669499999999
VIB/BTC,1607547134754,2020-12-09T20:52:14.754Z,sell,1.05e-06,543.0,0.00057015
VIB/BTC,1607547136733,2020-12-09T20:52:16.733Z,sell,1.05e-06,818.0,0.0008588999999999
VIB/BTC,1607547139332,2020-12-09T20:52:19.332Z,sell,1.05e-06,40334.0,0.0423507
VIB/BTC,1607547142025,2020-12-09T20:52:22.025Z,sell,1.05e-06,3152.0,0.0033095999999999
VIB/BTC,1607547147869,2020-12-09T20:52:27.869Z,buy,1.06e-06,647.0,0.00068582
VIB/BTC,1607547147918,2020-12-09T20:52:27.918Z,buy,1.06e-06,86174.0,0.09134444
VIB/BTC,1607547148871,2020-12-09T20:52:28.871Z,sell,1.05e-06,1000.0,0.00105
VIB/BTC,1607547158891,2020-12-09T20:52:38.891Z,buy,1.06e-06,162.0,0.00017172
VIB/BTC,1607547163656,2020-12-09T20:52:43.656Z,sell,1.06e-06,1087.0,0.00115222
VIB/BTC,1607547171447,2020-12-09T20:52:51.447Z,sell,1.06e-06,14846.0,0.01573676
VIB/BTC,1607547171449,2020-12-09T20:52:51.449Z,sell,1.06e-06,3566.0,0.00377996
VIB/BTC,1607547171451,2020-12-09T20:52:51.451Z,sell,1.06e-06,3839.0,0.00406934
VIB/BTC,1607547173441,2020-12-09T20:52:53.441Z,sell,1.06e-06,11718.0,0.01242108
VIB/BTC,1607547177752,2020-12-09T20:52:57.752Z,sell,1.06e-06,11988.0,0.01270728
VIB/BTC,1607547179641,2020-12-09T20:52:59.641Z,sell,1.06e-06,3449.0,0.00365594
VIB/BTC,1607547187535,2020-12-09T20:53:07.535Z,sell,1.06e-06,19485.0,0.0206541
VIB/BTC,1607547187932,2020-12-09T20:53:07.932Z,sell,1.06e-06,104.0,0.00011024
VIB/BTC,1607547192023,2020-12-09T20:53:12.023Z,sell,1.06e-06,6095.0,0.0064607
VIB/BTC,1607547192332,2020-12-09T20:53:12.332Z,sell,1.06e-06,2832.0,0.00300192
VIB/BTC,1607547192432,2020-12-09T20:53:12.432Z,sell,1.06e-06,34834.0,0.03692404
VIB/BTC,1607547194686,2020-12-09T20:53:14.686Z,buy,1.06e-06,39910.0,0.0423046
VIB/BTC,1607547197760,2020-12-09T20:53:17.760Z,buy,1.06e-06,11186.0,0.01185716
VIB/BTC,1607547205867,2020-12-09T20:53:25.867Z,sell,1.05e-06,3530.0,0.0037064999999999
VIB/BTC,1607547210357,2020-12-09T20:53:30.357Z,sell,1.05e-06,5392.0,0.0056615999999999
VIB/BTC,1607547212648,2020-12-09T20:53:32.648Z,sell,1.04e-06,44368.0,0.04614272
VIB/BTC,1607547212664,2020-12-09T20:53:32.664Z,buy,1.04e-06,6473.0,0.00673192
VIB/BTC,1607547212664,2020-12-09T20:53:32.664Z,buy,1.04e-06,6473.0,0.00673192
VIB/BTC,1607547212665,2020-12-09T20:53:32.665Z,buy,1.04e-06,6473.0,0.00673192
VIB/BTC,1607547212665,2020-12-09T20:53:32.665Z,buy,1.04e-06,6473.0,0.00673192
VIB/BTC,1607547212665,2020-12-09T20:53:32.665Z,buy,1.04e-06,6473.0,0.00673192
VIB/BTC,1607547212665,2020-12-09T20:53:32.665Z,buy,1.04e-06,6473.0,0.00673192
VIB/BTC,1607547212665,2020-12-09T20:53:32.665Z,buy,1.04e-06,6473.0,0.00673192
VIB/BTC,1607547212677,2020-12-09T20:53:32.677Z,buy,1.04e-06,1052.0,0.00109408
VIB/BTC,1607547212680,2020-12-09T20:53:32.680Z,buy,1.04e-06,2930.0,0.0030472
VIB/BTC,1607547212684,2020-12-09T20:53:32.684Z,buy,1.04e-06,513.0,0.00053352
VIB/BTC,1607547212686,2020-12-09T20:53:32.686Z,sell,1.03e-06,394.0,0.00040582
VIB/BTC,1607547212699,2020-12-09T20:53:32.699Z,sell,1.03e-06,4493.0,0.00462779
VIB/BTC,1607547212708,2020-12-09T20:53:32.708Z,sell,1.03e-06,2923.0,0.00301069
VIB/BTC,1607547212715,2020-12-09T20:53:32.715Z,sell,1.03e-06,38809.0,0.03997327
VIB/BTC,1607547212877,2020-12-09T20:53:32.877Z,sell,1.03e-06,8785.0,0.00904855
VIB/BTC,1607547212988,2020-12-09T20:53:32.988Z,buy,1.03e-06,968.0,0.00099704
VIB/BTC,1607547214146,2020-12-09T20:53:34.146Z,buy,1.03e-06,1367.0,0.00140801
VIB/BTC,1607547214146,2020-12-09T20:53:34.146Z,buy,1.04e-06,9661.0,0.01004744
VIB/BTC,1607547214845,2020-12-09T20:53:34.845Z,buy,1.04e-06,20727.0,0.02155608
VIB/BTC,1607547216601,2020-12-09T20:53:36.601Z,buy,1.04e-06,189.0,0.00019656
VIB/BTC,1607547220968,2020-12-09T20:53:40.968Z,buy,1.03e-06,121.0,0.00012463
VIB/BTC,1607547223072,2020-12-09T20:53:43.072Z,buy,1.03e-06,19.0,1.957e-05
VIB/BTC,1607547223072,2020-12-09T20:53:43.072Z,buy,1.04e-06,3482.0,0.00362128
VIB/BTC,1607547230963,2020-12-09T20:53:50.963Z,sell,1.02e-06,691.0,0.00070482
VIB/BTC,1607547231411,2020-12-09T20:53:51.411Z,buy,1.03e-06,12247.0,0.01261441
VIB/BTC,1607547232085,2020-12-09T20:53:52.085Z,sell,1.02e-06,665.0,0.0006783
VIB/BTC,1607547243370,2020-12-09T20:54:03.370Z,buy,1.03e-06,1226.0,0.00126278
VIB/BTC,1607547248796,2020-12-09T20:54:08.796Z,sell,1.02e-06,1965.0,0.0020043
VIB/BTC,1607547255712,2020-12-09T20:54:15.712Z,buy,1.03e-06,16086.0,0.01656858
VIB/BTC,1607547257515,2020-12-09T20:54:17.515Z,buy,1.03e-06,5006.0,0.00515618
VIB/BTC,1607547260290,2020-12-09T20:54:20.290Z,sell,1.03e-06,1275.0,0.00131325
VIB/BTC,1607547261015,2020-12-09T20:54:21.015Z,buy,1.04e-06,254.0,0.00026416
VIB/BTC,1607547262942,2020-12-09T20:54:22.942Z,buy,1.04e-06,928.0,0.00096512
VIB/BTC,1607547269256,2020-12-09T20:54:29.256Z,sell,1.03e-06,3632.0,0.00374096
VIB/BTC,1607547278137,2020-12-09T20:54:38.137Z,buy,1.04e-06,14202.0,0.01477008
VIB/BTC,1607547281608,2020-12-09T20:54:41.608Z,sell,1.04e-06,570.0,0.0005928
VIB/BTC,1607547281861,2020-12-09T20:54:41.861Z,buy,1.05e-06,875.0,0.0009187499999999
VIB/BTC,1607547285004,2020-12-09T20:54:45.004Z,buy,1.05e-06,24179.0,0.0253879499999999
VIB/BTC,1607547285004,2020-12-09T20:54:45.004Z,buy,1.06e-06,59019.0,0.06256014
VIB/BTC,1607547285004,2020-12-09T20:54:45.004Z,buy,1.07e-06,72844.0,0.07794308
VIB/BTC,1607547285004,2020-12-09T20:54:45.004Z,buy,1.08e-06,175427.0,0.18946116
VIB/BTC,1607547286377,2020-12-09T20:54:46.377Z,buy,1.07e-06,1010.0,0.0010807
VIB/BTC,1607547286802,2020-12-09T20:54:46.802Z,buy,1.07e-06,210.0,0.0002247
VIB/BTC,1607547287415,2020-12-09T20:54:47.415Z,sell,1.06e-06,1232.0,0.00130592
VIB/BTC,1607547287415,2020-12-09T20:54:47.415Z,sell,1.05e-06,1028.0,0.0010793999999999
VIB/BTC,1607547288244,2020-12-09T20:54:48.244Z,buy,1.06e-06,1014.0,0.00107484
VIB/BTC,1607547288244,2020-12-09T20:54:48.244Z,buy,1.07e-06,40861.0,0.04372127
VIB/BTC,1607547290542,2020-12-09T20:54:50.542Z,buy,1.07e-06,2991.0,0.0032003699999999
VIB/BTC,1607547290554,2020-12-09T20:54:50.554Z,sell,1.07e-06,401.0,0.00042907
VIB/BTC,1607547290557,2020-12-09T20:54:50.557Z,sell,1.07e-06,400.0,0.000428
VIB/BTC,1607547294202,2020-12-09T20:54:54.202Z,sell,1.07e-06,10000.0,0.0107
VIB/BTC,1607547298925,2020-12-09T20:54:58.925Z,sell,1.07e-06,961.0,0.00102827
VIB/BTC,1607547302232,2020-12-09T20:55:02.232Z,sell,1.07e-06,3056.0,0.00326992
VIB/BTC,1607547302232,2020-12-09T20:55:02.232Z,sell,1.06e-06,6685.0,0.0070861
VIB/BTC,1607547302232,2020-12-09T20:55:02.232Z,sell,1.06e-06,820.0,0.0008692
VIB/BTC,1607547302232,2020-12-09T20:55:02.232Z,sell,1.06e-06,272.0,0.00028832
VIB/BTC,1607547303379,2020-12-09T20:55:03.379Z,buy,1.07e-06,1234.0,0.00132038
VIB/BTC,1607547308805,2020-12-09T20:55:08.805Z,sell,1.07e-06,22229.0,0.02378503
VIB/BTC,1607547311326,2020-12-09T20:55:11.326Z,sell,1.06e-06,928.0,0.00098368
VIB/BTC,1607547316592,2020-12-09T20:55:16.592Z,sell,1.06e-06,124.0,0.00013144
VIB/BTC,1607547320924,2020-12-09T20:55:20.924Z,sell,1.06e-06,5000.0,0.0053
VIB/BTC,1607547321823,2020-12-09T20:55:21.823Z,sell,1.06e-06,32825.0,0.0347945
VIB/BTC,1607547330992,2020-12-09T20:55:30.992Z,sell,1.05e-06,5135.0,0.00539175
VIB/BTC,1607547330992,2020-12-09T20:55:30.992Z,sell,1.04e-06,21106.0,0.02195024
VIB/BTC,1607547330992,2020-12-09T20:55:30.992Z,sell,1.04e-06,1905.0,0.0019812
VIB/BTC,1607547331998,2020-12-09T20:55:31.998Z,buy,1.05e-06,28.0,2.94e-05
VIB/BTC,1607547332820,2020-12-09T20:55:32.820Z,sell,1.04e-06,31560.0,0.0328224
VIB/BTC,1607547332820,2020-12-09T20:55:32.820Z,sell,1.03e-06,85224.0,0.08778072
VIB/BTC,1607547332839,2020-12-09T20:55:32.839Z,buy,1.03e-06,15948.0,0.01642644
VIB/BTC,1607547332843,2020-12-09T20:55:32.843Z,buy,1.03e-06,613.0,0.00063139
VIB/BTC,1607547332862,2020-12-09T20:55:32.862Z,buy,1.03e-06,2944.0,0.00303232
VIB/BTC,1607547332903,2020-12-09T20:55:32.903Z,sell,1.02e-06,2223.0,0.00226746
VIB/BTC,1607547333204,2020-12-09T20:55:33.204Z,sell,1.01e-06,5910.0,0.0059691
VIB/BTC,1607547333204,2020-12-09T20:55:33.204Z,sell,1.01e-06,1921.0,0.00194021
VIB/BTC,1607547333204,2020-12-09T20:55:33.204Z,sell,1e-06,2176.0,0.002176
VIB/BTC,1607547333527,2020-12-09T20:55:33.527Z,sell,1.01e-06,1976.0,0.00199576
VIB/BTC,1607547333857,2020-12-09T20:55:33.857Z,sell,1.01e-06,1976.0,0.00199576
VIB/BTC,1607547333971,2020-12-09T20:55:33.971Z,sell,1.01e-06,989.0,0.00099889
VIB/BTC,1607547334054,2020-12-09T20:55:34.054Z,buy,1.01e-06,61.0,6.161e-05
VIB/BTC,1607547334054,2020-12-09T20:55:34.054Z,buy,1.02e-06,1035.0,0.0010557
VIB/BTC,1607547334313,2020-12-09T20:55:34.313Z,sell,1.02e-06,233.0,0.00023766
VIB/BTC,1607547334405,2020-12-09T20:55:34.405Z,sell,1.02e-06,1976.0,0.00201552
VIB/BTC,1607547334809,2020-12-09T20:55:34.809Z,sell,1.02e-06,4180.0,0.0042636
VIB/BTC,1607547334854,2020-12-09T20:55:34.854Z,sell,1.02e-06,245.0,0.0002499
VIB/BTC,1607547336435,2020-12-09T20:55:36.435Z,sell,1.02e-06,118570.0,0.1209413999999999
VIB/BTC,1607547338739,2020-12-09T20:55:38.739Z,buy,1.02e-06,2965.0,0.0030242999999999
VIB/BTC,1607547341050,2020-12-09T20:55:41.050Z,sell,1.02e-06,4961.0,0.00506022
VIB/BTC,1607547341124,2020-12-09T20:55:41.124Z,sell,1.02e-06,1934.0,0.00197268
VIB/BTC,1607547344204,2020-12-09T20:55:44.204Z,sell,1.02e-06,452243.0,0.46128786
VIB/BTC,1607547346173,2020-12-09T20:55:46.173Z,sell,1.02e-06,980.0,0.0009996
VIB/BTC,1607547348080,2020-12-09T20:55:48.080Z,sell,1.02e-06,844.0,0.00086088
VIB/BTC,1607547351985,2020-12-09T20:55:51.985Z,sell,1.02e-06,463.0,0.00047226
VIB/BTC,1607547354905,2020-12-09T20:55:54.905Z,buy,1.02e-06,9987.0,0.01018674
VIB/BTC,1607547356174,2020-12-09T20:55:56.174Z,buy,1.02e-06,5186.0,0.0052897199999999
VIB/BTC,1607547356348,2020-12-09T20:55:56.348Z,sell,1.02e-06,111.0,0.00011322
VIB/BTC,1607547360302,2020-12-09T20:56:00.302Z,sell,1.02e-06,3138.0,0.00320076
VIB/BTC,1607547360812,2020-12-09T20:56:00.812Z,sell,1.02e-06,3488.0,0.00355776
VIB/BTC,1607547368701,2020-12-09T20:56:08.701Z,sell,1.02e-06,314.0,0.00032028
VIB/BTC,1607547368724,2020-12-09T20:56:08.724Z,sell,1.02e-06,314.0,0.00032028
VIB/BTC,1607547368753,2020-12-09T20:56:08.753Z,sell,1.02e-06,314.0,0.00032028
VIB/BTC,1607547368772,2020-12-09T20:56:08.772Z,sell,1.02e-06,314.0,0.00032028
VIB/BTC,1607547368794,2020-12-09T20:56:08.794Z,sell,1.02e-06,314.0,0.00032028
VIB/BTC,1607547376313,2020-12-09T20:56:16.313Z,buy,1.03e-06,585.0,0.00060255
VIB/BTC,1607547383324,2020-12-09T20:56:23.324Z,buy,1.03e-06,119.0,0.00012257
VIB/BTC,1607547393258,2020-12-09T20:56:33.258Z,buy,1.03e-06,640.0,0.0006592
VIB/BTC,1607547401018,2020-12-09T20:56:41.018Z,sell,1.02e-06,1919.0,0.00195738
VIB/BTC,1607547401018,2020-12-09T20:56:41.018Z,sell,1.01e-06,16395.0,0.01655895
VIB/BTC,1607547401066,2020-12-09T20:56:41.066Z,buy,1.02e-06,6206.0,0.00633012
VIB/BTC,1607547401066,2020-12-09T20:56:41.066Z,buy,1.03e-06,2141.0,0.00220523
VIB/BTC,1607547407490,2020-12-09T20:56:47.490Z,buy,1.02e-06,1270.0,0.0012954
VIB/BTC,1607547418130,2020-12-09T20:56:58.130Z,sell,1.02e-06,843.0,0.0008598599999999
VIB/BTC,1607547420501,2020-12-09T20:57:00.501Z,sell,1.02e-06,9913.0,0.01011126
VIB/BTC,1607547422290,2020-12-09T20:57:02.290Z,sell,1.02e-06,16401.0,0.01672902
VIB/BTC,1607547427341,2020-12-09T20:57:07.341Z,sell,1.01e-06,9156.0,0.00924756
VIB/BTC,1607547428017,2020-12-09T20:57:08.017Z,buy,1.02e-06,9169.0,0.00935238
VIB/BTC,1607547437701,2020-12-09T20:57:17.701Z,sell,1.01e-06,869.0,0.00087769
VIB/BTC,1607547440168,2020-12-09T20:57:20.168Z,buy,1.02e-06,111.0,0.00011322
VIB/BTC,1607547441314,2020-12-09T20:57:21.314Z,sell,1.01e-06,4144.0,0.00418544
VIB/BTC,1607547448312,2020-12-09T20:57:28.312Z,sell,1.01e-06,3730.0,0.0037673
VIB/BTC,1607547455337,2020-12-09T20:57:35.337Z,sell,1.01e-06,415.0,0.00041915
VIB/BTC,1607547455337,2020-12-09T20:57:35.337Z,sell,1e-06,21317.0,0.021317
VIB/BTC,1607547460483,2020-12-09T20:57:40.483Z,sell,1e-06,793.0,0.000793
VIB/BTC,1607547463371,2020-12-09T20:57:43.371Z,buy,1.01e-06,210.0,0.0002121
VIB/BTC,1607547468564,2020-12-09T20:57:48.564Z,sell,1e-06,608.0,0.0006079999999999
VIB/BTC,1607547468582,2020-12-09T20:57:48.582Z,sell,1e-06,411.0,0.0004109999999999
VIB/BTC,1607547470256,2020-12-09T20:57:50.256Z,sell,1e-06,1877.0,0.001877
VIB/BTC,1607547470256,2020-12-09T20:57:50.256Z,sell,9.9e-07,322020.0,0.3187998
VIB/BTC,1607547470256,2020-12-09T20:57:50.256Z,sell,9.8e-07,7240.0,0.0070951999999999
VIB/BTC,1607547470256,2020-12-09T20:57:50.256Z,sell,9.8e-07,108870.0,0.1066926
VIB/BTC,1607547477106,2020-12-09T20:57:57.106Z,buy,9.9e-07,1304.0,0.00129096
VIB/BTC,1607547503340,2020-12-09T20:58:23.340Z,sell,9.8e-07,2222.0,0.00217756
VIB/BTC,1607547508752,2020-12-09T20:58:28.752Z,sell,9.8e-07,149450.0,0.1464609999999999
VIB/BTC,1607547509275,2020-12-09T20:58:29.275Z,buy,9.8e-07,1320.0,0.0012936
VIB/BTC,1607547511718,2020-12-09T20:58:31.718Z,buy,9.8e-07,583.0,0.0005713399999999
VIB/BTC,1607547533351,2020-12-09T20:58:53.351Z,buy,9.9e-07,10168.0,0.01006632
VIB/BTC,1607547533375,2020-12-09T20:58:53.375Z,sell,9.9e-07,144.0,0.00014256
VIB/BTC,1607547543069,2020-12-09T20:59:03.069Z,sell,9.9e-07,93871.0,0.09293229
VIB/BTC,1607547543069,2020-12-09T20:59:03.069Z,sell,9.8e-07,34945.0,0.0342460999999999
VIB/BTC,1607547543069,2020-12-09T20:59:03.069Z,sell,9.7e-07,168162.0,0.16311714
VIB/BTC,1607547543069,2020-12-09T20:59:03.069Z,sell,9.6e-07,2611.0,0.0025065599999999
VIB/BTC,1607547543069,2020-12-09T20:59:03.069Z,sell,9.6e-07,499.0,0.0004790399999999
VIB/BTC,1607547543119,2020-12-09T20:59:03.119Z,buy,9.7e-07,611.0,0.00059267
VIB/BTC,1607547543147,2020-12-09T20:59:03.147Z,buy,9.7e-07,611.0,0.00059267
VIB/BTC,1607547543155,2020-12-09T20:59:03.155Z,buy,9.7e-07,156214.0,0.15152758
VIB/BTC,1607547543233,2020-12-09T20:59:03.233Z,sell,9.6e-07,61856.0,0.0593817599999999
VIB/BTC,1607547543384,2020-12-09T20:59:03.384Z,buy,9.8e-07,3490.0,0.0034202
VIB/BTC,1607547543445,2020-12-09T20:59:03.445Z,sell,9.7e-07,325.0,0.00031525
VIB/BTC,1607547544452,2020-12-09T20:59:04.452Z,sell,9.7e-07,1048.0,0.00101656
VIB/BTC,1607547544522,2020-12-09T20:59:04.522Z,sell,9.7e-07,248.0,0.00024056
VIB/BTC,1607547544789,2020-12-09T20:59:04.789Z,buy,9.8e-07,8125.0,0.0079624999999999
VIB/BTC,1607547545507,2020-12-09T20:59:05.507Z,sell,9.7e-07,2313.0,0.00224361
VIB/BTC,1607547545865,2020-12-09T20:59:05.865Z,buy,9.8e-07,1122.0,0.0010995599999999
VIB/BTC,1607547546356,2020-12-09T20:59:06.356Z,buy,9.8e-07,150.0,0.000147
VIB/BTC,1607547546356,2020-12-09T20:59:06.356Z,buy,9.9e-07,34785.0,0.03443715
VIB/BTC,1607547552175,2020-12-09T20:59:12.175Z,sell,9.7e-07,1030.0,0.0009991
VIB/BTC,1607547553072,2020-12-09T20:59:13.072Z,buy,9.8e-07,1122.0,0.0010995599999999
VIB/BTC,1607547553670,2020-12-09T20:59:13.670Z,buy,9.8e-07,135.0,0.0001323
VIB/BTC,1607547553677,2020-12-09T20:59:13.677Z,sell,9.8e-07,5266.0,0.00516068
VIB/BTC,1607547560352,2020-12-09T20:59:20.352Z,sell,9.8e-07,900.0,0.000882
VIB/BTC,1607547574865,2020-12-09T20:59:34.865Z,buy,9.9e-07,254.0,0.00025146
VIB/BTC,1607547585377,2020-12-09T20:59:45.377Z,buy,9.9e-07,299.0,0.00029601
VIB/BTC,1607547585567,2020-12-09T20:59:45.567Z,buy,9.9e-07,15165.0,0.01501335
VIB/BTC,1607547591348,2020-12-09T20:59:51.348Z,buy,9.9e-07,63055.0,0.06242445
VIB/BTC,1607547597143,2020-12-09T20:59:57.143Z,buy,9.9e-07,4232.0,0.00418968
VIB/BTC,1607547604633,2020-12-09T21:00:04.633Z,buy,1e-06,587.0,0.000587
VIB/BTC,1607547608751,2020-12-09T21:00:08.751Z,sell,9.9e-07,350.0,0.0003465
VIB/BTC,1607547626938,2020-12-09T21:00:26.938Z,sell,9.9e-07,500.0,0.000495
VIB/BTC,1607547635194,2020-12-09T21:00:35.194Z,buy,1e-06,587.0,0.000587
VIB/BTC,1607547654442,2020-12-09T21:00:54.442Z,buy,1e-06,602.0,0.000602
VIB/BTC,1607547657815,2020-12-09T21:00:57.815Z,sell,9.9e-07,110.0,0.0001089
VIB/BTC,1607547657815,2020-12-09T21:00:57.815Z,sell,9.9e-07,3486.0,0.00345114
VIB/BTC,1607547668336,2020-12-09T21:01:08.336Z,buy,1e-06,8465.0,0.008465
VIB/BTC,1607547687157,2020-12-09T21:01:27.157Z,buy,1e-06,34.0,3.4e-05
VIB/BTC,1607547703312,2020-12-09T21:01:43.312Z,buy,1e-06,18317.0,0.018317
VIB/BTC,1607547705565,2020-12-09T21:01:45.565Z,buy,1e-06,38924.0,0.038924
VIB/BTC,1607547725025,2020-12-09T21:02:05.025Z,sell,1e-06,105.0,0.0001049999999999
VIB/BTC,1607547741430,2020-12-09T21:02:21.430Z,sell,1e-06,198.0,0.000198
VIB/BTC,1607547769560,2020-12-09T21:02:49.560Z,buy,1.01e-06,44942.0,0.04539142
VIB/BTC,1607547770409,2020-12-09T21:02:50.409Z,sell,1e-06,1299.0,0.001299
VIB/BTC,1607547774892,2020-12-09T21:02:54.892Z,buy,1e-06,990.0,0.00099
VIB/BTC,1607547779282,2020-12-09T21:02:59.282Z,sell,9.9e-07,3782.0,0.00374418
VIB/BTC,1607547794366,2020-12-09T21:03:14.366Z,buy,1e-06,875.0,0.0008749999999999
VIB/BTC,1607547806415,2020-12-09T21:03:26.415Z,buy,1e-06,36.0,3.6e-05
VIB/BTC,1607547815815,2020-12-09T21:03:35.815Z,buy,1e-06,199.0,0.0001989999999999
VIB/BTC,1607547819603,2020-12-09T21:03:39.603Z,sell,9.9e-07,7083.0,0.00701217
VIB/BTC,1607547819603,2020-12-09T21:03:39.603Z,sell,9.8e-07,11234.0,0.01100932
VIB/BTC,1607547830517,2020-12-09T21:03:50.517Z,buy,1e-06,587.0,0.000587
VIB/BTC,1607547831236,2020-12-09T21:03:51.236Z,sell,9.8e-07,9056.0,0.00887488
VIB/BTC,1607547840884,2020-12-09T21:04:00.884Z,buy,9.9e-07,2320.0,0.0022968
VIB/BTC,1607547841192,2020-12-09T21:04:01.192Z,sell,9.8e-07,4593.0,0.00450114
VIB/BTC,1607547843521,2020-12-09T21:04:03.521Z,buy,1e-06,2447.0,0.002447
VIB/BTC,1607547845020,2020-12-09T21:04:05.020Z,sell,9.9e-07,1300.0,0.001287
VIB/BTC,1607547845020,2020-12-09T21:04:05.020Z,sell,9.8e-07,17974.0,0.0176145199999999
VIB/BTC,1607547847638,2020-12-09T21:04:07.638Z,sell,9.7e-07,149.0,0.00014453
VIB/BTC,1607547849870,2020-12-09T21:04:09.870Z,buy,9.9e-07,1000.0,0.00099
VIB/BTC,1607547850406,2020-12-09T21:04:10.406Z,buy,9.9e-07,312.0,0.00030888
VIB/BTC,1607547854575,2020-12-09T21:04:14.575Z,buy,1e-06,587.0,0.000587
VIB/BTC,1607547879477,2020-12-09T21:04:39.477Z,buy,1e-06,625.0,0.000625
VIB/BTC,1607547879477,2020-12-09T21:04:39.477Z,buy,1e-06,1094.0,0.001094
VIB/BTC,1607547931431,2020-12-09T21:05:31.431Z,sell,9.9e-07,1000.0,0.00099
VIB/BTC,1607547931431,2020-12-09T21:05:31.431Z,sell,9.8e-07,20.0,1.96e-05
VIB/BTC,1607547934976,2020-12-09T21:05:34.976Z,buy,1e-06,234.0,0.000234
VIB/BTC,1607547944232,2020-12-09T21:05:44.232Z,buy,1e-06,990.0,0.00099
VIB/BTC,1607547986730,2020-12-09T21:06:26.730Z,sell,9.9e-07,249.0,0.00024651
VIB/BTC,1607547986730,2020-12-09T21:06:26.730Z,sell,9.8e-07,2871.0,0.00281358
VIB/BTC,1607547989448,2020-12-09T21:06:29.448Z,buy,9.9e-07,1314.0,0.00130086
VIB/BTC,1607547992666,2020-12-09T21:06:32.666Z,buy,1e-06,2542.0,0.002542
VIB/BTC,1607548001196,2020-12-09T21:06:41.196Z,sell,9.9e-07,1010.0,0.0009999
VIB/BTC,1607548017383,2020-12-09T21:06:57.383Z,buy,1e-06,875.0,0.0008749999999999
VIB/BTC,1607548060387,2020-12-09T21:07:40.387Z,buy,1e-06,2172.0,0.002172
VIB/BTC,1607548112408,2020-12-09T21:08:32.408Z,buy,1e-06,9128.0,0.0091279999999999
VIB/BTC,1607548142531,2020-12-09T21:09:02.531Z,sell,9.9e-07,2053.0,0.00203247
VIB/BTC,1607548142539,2020-12-09T21:09:02.539Z,buy,9.9e-07,38.0,3.762e-05
VIB/BTC,1607548146606,2020-12-09T21:09:06.606Z,buy,9.9e-07,687.0,0.00068013
VIB/BTC,1607548149405,2020-12-09T21:09:09.405Z,buy,9.9e-07,282.0,0.00027918
VIB/BTC,1607548163611,2020-12-09T21:09:23.611Z,sell,9.8e-07,4777.0,0.0046814599999999
VIB/BTC,1607548172413,2020-12-09T21:09:32.413Z,sell,9.8e-07,1348.0,0.0013210399999999
VIB/BTC,1607548175524,2020-12-09T21:09:35.524Z,buy,9.9e-07,105.0,0.00010395
VIB/BTC,1607548186754,2020-12-09T21:09:46.754Z,buy,9.9e-07,17108.0,0.01693692
VIB/BTC,1607548188989,2020-12-09T21:09:48.989Z,buy,9.9e-07,19601.0,0.01940499
VIB/BTC,1607548189817,2020-12-09T21:09:49.817Z,buy,9.9e-07,44417.0,0.04397283
VIB/BTC,1607548217239,2020-12-09T21:10:17.239Z,sell,9.9e-07,585.0,0.00057915
VIB/BTC,1607548218966,2020-12-09T21:10:18.966Z,sell,9.9e-07,2112.0,0.00209088
VIB/BTC,1607548218973,2020-12-09T21:10:18.973Z,buy,9.9e-07,16736.0,0.01656864
VIB/BTC,1607548219012,2020-12-09T21:10:19.012Z,sell,9.8e-07,11488.0,0.01125824
VIB/BTC,1607548219041,2020-12-09T21:10:19.041Z,sell,9.8e-07,4545.0,0.0044541
VIB/BTC,1607548231938,2020-12-09T21:10:31.938Z,buy,9.9e-07,4331.0,0.00428769
VIB/BTC,1607548234547,2020-12-09T21:10:34.547Z,buy,9.9e-07,1010.0,0.0009999
VIB/BTC,1607548237620,2020-12-09T21:10:37.620Z,buy,1e-06,587.0,0.000587
VIB/BTC,1607548293246,2020-12-09T21:11:33.246Z,sell,9.9e-07,10000.0,0.0099
VIB/BTC,1607548293683,2020-12-09T21:11:33.683Z,buy,9.9e-07,237758.0,0.23538042
VIB/BTC,1607548299748,2020-12-09T21:11:39.748Z,buy,9.9e-07,254.0,0.00025146
VIB/BTC,1607548305786,2020-12-09T21:11:45.786Z,buy,9.9e-07,169780.0,0.1680822
VIB/BTC,1607548311966,2020-12-09T21:11:51.966Z,buy,9.9e-07,234430.0,0.2320857
VIB/BTC,1607548316656,2020-12-09T21:11:56.656Z,sell,9.8e-07,62591.0,0.0613391799999999
VIB/BTC,1607548316732,2020-12-09T21:11:56.732Z,buy,9.8e-07,28.0,2.744e-05
VIB/BTC,1607548317401,2020-12-09T21:11:57.401Z,buy,9.8e-07,2394.0,0.0023461199999999
VIB/BTC,1607548323303,2020-12-09T21:12:03.303Z,buy,9.9e-07,5792.0,0.00573408
VIB/BTC,1607548323313,2020-12-09T21:12:03.313Z,sell,9.9e-07,4208.0,0.00416592
VIB/BTC,1607548344550,2020-12-09T21:12:24.550Z,buy,9.9e-07,33.0,3.2670000000000004e-05
VIB/BTC,1607548369670,2020-12-09T21:12:49.670Z,sell,9.8e-07,1000.0,0.00098
VIB/BTC,1607548380993,2020-12-09T21:13:00.993Z,sell,9.8e-07,49268.0,0.0482826399999999
VIB/BTC,1607548380998,2020-12-09T21:13:00.998Z,buy,9.8e-07,16492.0,0.01616216
VIB/BTC,1607548385075,2020-12-09T21:13:05.075Z,buy,9.8e-07,208.0,0.00020384
VIB/BTC,1607548393696,2020-12-09T21:13:13.696Z,buy,9.8e-07,209.0,0.0002048199999999
VIB/BTC,1607548405922,2020-12-09T21:13:25.922Z,buy,9.8e-07,27666.0,0.0271126799999999
VIB/BTC,1607548426010,2020-12-09T21:13:46.010Z,buy,9.9e-07,875.0,0.00086625
VIB/BTC,1607548426289,2020-12-09T21:13:46.289Z,buy,9.9e-07,1000.0,0.00099
VIB/BTC,1607548443333,2020-12-09T21:14:03.333Z,sell,9.8e-07,5000.0,0.0049
VIB/BTC,1607548485750,2020-12-09T21:14:45.750Z,sell,9.8e-07,10000.0,0.0098
VIB/BTC,1607548491877,2020-12-09T21:14:51.877Z,sell,9.8e-07,852.0,0.0008349599999999
VIB/BTC,1607548496463,2020-12-09T21:14:56.463Z,sell,9.7e-07,57191.0,0.05547527
VIB/BTC,1607548496463,2020-12-09T21:14:56.463Z,sell,9.6e-07,1893.0,0.00181728
VIB/BTC,1607548496463,2020-12-09T21:14:56.463Z,sell,9.6e-07,9119.0,0.00875424
VIB/BTC,1607548512162,2020-12-09T21:15:12.162Z,buy,9.8e-07,470.0,0.0004606
VIB/BTC,1607548519123,2020-12-09T21:15:19.123Z,buy,9.8e-07,451.0,0.0004419799999999
VIB/BTC,1607548533814,2020-12-09T21:15:33.814Z,buy,9.8e-07,75567.0,0.07405566
VIB/BTC,1607548541667,2020-12-09T21:15:41.667Z,buy,9.8e-07,424.0,0.0004155199999999
VIB/BTC,1607548552236,2020-12-09T21:15:52.236Z,sell,9.7e-07,38380.0,0.0372286
VIB/BTC,1607548556965,2020-12-09T21:15:56.965Z,buy,9.8e-07,878.0,0.00086044
VIB/BTC,1607548562653,2020-12-09T21:16:02.653Z,sell,9.7e-07,14000.0,0.01358
VIB/BTC,1607548624048,2020-12-09T21:17:04.048Z,sell,9.7e-07,4352.0,0.00422144
VIB/BTC,1607548635922,2020-12-09T21:17:15.922Z,buy,9.8e-07,2000.0,0.00196
VIB/BTC,1607548664366,2020-12-09T21:17:44.366Z,buy,9.8e-07,6523.0,0.0063925399999999
VIB/BTC,1607548692742,2020-12-09T21:18:12.742Z,buy,9.9e-07,3456.0,0.00342144
VIB/BTC,1607548749201,2020-12-09T21:19:09.201Z,buy,9.8e-07,30.0,2.94e-05
VIB/BTC,1607548750439,2020-12-09T21:19:10.439Z,buy,9.8e-07,37.0,3.626e-05
VIB/BTC,1607548777053,2020-12-09T21:19:37.053Z,buy,9.8e-07,9577.0,0.00938546
VIB/BTC,1607548787424,2020-12-09T21:19:47.424Z,buy,9.9e-07,489.0,0.00048411
VIB/BTC,1607548803455,2020-12-09T21:20:03.455Z,buy,9.9e-07,92944.0,0.09201456
VIB/BTC,1607548813747,2020-12-09T21:20:13.747Z,buy,9.9e-07,3039.0,0.00300861
VIB/BTC,1607548867865,2020-12-09T21:21:07.865Z,sell,9.8e-07,95545.0,0.0936341
VIB/BTC,1607548902267,2020-12-09T21:21:42.267Z,buy,9.9e-07,2678.0,0.00265122
VIB/BTC,1607548929187,2020-12-09T21:22:09.187Z,sell,9.8e-07,11703.0,0.0114689399999999
VIB/BTC,1607548932893,2020-12-09T21:22:12.893Z,sell,9.7e-07,47001.0,0.04559097
VIB/BTC,1607548932910,2020-12-09T21:22:12.910Z,buy,9.7e-07,1063.0,0.00103111
VIB/BTC,1607548939495,2020-12-09T21:22:19.495Z,buy,9.7e-07,88507.0,0.08585179
VIB/BTC,1607548946428,2020-12-09T21:22:26.428Z,buy,9.8e-07,29.0,2.842e-05
VIB/BTC,1607549007828,2020-12-09T21:23:27.828Z,sell,9.7e-07,208.0,0.00020176
VIB/BTC,1607549013018,2020-12-09T21:23:33.018Z,sell,9.7e-07,26590.0,0.0257923
VIB/BTC,1607549022284,2020-12-09T21:23:42.284Z,sell,9.7e-07,200.0,0.000194
VIB/BTC,1607549022761,2020-12-09T21:23:42.761Z,sell,9.7e-07,39705.0,0.03851385
VIB/BTC,1607549029540,2020-12-09T21:23:49.540Z,sell,9.6e-07,21471.0,0.0206121599999999
VIB/BTC,1607549032361,2020-12-09T21:23:52.361Z,buy,9.7e-07,1134.0,0.00109998
VIB/BTC,1607549034259,2020-12-09T21:23:54.259Z,buy,9.7e-07,1134.0,0.00109998
VIB/BTC,1607549034877,2020-12-09T21:23:54.877Z,buy,9.7e-07,60.0,5.8200000000000005e-05
VIB/BTC,1607549048236,2020-12-09T21:24:08.236Z,buy,9.8e-07,2643.0,0.00259014
VIB/BTC,1607549110996,2020-12-09T21:25:10.996Z,sell,9.7e-07,330.0,0.0003201
VIB/BTC,1607549118130,2020-12-09T21:25:18.130Z,sell,9.7e-07,3448.0,0.00334456
VIB/BTC,1607549220200,2020-12-09T21:27:00.200Z,buy,9.8e-07,2551.0,0.0024999799999999
VIB/BTC,1607549222477,2020-12-09T21:27:02.477Z,buy,9.8e-07,1522.0,0.0014915599999999
VIB/BTC,1607549222477,2020-12-09T21:27:02.477Z,buy,9.8e-07,1522.0,0.0014915599999999
VIB/BTC,1607549222478,2020-12-09T21:27:02.478Z,buy,9.8e-07,294.0,0.00028812
VIB/BTC,1607549224771,2020-12-09T21:27:04.771Z,buy,9.8e-07,112.0,0.0001097599999999
VIB/BTC,1607549226196,2020-12-09T21:27:06.196Z,buy,9.8e-07,478.0,0.00046844
VIB/BTC,1607549233513,2020-12-09T21:27:13.513Z,buy,9.8e-07,461.0,0.00045178
VIB/BTC,1607549235302,2020-12-09T21:27:15.302Z,buy,9.8e-07,3837.0,0.0037602599999999
VIB/BTC,1607549237747,2020-12-09T21:27:17.747Z,buy,9.8e-07,2055.0,0.0020139
VIB/BTC,1607549241527,2020-12-09T21:27:21.527Z,buy,9.8e-07,1596.0,0.0015640799999999
VIB/BTC,1607549241665,2020-12-09T21:27:21.665Z,buy,9.8e-07,4095.0,0.0040130999999999
VIB/BTC,1607549257620,2020-12-09T21:27:37.620Z,buy,9.8e-07,1343.0,0.00131614
VIB/BTC,1607549269799,2020-12-09T21:27:49.799Z,buy,9.8e-07,1025.0,0.0010045
VIB/BTC,1607549275624,2020-12-09T21:27:55.624Z,buy,9.8e-07,512.0,0.00050176
VIB/BTC,1607549347540,2020-12-09T21:29:07.540Z,buy,9.8e-07,14796.0,0.0145000799999999
VIB/BTC,1607549347548,2020-12-09T21:29:07.548Z,sell,9.8e-07,2085.0,0.0020433
VIB/BTC,1607549382791,2020-12-09T21:29:42.791Z,sell,9.7e-07,523.0,0.00050731
VIB/BTC,1607549410967,2020-12-09T21:30:10.967Z,sell,9.7e-07,385.0,0.00037345
VIB/BTC,1607549485543,2020-12-09T21:31:25.543Z,buy,9.8e-07,2569.0,0.00251762
VIB/BTC,1607549518732,2020-12-09T21:31:58.732Z,sell,9.7e-07,7654.0,0.00742438
VIB/BTC,1607549548533,2020-12-09T21:32:28.533Z,buy,9.8e-07,5.0,4.9e-06
VIB/BTC,1607549548533,2020-12-09T21:32:28.533Z,buy,9.9e-07,195.0,0.00019305
VIB/BTC,1607549593210,2020-12-09T21:33:13.210Z,buy,9.9e-07,203.0,0.00020097
VIB/BTC,1607549621423,2020-12-09T21:33:41.423Z,sell,9.7e-07,1544.0,0.00149768
VIB/BTC,1607549654544,2020-12-09T21:34:14.544Z,buy,9.8e-07,235.0,0.0002303
VIB/BTC,1607549730794,2020-12-09T21:35:30.794Z,sell,9.8e-07,1000.0,0.00098
VIB/BTC,1607549790447,2020-12-09T21:36:30.447Z,sell,9.7e-07,1932.0,0.00187404
VIB/BTC,1607549812661,2020-12-09T21:36:52.661Z,sell,9.7e-07,1224.0,0.00118728
VIB/BTC,1607549921059,2020-12-09T21:38:41.059Z,sell,9.7e-07,14263.0,0.01383511
VIB/BTC,1607549933337,2020-12-09T21:38:53.337Z,sell,9.7e-07,119.0,0.00011543
VIB/BTC,1607549942312,2020-12-09T21:39:02.312Z,sell,9.7e-07,123.0,0.00011931
VIB/BTC,1607550026093,2020-12-09T21:40:26.093Z,sell,9.7e-07,16069.0,0.01558693
VIB/BTC,1607550040919,2020-12-09T21:40:40.919Z,buy,9.8e-07,34.0,3.332e-05
VIB/BTC,1607550040919,2020-12-09T21:40:40.919Z,buy,9.8e-07,2230.0,0.0021853999999999
VIB/BTC,1607550091002,2020-12-09T21:41:31.002Z,buy,9.8e-07,17745.0,0.0173901
VIB/BTC,1607550212188,2020-12-09T21:43:32.188Z,buy,9.8e-07,4305.0,0.0042188999999999
VIB/BTC,1607550212211,2020-12-09T21:43:32.211Z,sell,9.8e-07,31995.0,0.0313551
VIB/BTC,1607550388796,2020-12-09T21:46:28.796Z,buy,9.8e-07,6280.0,0.0061544
VIB/BTC,1607550545650,2020-12-09T21:49:05.650Z,buy,9.8e-07,906.0,0.00088788
VIB/BTC,1607550563190,2020-12-09T21:49:23.190Z,sell,9.7e-07,2697.0,0.00261609
VIB/BTC,1607550572693,2020-12-09T21:49:32.693Z,sell,9.7e-07,334.0,0.00032398
VIB/BTC,1607550581560,2020-12-09T21:49:41.560Z,sell,9.7e-07,10541.0,0.01022477
VIB/BTC,1607550774080,2020-12-09T21:52:54.080Z,buy,9.9e-07,32.0,3.168e-05
VIB/BTC,1607550774294,2020-12-09T21:52:54.294Z,buy,9.9e-07,488.0,0.00048312
VIB/BTC,1607550883389,2020-12-09T21:54:43.389Z,sell,9.8e-07,905.0,0.0008868999999999
VIB/BTC,1607550987117,2020-12-09T21:56:27.117Z,sell,9.8e-07,12717.0,0.0124626599999999
VIB/BTC,1607551354984,2020-12-09T22:02:34.984Z,sell,9.7e-07,21838.0,0.02118286
VIB/BTC,1607551364826,2020-12-09T22:02:44.826Z,sell,9.7e-07,89394.0,0.08671218
VIB/BTC,1607551372412,2020-12-09T22:02:52.412Z,sell,9.7e-07,26882.0,0.02607554
VIB/BTC,1607551372525,2020-12-09T22:02:52.525Z,buy,9.7e-07,4461.0,0.00432717
VIB/BTC,1607551376321,2020-12-09T22:02:56.321Z,buy,9.7e-07,1414.0,0.00137158
VIB/BTC,1607551386354,2020-12-09T22:03:06.354Z,buy,9.8e-07,6907.0,0.00676886
VIB/BTC,1607551526787,2020-12-09T22:05:26.787Z,sell,9.7e-07,1287.0,0.00124839
VIB/BTC,1607551526787,2020-12-09T22:05:26.787Z,sell,9.6e-07,31470.0,0.0302111999999999
VIB/BTC,1607551526787,2020-12-09T22:05:26.787Z,sell,9.6e-07,285.0,0.0002736
VIB/BTC,1607551535116,2020-12-09T22:05:35.116Z,buy,9.7e-07,2330.0,0.0022601
VIB/BTC,1607551574189,2020-12-09T22:06:14.189Z,sell,9.6e-07,2169.0,0.00208224
VIB/BTC,1607551634616,2020-12-09T22:07:14.616Z,sell,9.6e-07,51757.0,0.04968672
VIB/BTC,1607551639234,2020-12-09T22:07:19.234Z,sell,9.6e-07,80000.0,0.0768
VIB/BTC,1607551658518,2020-12-09T22:07:38.518Z,buy,9.7e-07,518.0,0.00050246
VIB/BTC,1607551658997,2020-12-09T22:07:38.997Z,sell,9.6e-07,4710.0,0.0045216
VIB/BTC,1607551663973,2020-12-09T22:07:43.973Z,buy,9.7e-07,307.0,0.00029779
VIB/BTC,1607551682195,2020-12-09T22:08:02.195Z,sell,9.6e-07,3421.0,0.0032841599999999
VIB/BTC,1607551682232,2020-12-09T22:08:02.232Z,buy,9.6e-07,1825.0,0.0017519999999999
VIB/BTC,1607551701546,2020-12-09T22:08:21.546Z,buy,9.7e-07,489.0,0.00047433
VIB/BTC,1607551714906,2020-12-09T22:08:34.906Z,buy,9.7e-07,1254.0,0.00121638
VIB/BTC,1607551715085,2020-12-09T22:08:35.085Z,buy,9.7e-07,1254.0,0.00121638
VIB/BTC,1607551758623,2020-12-09T22:09:18.623Z,sell,9.6e-07,5471.0,0.00525216
VIB/BTC,1607551758778,2020-12-09T22:09:18.778Z,buy,9.6e-07,654.0,0.00062784
VIB/BTC,1607551763305,2020-12-09T22:09:23.305Z,buy,9.6e-07,1458.0,0.00139968
VIB/BTC,1607551763793,2020-12-09T22:09:23.793Z,buy,9.6e-07,1709.0,0.0016406399999999
VIB/BTC,1607551765001,2020-12-09T22:09:25.001Z,buy,9.6e-07,923.0,0.0008860799999999
VIB/BTC,1607551765001,2020-12-09T22:09:25.001Z,buy,9.7e-07,3146.0,0.00305162
VIB/BTC,1607551765090,2020-12-09T22:09:25.090Z,buy,9.7e-07,1822.0,0.00176734
VIB/BTC,1607551766088,2020-12-09T22:09:26.088Z,buy,9.7e-07,4090.0,0.0039673
VIB/BTC,1607551894277,2020-12-09T22:11:34.277Z,buy,9.7e-07,505.0,0.00048985
VIB/BTC,1607552419103,2020-12-09T22:20:19.103Z,buy,9.7e-07,1036.0,0.00100492
VIB/BTC,1607552419103,2020-12-09T22:20:19.103Z,buy,9.7e-07,1036.0,0.00100492
VIB/BTC,1607553206786,2020-12-09T22:33:26.786Z,sell,9.5e-07,3977.0,0.00377815
VIB/BTC,1607553254118,2020-12-09T22:34:14.118Z,buy,9.6e-07,108.0,0.00010368
VIB/BTC,1607553283095,2020-12-09T22:34:43.095Z,buy,9.6e-07,3179.0,0.0030518399999999
VIB/BTC,1607553285325,2020-12-09T22:34:45.325Z,buy,9.6e-07,38.0,3.648e-05
VIB/BTC,1607553286628,2020-12-09T22:34:46.628Z,buy,9.6e-07,15048.0,0.0144460799999999
VIB/BTC,1607553467084,2020-12-09T22:37:47.084Z,buy,9.7e-07,38.0,3.686e-05
VIB/BTC,1607553597950,2020-12-09T22:39:57.950Z,buy,9.7e-07,1711.0,0.00165967
VIB/BTC,1607553599938,2020-12-09T22:39:59.938Z,buy,9.7e-07,1867.0,0.00181099
VIB/BTC,1607553628095,2020-12-09T22:40:28.095Z,buy,9.7e-07,104.0,0.00010088
VIB/BTC,1607553940694,2020-12-09T22:45:40.694Z,buy,9.7e-07,2650.0,0.0025705
VIB/BTC,1607554007636,2020-12-09T22:46:47.636Z,sell,9.6e-07,602.0,0.00057792
VIB/BTC,1607554060406,2020-12-09T22:47:40.406Z,buy,9.7e-07,537.0,0.00052089
VIB/BTC,1607554061290,2020-12-09T22:47:41.290Z,buy,9.7e-07,2575.0,0.00249775
VIB/BTC,1607554132393,2020-12-09T22:48:52.393Z,buy,9.7e-07,1111.0,0.00107767
VIB/BTC,1607554535613,2020-12-09T22:55:35.613Z,sell,9.6e-07,44412.0,0.0426355199999999
VIB/BTC,1607554640491,2020-12-09T22:57:20.491Z,sell,9.6e-07,5104.0,0.00489984
VIB/BTC,1607554783089,2020-12-09T22:59:43.089Z,sell,9.6e-07,4366.0,0.00419136
VIB/BTC,1607554811094,2020-12-09T23:00:11.094Z,sell,9.6e-07,8456.0,0.00811776
VIB/BTC,1607554995631,2020-12-09T23:03:15.631Z,buy,9.7e-07,328.0,0.00031816
VIB/BTC,1607555002420,2020-12-09T23:03:22.420Z,buy,9.7e-07,329.0,0.00031913
VIB/BTC,1607555102024,2020-12-09T23:05:02.024Z,buy,9.7e-07,8791.0,0.00852727
VIB/BTC,1607555248108,2020-12-09T23:07:28.108Z,buy,9.7e-07,2000.0,0.00194
VIB/BTC,1607555255634,2020-12-09T23:07:35.634Z,buy,9.7e-07,541.0,0.00052477
VIB/BTC,1607555260892,2020-12-09T23:07:40.892Z,buy,9.7e-07,2965.0,0.00287605
VIB/BTC,1607555269130,2020-12-09T23:07:49.130Z,buy,9.7e-07,5000.0,0.00485
VIB/BTC,1607555276731,2020-12-09T23:07:56.731Z,buy,9.7e-07,634.0,0.00061498
VIB/BTC,1607555284514,2020-12-09T23:08:04.514Z,buy,9.7e-07,2582.0,0.00250454
VIB/BTC,1607555293358,2020-12-09T23:08:13.358Z,buy,9.7e-07,6523.0,0.00632731
VIB/BTC,1607555300365,2020-12-09T23:08:20.365Z,buy,9.7e-07,3756.0,0.00364332
VIB/BTC,1607555301065,2020-12-09T23:08:21.065Z,sell,9.7e-07,1030.0,0.0009991
VIB/BTC,1607555312428,2020-12-09T23:08:32.428Z,buy,9.8e-07,34.0,3.332e-05
VIB/BTC,1607555345238,2020-12-09T23:09:05.238Z,sell,9.7e-07,4167.0,0.00404199
VIB/BTC,1607555354695,2020-12-09T23:09:14.695Z,buy,9.8e-07,2173.0,0.0021295399999999
VIB/BTC,1607555362661,2020-12-09T23:09:22.661Z,buy,9.8e-07,4907.0,0.00480886
VIB/BTC,1607555362669,2020-12-09T23:09:22.669Z,sell,9.8e-07,1613.0,0.00158074
VIB/BTC,1607555491303,2020-12-09T23:11:31.303Z,buy,9.8e-07,747.0,0.00073206
VIB/BTC,1607555535042,2020-12-09T23:12:15.042Z,buy,9.8e-07,1176.0,0.00115248
VIB/BTC,1607555889694,2020-12-09T23:18:09.694Z,sell,9.7e-07,8782.0,0.00851854
VIB/BTC,1607555889694,2020-12-09T23:18:09.694Z,sell,9.7e-07,8782.0,0.00851854
VIB/BTC,1607556041520,2020-12-09T23:20:41.520Z,sell,9.7e-07,53381.0,0.05177957
VIB/BTC,1607556041621,2020-12-09T23:20:41.621Z,buy,9.7e-07,537.0,0.00052089
VIB/BTC,1607556041819,2020-12-09T23:20:41.819Z,buy,9.7e-07,821.0,0.00079637
VIB/BTC,1607556041891,2020-12-09T23:20:41.891Z,buy,9.7e-07,3031.0,0.00294007
VIB/BTC,1607556086401,2020-12-09T23:21:26.401Z,buy,9.7e-07,209.0,0.00020273
VIB/BTC,1607556508503,2020-12-09T23:28:28.503Z,sell,9.6e-07,203030.0,0.1949088
VIB/BTC,1607556508541,2020-12-09T23:28:28.541Z,sell,9.6e-07,31250.0,0.03
VIB/BTC,1607556561021,2020-12-09T23:29:21.021Z,sell,9.6e-07,105.0,0.0001008
VIB/BTC,1607556565316,2020-12-09T23:29:25.316Z,buy,9.6e-07,3549.0,0.0034070399999999
VIB/BTC,1607556572254,2020-12-09T23:29:32.254Z,buy,9.6e-07,4366.0,0.00419136
VIB/BTC,1607556586304,2020-12-09T23:29:46.304Z,buy,9.6e-07,3695.0,0.0035471999999999
VIB/BTC,1607556591932,2020-12-09T23:29:51.932Z,buy,9.6e-07,106.0,0.0001017599999999
VIB/BTC,1607556593315,2020-12-09T23:29:53.315Z,buy,9.6e-07,3227.0,0.0030979199999999
VIB/BTC,1607556857207,2020-12-09T23:34:17.207Z,buy,9.6e-07,1103.0,0.0010588799999999
VIB/BTC,1607557140620,2020-12-09T23:39:00.620Z,buy,9.7e-07,169.0,0.00016393
VIB/BTC,1607557269778,2020-12-09T23:41:09.778Z,buy,9.6e-07,1202.0,0.00115392
VIB/BTC,1607557346000,2020-12-09T23:42:26.000Z,sell,9.5e-07,547.0,0.00051965
VIB/BTC,1607557385399,2020-12-09T23:43:05.399Z,sell,9.5e-07,548.0,0.0005206
VIB/BTC,1607557390163,2020-12-09T23:43:10.163Z,sell,9.5e-07,548.0,0.0005206
