symbol,timestamp,datetime,side,price,amount,btc_volume
VIBE/BTC,1530550844666,2018-07-02T17:00:44.666Z,buy,1.292e-05,22.0,0.00028424
VIBE/BTC,1530550856619,2018-07-02T17:00:56.619Z,sell,1.284e-05,886.0,0.01137624
VIBE/BTC,1530550856619,2018-07-02T17:00:56.619Z,sell,1.277e-05,200.0,0.002554
VIBE/BTC,1530550856619,2018-07-02T17:00:56.619Z,sell,1.275e-05,2.0,2.55e-05
VIBE/BTC,1530550886060,2018-07-02T17:01:26.060Z,buy,1.285e-05,200.0,0.00257
VIBE/BTC,1530551132495,2018-07-02T17:05:32.495Z,buy,1.284e-05,682.0,0.00875688
VIBE/BTC,1530551288709,2018-07-02T17:08:08.709Z,sell,1.284e-05,650.0,0.008346
VIBE/BTC,1530551294211,2018-07-02T17:08:14.211Z,buy,1.283e-05,120.0,0.0015396
VIBE/BTC,1530551295247,2018-07-02T17:08:15.247Z,buy,1.283e-05,80.0,0.0010264
VIBE/BTC,1530551308581,2018-07-02T17:08:28.581Z,buy,1.288e-05,650.0,0.008372
VIBE/BTC,1530551323106,2018-07-02T17:08:43.106Z,sell,1.288e-05,1242.0,0.01599696
VIBE/BTC,1530551343528,2018-07-02T17:09:03.528Z,sell,1.288e-05,2800.0,0.036064
VIBE/BTC,1530551344105,2018-07-02T17:09:04.105Z,sell,1.288e-05,138.0,0.00177744
VIBE/BTC,1530551354287,2018-07-02T17:09:14.287Z,buy,1.288e-05,775.0,0.009982
VIBE/BTC,1530551362122,2018-07-02T17:09:22.122Z,buy,1.283e-05,80.0,0.0010264
VIBE/BTC,1530551362122,2018-07-02T17:09:22.122Z,buy,1.283e-05,120.0,0.0015396
VIBE/BTC,1530551718078,2018-07-02T17:15:18.078Z,buy,1.283e-05,266.0,0.00341278
VIBE/BTC,1530551718078,2018-07-02T17:15:18.078Z,buy,1.284e-05,513.0,0.00658692
VIBE/BTC,1530551769177,2018-07-02T17:16:09.177Z,sell,1.274e-05,214.0,0.00272636
VIBE/BTC,1530551875949,2018-07-02T17:17:55.949Z,buy,1.285e-05,15.0,0.00019275
VIBE/BTC,1530551876038,2018-07-02T17:17:56.038Z,buy,1.285e-05,401.0,0.00515285
VIBE/BTC,1530551885554,2018-07-02T17:18:05.554Z,buy,1.285e-05,82.0,0.0010537
VIBE/BTC,1530552008242,2018-07-02T17:20:08.242Z,buy,1.285e-05,201.0,0.00258285
VIBE/BTC,1530552011208,2018-07-02T17:20:11.208Z,buy,1.289e-05,1191.0,0.01535199
VIBE/BTC,1530552014285,2018-07-02T17:20:14.285Z,buy,1.29e-05,1242.0,0.0160218
VIBE/BTC,1530552017820,2018-07-02T17:20:17.820Z,buy,1.292e-05,195.0,0.0025194
VIBE/BTC,1530552154159,2018-07-02T17:22:34.159Z,sell,1.283e-05,1000.0,0.01283
VIBE/BTC,1530552334364,2018-07-02T17:25:34.364Z,sell,1.283e-05,82.0,0.00105206
VIBE/BTC,1530552366714,2018-07-02T17:26:06.714Z,buy,1.29e-05,99.0,0.0012771
VIBE/BTC,1530552661847,2018-07-02T17:31:01.847Z,buy,1.288e-05,5705.0,0.0734804
VIBE/BTC,1530552665015,2018-07-02T17:31:05.015Z,sell,1.283e-05,1401.0,0.01797483
VIBE/BTC,1530552665015,2018-07-02T17:31:05.015Z,sell,1.279e-05,200.0,0.002558
VIBE/BTC,1530552665015,2018-07-02T17:31:05.015Z,sell,1.278e-05,296.0,0.0037828799999999
VIBE/BTC,1530552665015,2018-07-02T17:31:05.015Z,sell,1.277e-05,297.0,0.00379269
VIBE/BTC,1530552665015,2018-07-02T17:31:05.015Z,sell,1.276e-05,93.0,0.00118668
VIBE/BTC,1530552665015,2018-07-02T17:31:05.015Z,sell,1.274e-05,3335.0,0.0424879
VIBE/BTC,1530552775396,2018-07-02T17:32:55.396Z,sell,1.281e-05,1455.0,0.01863855
VIBE/BTC,1530552775414,2018-07-02T17:32:55.414Z,buy,1.278e-05,597.0,0.00762966
VIBE/BTC,1530552775417,2018-07-02T17:32:55.417Z,buy,1.278e-05,1.0,1.278e-05
VIBE/BTC,1530552775417,2018-07-02T17:32:55.417Z,buy,1.285e-05,93.0,0.00119505
VIBE/BTC,1530552775417,2018-07-02T17:32:55.417Z,buy,1.286e-05,297.0,0.00381942
VIBE/BTC,1530552775417,2018-07-02T17:32:55.417Z,buy,1.287e-05,207.0,0.00266409
VIBE/BTC,1530552793054,2018-07-02T17:33:13.054Z,sell,1.286e-05,233.0,0.00299638
VIBE/BTC,1530552793118,2018-07-02T17:33:13.118Z,sell,1.286e-05,418.0,0.00537548
VIBE/BTC,1530552804259,2018-07-02T17:33:24.259Z,buy,1.287e-05,89.0,0.00114543
VIBE/BTC,1530552804259,2018-07-02T17:33:24.259Z,buy,1.288e-05,111.0,0.00142968
VIBE/BTC,1530552813543,2018-07-02T17:33:33.543Z,sell,1.286e-05,7125.0,0.0916275
VIBE/BTC,1530553047571,2018-07-02T17:37:27.571Z,buy,1.286e-05,180.0,0.0023148
VIBE/BTC,1530553115768,2018-07-02T17:38:35.768Z,buy,1.286e-05,50.0,0.000643
VIBE/BTC,1530553200231,2018-07-02T17:40:00.231Z,buy,1.286e-05,2994.0,0.03850284
VIBE/BTC,1530553200231,2018-07-02T17:40:00.231Z,buy,1.287e-05,2097.0,0.02698839
VIBE/BTC,1530553200231,2018-07-02T17:40:00.231Z,buy,1.289e-05,11807.0,0.15219223
VIBE/BTC,1530553211201,2018-07-02T17:40:11.201Z,buy,1.287e-05,228.0,0.00293436
VIBE/BTC,1530553211201,2018-07-02T17:40:11.201Z,buy,1.288e-05,200.0,0.002576
VIBE/BTC,1530553211201,2018-07-02T17:40:11.201Z,buy,1.289e-05,4294.0,0.05534966
VIBE/BTC,1530553211201,2018-07-02T17:40:11.201Z,buy,1.292e-05,1142.0,0.01475464
VIBE/BTC,1530553305103,2018-07-02T17:41:45.103Z,sell,1.292e-05,657.0,0.00848844
VIBE/BTC,1530553383172,2018-07-02T17:43:03.172Z,buy,1.296e-05,86.0,0.00111456
VIBE/BTC,1530553383215,2018-07-02T17:43:03.215Z,sell,1.297e-05,592.0,0.0076782399999999
VIBE/BTC,1530553383341,2018-07-02T17:43:03.341Z,sell,1.297e-05,4037.0,0.05235989
VIBE/BTC,1530553526039,2018-07-02T17:45:26.039Z,buy,1.298e-05,498.0,0.00646404
VIBE/BTC,1530553526039,2018-07-02T17:45:26.039Z,buy,1.299e-05,200.0,0.002598
VIBE/BTC,1530553526039,2018-07-02T17:45:26.039Z,buy,1.3e-05,2088.0,0.0271439999999999
VIBE/BTC,1530553526039,2018-07-02T17:45:26.039Z,buy,1.301e-05,514.0,0.00668714
VIBE/BTC,1530553527381,2018-07-02T17:45:27.381Z,buy,1.301e-05,767.0,0.00997867
VIBE/BTC,1530553527463,2018-07-02T17:45:27.463Z,buy,1.301e-05,767.0,0.00997867
VIBE/BTC,1530553612715,2018-07-02T17:46:52.715Z,buy,1.301e-05,2738.0,0.03562138
VIBE/BTC,1530553612730,2018-07-02T17:46:52.730Z,sell,1.301e-05,333.0,0.00433233
VIBE/BTC,1530553612765,2018-07-02T17:46:52.765Z,sell,1.301e-05,80.0,0.0010408
VIBE/BTC,1530553613484,2018-07-02T17:46:53.484Z,sell,1.301e-05,3847.0,0.05004947
VIBE/BTC,1530553686342,2018-07-02T17:48:06.342Z,sell,1.301e-05,4519.0,0.05879219
VIBE/BTC,1530553851320,2018-07-02T17:50:51.320Z,sell,1.297e-05,6.0,7.782e-05
VIBE/BTC,1530553881745,2018-07-02T17:51:21.745Z,sell,1.297e-05,79.0,0.00102463
VIBE/BTC,1530553952803,2018-07-02T17:52:32.803Z,buy,1.302e-05,705.0,0.0091791
VIBE/BTC,1530553952849,2018-07-02T17:52:32.849Z,sell,1.302e-05,112.0,0.00145824
VIBE/BTC,1530554095823,2018-07-02T17:54:55.823Z,sell,1.298e-05,66.0,0.00085668
VIBE/BTC,1530554175078,2018-07-02T17:56:15.078Z,buy,1.302e-05,1571.0,0.02045442
VIBE/BTC,1530554215546,2018-07-02T17:56:55.546Z,buy,1.302e-05,512.0,0.00666624
VIBE/BTC,1530554223055,2018-07-02T17:57:03.055Z,buy,1.303e-05,99.0,0.00128997
VIBE/BTC,1530554223055,2018-07-02T17:57:03.055Z,buy,1.305e-05,463.0,0.00604215
VIBE/BTC,1530554223055,2018-07-02T17:57:03.055Z,buy,1.307e-05,2726.0,0.03562882
VIBE/BTC,1530554223089,2018-07-02T17:57:03.089Z,sell,1.307e-05,1016.0,0.01327912
VIBE/BTC,1530554223390,2018-07-02T17:57:03.390Z,sell,1.307e-05,6050.0,0.0790735
VIBE/BTC,1530554261520,2018-07-02T17:57:41.520Z,sell,1.303e-05,709.0,0.00923827
VIBE/BTC,1530554262652,2018-07-02T17:57:42.652Z,buy,1.307e-05,709.0,0.00926663
VIBE/BTC,1530554262652,2018-07-02T17:57:42.652Z,buy,1.308e-05,55.0,0.0007194
VIBE/BTC,1530554286142,2018-07-02T17:58:06.142Z,sell,1.301e-05,200.0,0.002602
VIBE/BTC,1530554286142,2018-07-02T17:58:06.142Z,sell,1.299e-05,1024.0,0.01330176
VIBE/BTC,1530554286142,2018-07-02T17:58:06.142Z,sell,1.298e-05,720.0,0.0093455999999999
VIBE/BTC,1530554286142,2018-07-02T17:58:06.142Z,sell,1.297e-05,1942.0,0.02518774
VIBE/BTC,1530554323530,2018-07-02T17:58:43.530Z,sell,1.301e-05,689.0,0.00896389
VIBE/BTC,1530554323530,2018-07-02T17:58:43.530Z,sell,1.301e-05,689.0,0.00896389
VIBE/BTC,1530554439793,2018-07-02T18:00:39.793Z,buy,1.303e-05,1940.0,0.0252782
VIBE/BTC,1530554439795,2018-07-02T18:00:39.795Z,buy,1.307e-05,1024.0,0.01338368
VIBE/BTC,1530554439795,2018-07-02T18:00:39.795Z,buy,1.308e-05,916.0,0.01198128
VIBE/BTC,1530554439889,2018-07-02T18:00:39.889Z,sell,1.298e-05,200.0,0.002596
VIBE/BTC,1530554439889,2018-07-02T18:00:39.889Z,sell,1.297e-05,452.0,0.00586244
VIBE/BTC,1530554439889,2018-07-02T18:00:39.889Z,sell,1.295e-05,986.0,0.0127687
VIBE/BTC,1530554442909,2018-07-02T18:00:42.909Z,sell,1.295e-05,1129.0,0.01462055
VIBE/BTC,1530554442909,2018-07-02T18:00:42.909Z,sell,1.294e-05,811.0,0.01049434
VIBE/BTC,1530554561761,2018-07-02T18:02:41.761Z,buy,1.297e-05,811.0,0.0105186699999999
VIBE/BTC,1530554562419,2018-07-02T18:02:42.419Z,sell,1.297e-05,445.0,0.00577165
VIBE/BTC,1530554913489,2018-07-02T18:08:33.489Z,sell,1.29e-05,200.0,0.00258
VIBE/BTC,1530554913489,2018-07-02T18:08:33.489Z,sell,1.289e-05,95.0,0.00122455
VIBE/BTC,1530554913885,2018-07-02T18:08:33.885Z,sell,1.286e-05,357.0,0.00459102
VIBE/BTC,1530554945357,2018-07-02T18:09:05.357Z,buy,1.293e-05,100.0,0.0012929999999999
VIBE/BTC,1530554945952,2018-07-02T18:09:05.952Z,buy,1.293e-05,962.0,0.01243866
VIBE/BTC,1530554998911,2018-07-02T18:09:58.911Z,buy,1.293e-05,26.0,0.00033618
VIBE/BTC,1530554998911,2018-07-02T18:09:58.911Z,buy,1.294e-05,95.0,0.0012293
VIBE/BTC,1530554998911,2018-07-02T18:09:58.911Z,buy,1.295e-05,295.0,0.00382025
VIBE/BTC,1530554998911,2018-07-02T18:09:58.911Z,buy,1.301e-05,357.0,0.00464457
VIBE/BTC,1530555562685,2018-07-02T18:19:22.685Z,buy,1.301e-05,670.0,0.0087167
VIBE/BTC,1530555562685,2018-07-02T18:19:22.685Z,buy,1.302e-05,98.0,0.00127596
VIBE/BTC,1530555573143,2018-07-02T18:19:33.143Z,buy,1.302e-05,1053.0,0.01371006
VIBE/BTC,1530555773078,2018-07-02T18:22:53.078Z,buy,1.302e-05,710.0,0.0092442
VIBE/BTC,1530555773078,2018-07-02T18:22:53.078Z,buy,1.303e-05,58.0,0.00075574
VIBE/BTC,1530555796378,2018-07-02T18:23:16.378Z,sell,1.296e-05,662.0,0.00857952
VIBE/BTC,1530555796378,2018-07-02T18:23:16.378Z,sell,1.291e-05,369.0,0.00476379
VIBE/BTC,1530555920299,2018-07-02T18:25:20.299Z,buy,1.3e-05,662.0,0.0086059999999999
VIBE/BTC,1530556149478,2018-07-02T18:29:09.478Z,sell,1.3e-05,393.0,0.005109
VIBE/BTC,1530556192741,2018-07-02T18:29:52.741Z,sell,1.3e-05,100.0,0.0013
VIBE/BTC,1530556219308,2018-07-02T18:30:19.308Z,sell,1.3e-05,3045.0,0.0395849999999999
VIBE/BTC,1530556288416,2018-07-02T18:31:28.416Z,sell,1.3e-05,1000.0,0.013
VIBE/BTC,1530556408936,2018-07-02T18:33:28.936Z,sell,1.3e-05,426.0,0.0055379999999999
VIBE/BTC,1530556420130,2018-07-02T18:33:40.130Z,sell,1.3e-05,2482.0,0.0322659999999999
VIBE/BTC,1530556542255,2018-07-02T18:35:42.255Z,sell,1.294e-05,70.0,0.0009058
VIBE/BTC,1530556549806,2018-07-02T18:35:49.806Z,sell,1.292e-05,70.0,0.0009044
VIBE/BTC,1530556872135,2018-07-02T18:41:12.135Z,sell,1.296e-05,807.0,0.01045872
VIBE/BTC,1530556872246,2018-07-02T18:41:12.246Z,sell,1.293e-05,918.0,0.01186974
VIBE/BTC,1530556873096,2018-07-02T18:41:13.096Z,buy,1.295e-05,807.0,0.01045065
VIBE/BTC,1530557164199,2018-07-02T18:46:04.199Z,buy,1.294e-05,369.0,0.00477486
VIBE/BTC,1530557164199,2018-07-02T18:46:04.199Z,buy,1.296e-05,403.0,0.00522288
VIBE/BTC,1530557323679,2018-07-02T18:48:43.679Z,sell,1.286e-05,6641.0,0.08540326
VIBE/BTC,1530557323679,2018-07-02T18:48:43.679Z,sell,1.286e-05,611.0,0.00785746
VIBE/BTC,1530557323679,2018-07-02T18:48:43.679Z,sell,1.285e-05,2218.0,0.0285013
VIBE/BTC,1530557348184,2018-07-02T18:49:08.184Z,buy,1.291e-05,807.0,0.01041837
VIBE/BTC,1530557491754,2018-07-02T18:51:31.754Z,buy,1.291e-05,200.0,0.002582
VIBE/BTC,1530557497189,2018-07-02T18:51:37.189Z,buy,1.291e-05,362.0,0.00467342
VIBE/BTC,1530557577345,2018-07-02T18:52:57.345Z,buy,1.292e-05,2588.0,0.03343696
VIBE/BTC,1530557577364,2018-07-02T18:52:57.364Z,buy,1.293e-05,1571.0,0.02031303
VIBE/BTC,1530557580153,2018-07-02T18:53:00.153Z,sell,1.288e-05,168.0,0.00216384
VIBE/BTC,1530557603508,2018-07-02T18:53:23.508Z,buy,1.296e-05,346.0,0.00448416
VIBE/BTC,1530557603508,2018-07-02T18:53:23.508Z,buy,1.301e-05,168.0,0.00218568
VIBE/BTC,1530557603508,2018-07-02T18:53:23.508Z,buy,1.302e-05,3386.0,0.04408572
VIBE/BTC,1530557617777,2018-07-02T18:53:37.777Z,buy,1.301e-05,101.0,0.00131401
VIBE/BTC,1530557653370,2018-07-02T18:54:13.370Z,sell,1.294e-05,621.0,0.00803574
VIBE/BTC,1530557653370,2018-07-02T18:54:13.370Z,sell,1.29e-05,8.0,0.0001032
VIBE/BTC,1530557661312,2018-07-02T18:54:21.312Z,buy,1.291e-05,621.0,0.00801711
VIBE/BTC,1530557731228,2018-07-02T18:55:31.228Z,buy,1.289e-05,621.0,0.00800469
VIBE/BTC,1530557787646,2018-07-02T18:56:27.646Z,buy,1.29e-05,1155.0,0.0148995
VIBE/BTC,1530557787646,2018-07-02T18:56:27.646Z,buy,1.291e-05,410.0,0.0052931
VIBE/BTC,1530557792256,2018-07-02T18:56:32.256Z,buy,1.291e-05,4104.0,0.05298264
VIBE/BTC,1530557792256,2018-07-02T18:56:32.256Z,buy,1.291e-05,4104.0,0.05298264
VIBE/BTC,1530558029325,2018-07-02T19:00:29.325Z,buy,1.294e-05,232.0,0.00300208
VIBE/BTC,1530558245827,2018-07-02T19:04:05.827Z,buy,1.302e-05,4313.0,0.05615526
VIBE/BTC,1530558248965,2018-07-02T19:04:08.965Z,sell,1.296e-05,691.0,0.0089553599999999
VIBE/BTC,1530558248965,2018-07-02T19:04:08.965Z,sell,1.293e-05,1247.0,0.01612371
VIBE/BTC,1530558248965,2018-07-02T19:04:08.965Z,sell,1.291e-05,102.0,0.00131682
VIBE/BTC,1530558291704,2018-07-02T19:04:51.704Z,sell,1.292e-05,363.0,0.00468996
VIBE/BTC,1530558438496,2018-07-02T19:07:18.496Z,buy,1.298e-05,1055.0,0.0136939
VIBE/BTC,1530558438748,2018-07-02T19:07:18.748Z,sell,1.298e-05,1055.0,0.0136939
VIBE/BTC,1530558558828,2018-07-02T19:09:18.828Z,sell,1.294e-05,1565.0,0.0202511
VIBE/BTC,1530558816576,2018-07-02T19:13:36.576Z,buy,1.3e-05,384.0,0.004992
VIBE/BTC,1530558860661,2018-07-02T19:14:20.661Z,buy,1.3e-05,79.0,0.001027
VIBE/BTC,1530558869785,2018-07-02T19:14:29.785Z,buy,1.3e-05,1907.0,0.0247909999999999
VIBE/BTC,1530558898303,2018-07-02T19:14:58.303Z,buy,1.302e-05,853.0,0.01110606
VIBE/BTC,1530558949228,2018-07-02T19:15:49.228Z,buy,1.303e-05,564.0,0.00734892
VIBE/BTC,1530558952210,2018-07-02T19:15:52.210Z,buy,1.303e-05,90.0,0.0011727
VIBE/BTC,1530558959392,2018-07-02T19:15:59.392Z,buy,1.303e-05,64.0,0.00083392
VIBE/BTC,1530558961727,2018-07-02T19:16:01.727Z,sell,1.304e-05,1055.0,0.0137572
VIBE/BTC,1530558989771,2018-07-02T19:16:29.771Z,buy,1.307e-05,232.0,0.00303224
VIBE/BTC,1530559116348,2018-07-02T19:18:36.348Z,buy,1.307e-05,78.0,0.00101946
VIBE/BTC,1530559117378,2018-07-02T19:18:37.378Z,buy,1.307e-05,778.0,0.01016846
VIBE/BTC,1530559126022,2018-07-02T19:18:46.022Z,sell,1.304e-05,116.0,0.00151264
VIBE/BTC,1530559151834,2018-07-02T19:19:11.834Z,buy,1.308e-05,4631.0,0.06057348
VIBE/BTC,1530559152412,2018-07-02T19:19:12.412Z,sell,1.304e-05,2782.0,0.03627728
VIBE/BTC,1530559152454,2018-07-02T19:19:12.454Z,sell,1.304e-05,1402.0,0.01828208
VIBE/BTC,1530559152454,2018-07-02T19:19:12.454Z,sell,1.303e-05,447.0,0.00582441
VIBE/BTC,1530559183084,2018-07-02T19:19:43.084Z,sell,1.304e-05,484.0,0.00631136
VIBE/BTC,1530559422594,2018-07-02T19:23:42.594Z,sell,1.304e-05,219.0,0.00285576
VIBE/BTC,1530559878393,2018-07-02T19:31:18.393Z,sell,1.304e-05,100.0,0.001304
VIBE/BTC,1530559879976,2018-07-02T19:31:19.976Z,sell,1.304e-05,888.0,0.01157952
VIBE/BTC,1530560011396,2018-07-02T19:33:31.396Z,sell,1.304e-05,200.0,0.002608
VIBE/BTC,1530560316357,2018-07-02T19:38:36.357Z,sell,1.304e-05,2533.0,0.03303032
VIBE/BTC,1530560325587,2018-07-02T19:38:45.587Z,buy,1.304e-05,97.0,0.00126488
VIBE/BTC,1530560429788,2018-07-02T19:40:29.788Z,buy,1.307e-05,87.0,0.00113709
VIBE/BTC,1530560431205,2018-07-02T19:40:31.205Z,buy,1.307e-05,87.0,0.00113709
VIBE/BTC,1530560432629,2018-07-02T19:40:32.629Z,buy,1.307e-05,88.0,0.00115016
VIBE/BTC,1530560434057,2018-07-02T19:40:34.057Z,buy,1.307e-05,89.0,0.00116323
VIBE/BTC,1530560435511,2018-07-02T19:40:35.511Z,buy,1.307e-05,90.0,0.0011763
VIBE/BTC,1530560436039,2018-07-02T19:40:36.039Z,sell,1.303e-05,2630.0,0.0342689
VIBE/BTC,1530560597487,2018-07-02T19:43:17.487Z,sell,1.303e-05,90.0,0.0011727
VIBE/BTC,1530560613952,2018-07-02T19:43:33.952Z,sell,1.303e-05,5156.0,0.06718268
VIBE/BTC,1530560747477,2018-07-02T19:45:47.477Z,sell,1.304e-05,307.0,0.00400328
VIBE/BTC,1530560750216,2018-07-02T19:45:50.216Z,buy,1.306e-05,1249.0,0.01631194
VIBE/BTC,1530560750228,2018-07-02T19:45:50.228Z,buy,1.307e-05,5305.0,0.06933635
VIBE/BTC,1530560753308,2018-07-02T19:45:53.308Z,sell,1.304e-05,1049.0,0.01367896
VIBE/BTC,1530560753308,2018-07-02T19:45:53.308Z,sell,1.303e-05,200.0,0.002606
VIBE/BTC,1530560826563,2018-07-02T19:47:06.563Z,sell,1.303e-05,494.0,0.00643682
VIBE/BTC,1530560826563,2018-07-02T19:47:06.563Z,sell,1.302e-05,2029.0,0.02641758
VIBE/BTC,1530560826583,2018-07-02T19:47:06.583Z,sell,1.302e-05,1791.0,0.02331882
VIBE/BTC,1530560826583,2018-07-02T19:47:06.583Z,sell,1.3e-05,991.0,0.0128829999999999
VIBE/BTC,1530561144512,2018-07-02T19:52:24.512Z,sell,1.301e-05,700.0,0.009107
VIBE/BTC,1530561144512,2018-07-02T19:52:24.512Z,sell,1.3e-05,3247.0,0.042211
VIBE/BTC,1530561275663,2018-07-02T19:54:35.663Z,buy,1.305e-05,700.0,0.009135
VIBE/BTC,1530561275663,2018-07-02T19:54:35.663Z,buy,1.306e-05,65.0,0.0008489
VIBE/BTC,1530561287939,2018-07-02T19:54:47.939Z,sell,1.3e-05,807.0,0.0104909999999999
VIBE/BTC,1530561332239,2018-07-02T19:55:32.239Z,sell,1.3e-05,808.0,0.010504
VIBE/BTC,1530561332808,2018-07-02T19:55:32.808Z,sell,1.3e-05,441.0,0.0057329999999999
VIBE/BTC,1530561332808,2018-07-02T19:55:32.808Z,sell,1.3e-05,441.0,0.0057329999999999
VIBE/BTC,1530561608006,2018-07-02T20:00:08.006Z,sell,1.3e-05,2.0,2.6e-05
VIBE/BTC,1530561663363,2018-07-02T20:01:03.363Z,sell,1.3e-05,97.0,0.001261
VIBE/BTC,1530561667027,2018-07-02T20:01:07.027Z,sell,1.3e-05,4995.0,0.0649349999999999
VIBE/BTC,1530562073973,2018-07-02T20:07:53.973Z,buy,1.303e-05,421.0,0.00548563
VIBE/BTC,1530562073973,2018-07-02T20:07:53.973Z,buy,1.306e-05,346.0,0.00451876
VIBE/BTC,1530562170413,2018-07-02T20:09:30.413Z,sell,1.302e-05,1416.0,0.01843632
VIBE/BTC,1530562184567,2018-07-02T20:09:44.567Z,buy,1.302e-05,155.0,0.0020181
VIBE/BTC,1530562393322,2018-07-02T20:13:13.322Z,buy,1.304e-05,938.0,0.01223152
VIBE/BTC,1530562393322,2018-07-02T20:13:13.322Z,buy,1.306e-05,194.0,0.00253364
VIBE/BTC,1530562395242,2018-07-02T20:13:15.242Z,buy,1.306e-05,374.0,0.00488444
VIBE/BTC,1530562716704,2018-07-02T20:18:36.704Z,buy,1.304e-05,147.0,0.00191688
VIBE/BTC,1530562805330,2018-07-02T20:20:05.330Z,sell,1.302e-05,1.0,1.302e-05
VIBE/BTC,1530563063901,2018-07-02T20:24:23.901Z,buy,1.304e-05,1273.0,0.01659992
VIBE/BTC,1530563362411,2018-07-02T20:29:22.411Z,sell,1.304e-05,4.0,5.216e-05
VIBE/BTC,1530563363801,2018-07-02T20:29:23.801Z,sell,1.304e-05,324.0,0.00422496
VIBE/BTC,1530563363801,2018-07-02T20:29:23.801Z,sell,1.303e-05,176.0,0.00229328
VIBE/BTC,1530563486574,2018-07-02T20:31:26.574Z,sell,1.303e-05,38.0,0.00049514
VIBE/BTC,1530563486720,2018-07-02T20:31:26.720Z,sell,1.302e-05,3000.0,0.03906
VIBE/BTC,1530563486733,2018-07-02T20:31:26.733Z,sell,1.302e-05,2751.0,0.03581802
VIBE/BTC,1530563486755,2018-07-02T20:31:26.755Z,sell,1.302e-05,2599.0,0.03383898
VIBE/BTC,1530563486755,2018-07-02T20:31:26.755Z,sell,1.301e-05,97.0,0.00126197
VIBE/BTC,1530563486755,2018-07-02T20:31:26.755Z,sell,1.3e-05,1026.0,0.013338
VIBE/BTC,1530563607306,2018-07-02T20:33:27.306Z,sell,1.3e-05,2001.0,0.0260129999999999
VIBE/BTC,1530563955394,2018-07-02T20:39:15.394Z,buy,1.306e-05,896.0,0.01170176
VIBE/BTC,1530564426351,2018-07-02T20:47:06.351Z,buy,1.306e-05,99.0,0.00129294
VIBE/BTC,1530564632200,2018-07-02T20:50:32.200Z,buy,1.306e-05,199.0,0.00259894
VIBE/BTC,1530564632200,2018-07-02T20:50:32.200Z,buy,1.306e-05,199.0,0.00259894
VIBE/BTC,1530564934106,2018-07-02T20:55:34.106Z,buy,1.306e-05,1990.0,0.0259894
VIBE/BTC,1530565030461,2018-07-02T20:57:10.461Z,buy,1.306e-05,873.0,0.01140138
VIBE/BTC,1530565152911,2018-07-02T20:59:12.911Z,buy,1.306e-05,1200.0,0.015672
VIBE/BTC,1530565215404,2018-07-02T21:00:15.404Z,buy,1.306e-05,765.0,0.0099909
VIBE/BTC,1530565218400,2018-07-02T21:00:18.400Z,buy,1.306e-05,765.0,0.0099909
VIBE/BTC,1530565335479,2018-07-02T21:02:15.479Z,buy,1.306e-05,39.0,0.00050934
VIBE/BTC,1530565336006,2018-07-02T21:02:16.006Z,sell,1.306e-05,561.0,0.00732666
VIBE/BTC,1530565565036,2018-07-02T21:06:05.036Z,sell,1.306e-05,2120.0,0.0276872
VIBE/BTC,1530565569656,2018-07-02T21:06:09.656Z,sell,1.301e-05,50.0,0.0006505
VIBE/BTC,1530565578594,2018-07-02T21:06:18.594Z,sell,1.3e-05,50.0,0.00065
VIBE/BTC,1530565729160,2018-07-02T21:08:49.160Z,buy,1.308e-05,100.0,0.001308
VIBE/BTC,1530565736775,2018-07-02T21:08:56.775Z,sell,1.301e-05,169.0,0.00219869
VIBE/BTC,1530566147465,2018-07-02T21:15:47.465Z,sell,1.302e-05,6991.0,0.09102282
VIBE/BTC,1530566683594,2018-07-02T21:24:43.594Z,buy,1.305e-05,169.0,0.00220545
VIBE/BTC,1530566683594,2018-07-02T21:24:43.594Z,buy,1.306e-05,3902.0,0.05096012
VIBE/BTC,1530566683690,2018-07-02T21:24:43.690Z,sell,1.303e-05,660.0,0.0085998
VIBE/BTC,1530566683690,2018-07-02T21:24:43.690Z,sell,1.302e-05,2749.0,0.03579198
VIBE/BTC,1530566684423,2018-07-02T21:24:44.423Z,sell,1.302e-05,659.0,0.00858018
VIBE/BTC,1530566808845,2018-07-02T21:26:48.845Z,sell,1.303e-05,1500.0,0.019545
VIBE/BTC,1530566877085,2018-07-02T21:27:57.085Z,buy,1.308e-05,4271.0,0.05586468
VIBE/BTC,1530566947944,2018-07-02T21:29:07.944Z,buy,1.308e-05,1399.0,0.01829892
VIBE/BTC,1530567045984,2018-07-02T21:30:45.984Z,buy,1.308e-05,134.0,0.00175272
VIBE/BTC,1530567103398,2018-07-02T21:31:43.398Z,buy,1.308e-05,1221.0,0.01597068
VIBE/BTC,1530567104363,2018-07-02T21:31:44.363Z,sell,1.308e-05,1165.0,0.0152382
VIBE/BTC,1530567253213,2018-07-02T21:34:13.213Z,buy,1.311e-05,761.0,0.00997671
VIBE/BTC,1530567253811,2018-07-02T21:34:13.811Z,buy,1.311e-05,375.0,0.00491625
VIBE/BTC,1530567253967,2018-07-02T21:34:13.967Z,buy,1.311e-05,210.0,0.0027531
VIBE/BTC,1530567253967,2018-07-02T21:34:13.967Z,buy,1.312e-05,539.0,0.0070716799999999
VIBE/BTC,1530567253967,2018-07-02T21:34:13.967Z,buy,1.313e-05,741.0,0.00972933
VIBE/BTC,1530567253967,2018-07-02T21:34:13.967Z,buy,1.313e-05,299.0,0.00392587
VIBE/BTC,1530567253967,2018-07-02T21:34:13.967Z,buy,1.314e-05,1832.0,0.02407248
VIBE/BTC,1530567254287,2018-07-02T21:34:14.287Z,buy,1.314e-05,1524.0,0.02002536
VIBE/BTC,1530567254339,2018-07-02T21:34:14.339Z,buy,1.314e-05,305.0,0.0040076999999999
VIBE/BTC,1530567255027,2018-07-02T21:34:15.027Z,buy,1.314e-05,1147.0,0.01507158
VIBE/BTC,1530567255087,2018-07-02T21:34:15.087Z,buy,1.314e-05,456.0,0.00599184
VIBE/BTC,1530567268417,2018-07-02T21:34:28.417Z,buy,1.314e-05,1522.0,0.01999908
VIBE/BTC,1530567273971,2018-07-02T21:34:33.971Z,sell,1.309e-05,687.0,0.00899283
VIBE/BTC,1530567273971,2018-07-02T21:34:33.971Z,sell,1.308e-05,86.0,0.00112488
VIBE/BTC,1530567295047,2018-07-02T21:34:55.047Z,buy,1.314e-05,97.0,0.00127458
VIBE/BTC,1530567295047,2018-07-02T21:34:55.047Z,buy,1.315e-05,17.0,0.0002235499999999
VIBE/BTC,1530567360232,2018-07-02T21:36:00.232Z,sell,1.312e-05,177.0,0.00232224
VIBE/BTC,1530567361231,2018-07-02T21:36:01.231Z,sell,1.311e-05,306.0,0.00401166
VIBE/BTC,1530567498334,2018-07-02T21:38:18.334Z,buy,1.314e-05,497.0,0.0065305799999999
VIBE/BTC,1530567498334,2018-07-02T21:38:18.334Z,buy,1.315e-05,264.0,0.0034716
VIBE/BTC,1530567571032,2018-07-02T21:39:31.032Z,sell,1.311e-05,795.0,0.01042245
VIBE/BTC,1530567587009,2018-07-02T21:39:47.009Z,sell,1.311e-05,5.0,6.555e-05
VIBE/BTC,1530567703073,2018-07-02T21:41:43.073Z,buy,1.311e-05,77.0,0.00100947
VIBE/BTC,1530567791330,2018-07-02T21:43:11.330Z,buy,1.311e-05,762.0,0.00998982
VIBE/BTC,1530568218491,2018-07-02T21:50:18.491Z,sell,1.306e-05,1.0,1.306e-05
VIBE/BTC,1530568218491,2018-07-02T21:50:18.491Z,sell,1.306e-05,1.0,1.306e-05
VIBE/BTC,1530568320525,2018-07-02T21:52:00.525Z,sell,1.306e-05,92.0,0.00120152
VIBE/BTC,1530568351606,2018-07-02T21:52:31.606Z,sell,1.306e-05,252.0,0.00329112
VIBE/BTC,1530568402516,2018-07-02T21:53:22.516Z,sell,1.302e-05,1876.0,0.02442552
VIBE/BTC,1530568466239,2018-07-02T21:54:26.239Z,buy,1.306e-05,2476.0,0.03233656
VIBE/BTC,1530568487637,2018-07-02T21:54:47.637Z,sell,1.306e-05,4415.0,0.0576599
VIBE/BTC,1530568507845,2018-07-02T21:55:07.845Z,sell,1.302e-05,7911.0,0.10300122
VIBE/BTC,1530568583658,2018-07-02T21:56:23.658Z,sell,1.302e-05,2854.0,0.03715908
VIBE/BTC,1530568591280,2018-07-02T21:56:31.280Z,sell,1.303e-05,2702.0,0.03520706
VIBE/BTC,1530568599081,2018-07-02T21:56:39.081Z,sell,1.303e-05,190.0,0.0024757
VIBE/BTC,1530568812831,2018-07-02T22:00:12.831Z,buy,1.308e-05,145.0,0.0018966
VIBE/BTC,1530568900080,2018-07-02T22:01:40.080Z,sell,1.308e-05,199.0,0.00260292
VIBE/BTC,1530569060711,2018-07-02T22:04:20.711Z,sell,1.308e-05,232.0,0.00303456
VIBE/BTC,1530569060711,2018-07-02T22:04:20.711Z,sell,1.302e-05,168.0,0.00218736
VIBE/BTC,1530569106603,2018-07-02T22:05:06.603Z,sell,1.31e-05,213.0,0.0027903
VIBE/BTC,1530569232700,2018-07-02T22:07:12.700Z,sell,1.301e-05,389.0,0.00506089
VIBE/BTC,1530569232700,2018-07-02T22:07:12.700Z,sell,1.3e-05,410.0,0.00533
VIBE/BTC,1530569292723,2018-07-02T22:08:12.723Z,sell,1.301e-05,2384.0,0.03101584
VIBE/BTC,1530569311345,2018-07-02T22:08:31.345Z,buy,1.309e-05,76.0,0.00099484
VIBE/BTC,1530569362084,2018-07-02T22:09:22.084Z,buy,1.306e-05,1407.0,0.01837542
VIBE/BTC,1530569362084,2018-07-02T22:09:22.084Z,buy,1.307e-05,93.0,0.00121551
VIBE/BTC,1530569509271,2018-07-02T22:11:49.271Z,buy,1.305e-05,975.0,0.01272375
VIBE/BTC,1530569556873,2018-07-02T22:12:36.873Z,sell,1.301e-05,39.0,0.00050739
VIBE/BTC,1530569557871,2018-07-02T22:12:37.871Z,buy,1.301e-05,761.0,0.00990061
VIBE/BTC,1530569739159,2018-07-02T22:15:39.159Z,sell,1.301e-05,292.0,0.00379892
VIBE/BTC,1530569739159,2018-07-02T22:15:39.159Z,sell,1.3e-05,74.0,0.000962
VIBE/BTC,1530569798283,2018-07-02T22:16:38.283Z,sell,1.301e-05,1000.0,0.01301
VIBE/BTC,1530570014319,2018-07-02T22:20:14.319Z,buy,1.305e-05,500.0,0.006525
VIBE/BTC,1530570014319,2018-07-02T22:20:14.319Z,buy,1.308e-05,266.0,0.00347928
VIBE/BTC,1530570098724,2018-07-02T22:21:38.724Z,buy,1.308e-05,787.0,0.01029396
VIBE/BTC,1530570099570,2018-07-02T22:21:39.570Z,sell,1.308e-05,1213.0,0.01586604
VIBE/BTC,1530570226320,2018-07-02T22:23:46.320Z,sell,1.302e-05,1898.0,0.02471196
VIBE/BTC,1530570226320,2018-07-02T22:23:46.320Z,sell,1.301e-05,1067.0,0.01388167
VIBE/BTC,1530570226320,2018-07-02T22:23:46.320Z,sell,1.3e-05,2220.0,0.0288599999999999
VIBE/BTC,1530570228960,2018-07-02T22:23:48.960Z,buy,1.3e-05,233.0,0.003029
VIBE/BTC,1530570543287,2018-07-02T22:29:03.287Z,sell,1.3e-05,11553.0,0.150189
VIBE/BTC,1530570551037,2018-07-02T22:29:11.037Z,buy,1.3e-05,9982.0,0.129766
VIBE/BTC,1530570554168,2018-07-02T22:29:14.168Z,sell,1.299e-05,9982.0,0.12966618
VIBE/BTC,1530570610568,2018-07-02T22:30:10.568Z,buy,1.3e-05,4.0,5.2e-05
VIBE/BTC,1530570726889,2018-07-02T22:32:06.889Z,sell,1.3e-05,1102.0,0.0143259999999999
VIBE/BTC,1530570738210,2018-07-02T22:32:18.210Z,sell,1.299e-05,1796.0,0.02333004
VIBE/BTC,1530570750721,2018-07-02T22:32:30.721Z,buy,1.308e-05,764.0,0.00999312
VIBE/BTC,1530570834198,2018-07-02T22:33:54.198Z,buy,1.308e-05,870.0,0.0113796
VIBE/BTC,1530571090347,2018-07-02T22:38:10.347Z,sell,1.301e-05,85.0,0.00110585
VIBE/BTC,1530571090347,2018-07-02T22:38:10.347Z,sell,1.299e-05,8304.0,0.10786896
VIBE/BTC,1530571147223,2018-07-02T22:39:07.223Z,buy,1.307e-05,9.0,0.00011763
VIBE/BTC,1530571159143,2018-07-02T22:39:19.143Z,buy,1.307e-05,1257.0,0.01642899
VIBE/BTC,1530571159143,2018-07-02T22:39:19.143Z,buy,1.308e-05,338.0,0.00442104
VIBE/BTC,1530571159143,2018-07-02T22:39:19.143Z,buy,1.309e-05,6096.0,0.07979664
VIBE/BTC,1530571213682,2018-07-02T22:40:13.682Z,sell,1.306e-05,200.0,0.002612
VIBE/BTC,1530571218344,2018-07-02T22:40:18.344Z,buy,1.308e-05,178.0,0.00232824
VIBE/BTC,1530571315715,2018-07-02T22:41:55.715Z,sell,1.306e-05,1766.0,0.02306396
VIBE/BTC,1530571632722,2018-07-02T22:47:12.722Z,sell,1.305e-05,96.0,0.0012528
VIBE/BTC,1530571632722,2018-07-02T22:47:12.722Z,sell,1.305e-05,96.0,0.0012528
VIBE/BTC,1530572170287,2018-07-02T22:56:10.287Z,sell,1.3e-05,168.0,0.0021839999999999
VIBE/BTC,1530572340718,2018-07-02T22:59:00.718Z,buy,1.305e-05,766.0,0.0099963
VIBE/BTC,1530572430086,2018-07-02T23:00:30.086Z,buy,1.304e-05,199.0,0.00259496
VIBE/BTC,1530572572170,2018-07-02T23:02:52.170Z,sell,1.302e-05,461.0,0.00600222
VIBE/BTC,1530572624091,2018-07-02T23:03:44.091Z,sell,1.3e-05,1600.0,0.0208
VIBE/BTC,1530572638500,2018-07-02T23:03:58.500Z,sell,1.299e-05,1529.0,0.0198617099999999
VIBE/BTC,1530572776639,2018-07-02T23:06:16.639Z,sell,1.299e-05,1008.0,0.0130939199999999
VIBE/BTC,1530572865278,2018-07-02T23:07:45.278Z,sell,1.299e-05,470.0,0.0061052999999999
VIBE/BTC,1530572865278,2018-07-02T23:07:45.278Z,sell,1.298e-05,78.0,0.0010124399999999
VIBE/BTC,1530572865278,2018-07-02T23:07:45.278Z,sell,1.296e-05,333.0,0.00431568
VIBE/BTC,1530573266495,2018-07-02T23:14:26.495Z,sell,1.301e-05,85.0,0.00110585
VIBE/BTC,1530573266495,2018-07-02T23:14:26.495Z,sell,1.296e-05,11844.0,0.15349824
VIBE/BTC,1530573266858,2018-07-02T23:14:26.858Z,buy,1.296e-05,4287.0,0.05555952
VIBE/BTC,1530573340658,2018-07-02T23:15:40.658Z,buy,1.307e-05,85.0,0.00111095
VIBE/BTC,1530573340658,2018-07-02T23:15:40.658Z,buy,1.309e-05,388.0,0.00507892
VIBE/BTC,1530573340658,2018-07-02T23:15:40.658Z,buy,1.31e-05,292.0,0.0038252
VIBE/BTC,1530573432889,2018-07-02T23:17:12.889Z,sell,1.305e-05,85.0,0.00110925
VIBE/BTC,1530573593974,2018-07-02T23:19:53.974Z,buy,1.309e-05,200.0,0.002618
VIBE/BTC,1530573593974,2018-07-02T23:19:53.974Z,buy,1.31e-05,803.0,0.0105193
VIBE/BTC,1530573596983,2018-07-02T23:19:56.983Z,sell,1.308e-05,994.0,0.01300152
VIBE/BTC,1530573636132,2018-07-02T23:20:36.132Z,sell,1.307e-05,100.0,0.001307
VIBE/BTC,1530573678975,2018-07-02T23:21:18.975Z,sell,1.307e-05,77.0,0.00100639
VIBE/BTC,1530573725904,2018-07-02T23:22:05.904Z,sell,1.307e-05,234.0,0.00305838
VIBE/BTC,1530573816345,2018-07-02T23:23:36.345Z,buy,1.308e-05,375.0,0.004905
VIBE/BTC,1530573816345,2018-07-02T23:23:36.345Z,buy,1.31e-05,389.0,0.0050958999999999
VIBE/BTC,1530573831544,2018-07-02T23:23:51.544Z,buy,1.31e-05,347.0,0.0045457
VIBE/BTC,1530573901189,2018-07-02T23:25:01.189Z,buy,1.31e-05,763.0,0.0099953
VIBE/BTC,1530574012292,2018-07-02T23:26:52.292Z,buy,1.31e-05,4631.0,0.0606661
VIBE/BTC,1530574012304,2018-07-02T23:26:52.304Z,buy,1.31e-05,251.0,0.0032881
VIBE/BTC,1530574012309,2018-07-02T23:26:52.309Z,buy,1.31e-05,251.0,0.0032881
VIBE/BTC,1530574012315,2018-07-02T23:26:52.315Z,buy,1.31e-05,251.0,0.0032881
VIBE/BTC,1530574012319,2018-07-02T23:26:52.319Z,sell,1.301e-05,190.0,0.0024719
VIBE/BTC,1530574012320,2018-07-02T23:26:52.320Z,buy,1.31e-05,251.0,0.0032881
VIBE/BTC,1530574012332,2018-07-02T23:26:52.332Z,buy,1.31e-05,109.0,0.0014279
VIBE/BTC,1530574012389,2018-07-02T23:26:52.389Z,sell,1.301e-05,10.0,0.0001301
VIBE/BTC,1530574012389,2018-07-02T23:26:52.389Z,sell,1.3e-05,2773.0,0.036049
VIBE/BTC,1530574012389,2018-07-02T23:26:52.389Z,sell,1.299e-05,802.0,0.01041798
VIBE/BTC,1530574013311,2018-07-02T23:26:53.311Z,buy,1.31e-05,219.0,0.0028689
VIBE/BTC,1530574016448,2018-07-02T23:26:56.448Z,sell,1.299e-05,27.0,0.00035073
VIBE/BTC,1530574016841,2018-07-02T23:26:56.841Z,buy,1.299e-05,192.0,0.00249408
VIBE/BTC,1530574080833,2018-07-02T23:28:00.833Z,sell,1.3e-05,212.0,0.0027559999999999
VIBE/BTC,1530574080833,2018-07-02T23:28:00.833Z,sell,1.298e-05,5.0,6.489999999999999e-05
VIBE/BTC,1530574087967,2018-07-02T23:28:07.967Z,sell,1.298e-05,80.0,0.0010383999999999
VIBE/BTC,1530574091999,2018-07-02T23:28:11.999Z,sell,1.298e-05,171.0,0.00221958
VIBE/BTC,1530574101054,2018-07-02T23:28:21.054Z,sell,1.298e-05,106.0,0.00137588
VIBE/BTC,1530574124951,2018-07-02T23:28:44.951Z,sell,1.298e-05,500.0,0.00649
VIBE/BTC,1530574285812,2018-07-02T23:31:25.812Z,buy,1.302e-05,106.0,0.00138012
VIBE/BTC,1530574285812,2018-07-02T23:31:25.812Z,buy,1.306e-05,200.0,0.002612
VIBE/BTC,1530574285812,2018-07-02T23:31:25.812Z,buy,1.308e-05,462.0,0.00604296
VIBE/BTC,1530574424523,2018-07-02T23:33:44.523Z,buy,1.306e-05,85.0,0.0011101
VIBE/BTC,1530574545963,2018-07-02T23:35:45.963Z,sell,1.301e-05,200.0,0.002602
VIBE/BTC,1530574562712,2018-07-02T23:36:02.712Z,buy,1.305e-05,766.0,0.0099963
VIBE/BTC,1530574750121,2018-07-02T23:39:10.121Z,sell,1.298e-05,239.0,0.0031022199999999
VIBE/BTC,1530574826119,2018-07-02T23:40:26.119Z,sell,1.296e-05,652.0,0.00844992
VIBE/BTC,1530574826119,2018-07-02T23:40:26.119Z,sell,1.294e-05,145.0,0.0018763
VIBE/BTC,1530574826119,2018-07-02T23:40:26.119Z,sell,1.292e-05,97.0,0.00125324
VIBE/BTC,1530574826119,2018-07-02T23:40:26.119Z,sell,1.291e-05,3391.0,0.04377781
VIBE/BTC,1530574826119,2018-07-02T23:40:26.119Z,sell,1.29e-05,340.0,0.004386
VIBE/BTC,1530574826119,2018-07-02T23:40:26.119Z,sell,1.287e-05,3460.0,0.0445302
VIBE/BTC,1530574826132,2018-07-02T23:40:26.132Z,buy,1.287e-05,676.0,0.00870012
VIBE/BTC,1530574826139,2018-07-02T23:40:26.139Z,buy,1.287e-05,678.0,0.00872586
VIBE/BTC,1530574826145,2018-07-02T23:40:26.145Z,buy,1.287e-05,671.0,0.00863577
VIBE/BTC,1530574826147,2018-07-02T23:40:26.147Z,buy,1.287e-05,676.0,0.00870012
VIBE/BTC,1530574826174,2018-07-02T23:40:26.174Z,sell,1.286e-05,555.0,0.0071373
VIBE/BTC,1530574826174,2018-07-02T23:40:26.174Z,sell,1.285e-05,121.0,0.00155485
VIBE/BTC,1530574826380,2018-07-02T23:40:26.380Z,buy,1.287e-05,809.0,0.01041183
VIBE/BTC,1530574864575,2018-07-02T23:41:04.575Z,sell,1.287e-05,3.0,3.861e-05
VIBE/BTC,1530574923109,2018-07-02T23:42:03.109Z,buy,1.29e-05,880.0,0.011352
VIBE/BTC,1530574923323,2018-07-02T23:42:03.323Z,buy,1.29e-05,153.0,0.0019737
VIBE/BTC,1530574929487,2018-07-02T23:42:09.487Z,buy,1.29e-05,2309.0,0.0297861
VIBE/BTC,1530574940291,2018-07-02T23:42:20.291Z,buy,1.29e-05,118.0,0.0015222
VIBE/BTC,1530574940291,2018-07-02T23:42:20.291Z,buy,1.298e-05,657.0,0.00852786
VIBE/BTC,1530574940777,2018-07-02T23:42:20.777Z,sell,1.288e-05,1088.0,0.01401344
VIBE/BTC,1530574940777,2018-07-02T23:42:20.777Z,sell,1.287e-05,200.0,0.002574
VIBE/BTC,1530574948568,2018-07-02T23:42:28.568Z,sell,1.289e-05,200.0,0.002578
VIBE/BTC,1530574948568,2018-07-02T23:42:28.568Z,sell,1.287e-05,1089.0,0.01401543
VIBE/BTC,1530575025909,2018-07-02T23:43:45.909Z,buy,1.294e-05,77.0,0.00099638
VIBE/BTC,1530575025909,2018-07-02T23:43:45.909Z,buy,1.294e-05,77.0,0.00099638
VIBE/BTC,1530575334443,2018-07-02T23:48:54.443Z,buy,1.294e-05,308.0,0.00398552
VIBE/BTC,1530575341193,2018-07-02T23:49:01.193Z,buy,1.294e-05,703.0,0.00909682
VIBE/BTC,1530575402370,2018-07-02T23:50:02.370Z,buy,1.299e-05,72.0,0.0009352799999999
VIBE/BTC,1530575491205,2018-07-02T23:51:31.205Z,sell,1.294e-05,70.0,0.0009058
VIBE/BTC,1530575491205,2018-07-02T23:51:31.205Z,sell,1.287e-05,562.0,0.00723294
VIBE/BTC,1530575491205,2018-07-02T23:51:31.205Z,sell,1.284e-05,351.0,0.00450684
VIBE/BTC,1530575491205,2018-07-02T23:51:31.205Z,sell,1.282e-05,523.0,0.00670486
VIBE/BTC,1530575511748,2018-07-02T23:51:51.748Z,sell,1.285e-05,1940.0,0.024929
VIBE/BTC,1530575511748,2018-07-02T23:51:51.748Z,sell,1.284e-05,3892.0,0.04997328
VIBE/BTC,1530575511748,2018-07-02T23:51:51.748Z,sell,1.282e-05,698.0,0.0089483599999999
VIBE/BTC,1530575511777,2018-07-02T23:51:51.777Z,buy,1.282e-05,257.0,0.00329474
VIBE/BTC,1530575512860,2018-07-02T23:51:52.860Z,buy,1.288e-05,116.0,0.00149408
VIBE/BTC,1530575537313,2018-07-02T23:52:17.313Z,sell,1.288e-05,100.0,0.001288
VIBE/BTC,1530575585694,2018-07-02T23:53:05.694Z,sell,1.284e-05,1752.0,0.02249568
VIBE/BTC,1530575585694,2018-07-02T23:53:05.694Z,sell,1.282e-05,3510.0,0.0449981999999999
VIBE/BTC,1530575585862,2018-07-02T23:53:05.862Z,buy,1.292e-05,1105.0,0.0142766
VIBE/BTC,1530575586134,2018-07-02T23:53:06.134Z,sell,1.292e-05,428.0,0.00552976
VIBE/BTC,1530575599453,2018-07-02T23:53:19.453Z,buy,1.283e-05,268.0,0.00343844
VIBE/BTC,1530575655847,2018-07-02T23:54:15.847Z,sell,1.282e-05,1751.0,0.02244782
VIBE/BTC,1530575910022,2018-07-02T23:58:30.022Z,sell,1.283e-05,3895.0,0.04997285
VIBE/BTC,1530575910022,2018-07-02T23:58:30.022Z,sell,1.281e-05,4721.0,0.06047601
VIBE/BTC,1530575910022,2018-07-02T23:58:30.022Z,sell,1.279e-05,1384.0,0.01770136
VIBE/BTC,1530575919500,2018-07-02T23:58:39.500Z,buy,1.286e-05,508.0,0.00653288
VIBE/BTC,1530575921383,2018-07-02T23:58:41.383Z,buy,1.286e-05,368.0,0.00473248
VIBE/BTC,1530575922174,2018-07-02T23:58:42.174Z,buy,1.286e-05,1075.0,0.0138245
VIBE/BTC,1530575940966,2018-07-02T23:59:00.966Z,buy,1.295e-05,200.0,0.00259
VIBE/BTC,1530575940966,2018-07-02T23:59:00.966Z,buy,1.296e-05,315.0,0.0040824
VIBE/BTC,1530575940966,2018-07-02T23:59:00.966Z,buy,1.3e-05,411.0,0.005343
VIBE/BTC,1530575951968,2018-07-02T23:59:11.968Z,sell,1.29e-05,158.0,0.0020382
VIBE/BTC,1530575984216,2018-07-02T23:59:44.216Z,buy,1.29e-05,58.0,0.0007482
VIBE/BTC,1530575984472,2018-07-02T23:59:44.472Z,sell,1.29e-05,200.0,0.00258
VIBE/BTC,1530575987664,2018-07-02T23:59:47.664Z,buy,1.299e-05,789.0,0.0102491099999999
VIBE/BTC,1530576025049,2018-07-03T00:00:25.049Z,buy,1.298e-05,787.0,0.01021526
VIBE/BTC,1530576564415,2018-07-03T00:09:24.415Z,sell,1.291e-05,623.0,0.00804293
VIBE/BTC,1530576589694,2018-07-03T00:09:49.694Z,buy,1.298e-05,708.0,0.00918984
VIBE/BTC,1530576589694,2018-07-03T00:09:49.694Z,buy,1.3e-05,62.0,0.000806
VIBE/BTC,1530576617523,2018-07-03T00:10:17.523Z,buy,1.299e-05,200.0,0.002598
VIBE/BTC,1530576617523,2018-07-03T00:10:17.523Z,buy,1.3e-05,2111.0,0.027443
VIBE/BTC,1530576842288,2018-07-03T00:14:02.288Z,buy,1.301e-05,891.0,0.01159191
VIBE/BTC,1530576909433,2018-07-03T00:15:09.433Z,buy,1.301e-05,350.0,0.0045535
VIBE/BTC,1530576962748,2018-07-03T00:16:02.748Z,buy,1.298e-05,350.0,0.004543
VIBE/BTC,1530577277196,2018-07-03T00:21:17.196Z,sell,1.292e-05,508.0,0.00656336
VIBE/BTC,1530577396816,2018-07-03T00:23:16.816Z,sell,1.293e-05,802.0,0.01036986
VIBE/BTC,1530577396816,2018-07-03T00:23:16.816Z,sell,1.292e-05,200.0,0.002584
VIBE/BTC,1530577396816,2018-07-03T00:23:16.816Z,sell,1.291e-05,4639.0,0.05988949
VIBE/BTC,1530577397327,2018-07-03T00:23:17.327Z,buy,1.291e-05,1014.0,0.01309074
VIBE/BTC,1530577593079,2018-07-03T00:26:33.079Z,buy,1.3e-05,201.0,0.002613
VIBE/BTC,1530577852353,2018-07-03T00:30:52.353Z,buy,1.3e-05,1278.0,0.016614
VIBE/BTC,1530577852353,2018-07-03T00:30:52.353Z,buy,1.301e-05,2608.0,0.03393008
VIBE/BTC,1530577853390,2018-07-03T00:30:53.390Z,sell,1.301e-05,861.0,0.01120161
VIBE/BTC,1530578022529,2018-07-03T00:33:42.529Z,buy,1.298e-05,308.0,0.00399784
VIBE/BTC,1530578213061,2018-07-03T00:36:53.061Z,sell,1.294e-05,200.0,0.002588
VIBE/BTC,1530578222076,2018-07-03T00:37:02.076Z,sell,1.293e-05,167.0,0.00215931
VIBE/BTC,1530578367525,2018-07-03T00:39:27.525Z,buy,1.297e-05,5182.0,0.06721054
VIBE/BTC,1530578367525,2018-07-03T00:39:27.525Z,buy,1.298e-05,7191.0,0.09333918
VIBE/BTC,1530578370132,2018-07-03T00:39:30.132Z,buy,1.298e-05,767.0,0.00995566
VIBE/BTC,1530578592783,2018-07-03T00:43:12.783Z,sell,1.293e-05,194.0,0.00250842
VIBE/BTC,1530578592783,2018-07-03T00:43:12.783Z,sell,1.293e-05,194.0,0.00250842
VIBE/BTC,1530578880372,2018-07-03T00:48:00.372Z,buy,1.298e-05,145.0,0.0018820999999999
VIBE/BTC,1530579053834,2018-07-03T00:50:53.834Z,buy,1.298e-05,300.0,0.003894
VIBE/BTC,1530579081427,2018-07-03T00:51:21.427Z,buy,1.295e-05,338.0,0.0043771
VIBE/BTC,1530579081427,2018-07-03T00:51:21.427Z,buy,1.298e-05,47.0,0.0006100599999999
VIBE/BTC,1530579390884,2018-07-03T00:56:30.884Z,sell,1.293e-05,212.0,0.00274116
VIBE/BTC,1530579401926,2018-07-03T00:56:41.926Z,buy,1.298e-05,740.0,0.0096052
VIBE/BTC,1530579485826,2018-07-03T00:58:05.826Z,sell,1.293e-05,1746.0,0.02257578
VIBE/BTC,1530579732892,2018-07-03T01:02:12.892Z,sell,1.293e-05,621.0,0.00802953
VIBE/BTC,1530579748091,2018-07-03T01:02:28.091Z,sell,1.293e-05,931.0,0.01203783
VIBE/BTC,1530579748091,2018-07-03T01:02:28.091Z,sell,1.289e-05,85.0,0.00109565
VIBE/BTC,1530579748091,2018-07-03T01:02:28.091Z,sell,1.288e-05,391.0,0.00503608
VIBE/BTC,1530579748091,2018-07-03T01:02:28.091Z,sell,1.285e-05,1128.0,0.0144948
VIBE/BTC,1530579748091,2018-07-03T01:02:28.091Z,sell,1.283e-05,580.0,0.0074414
VIBE/BTC,1530580056074,2018-07-03T01:07:36.074Z,sell,1.283e-05,148.0,0.00189884
VIBE/BTC,1530580325743,2018-07-03T01:12:05.743Z,buy,1.286e-05,666.0,0.00856476
VIBE/BTC,1530580348502,2018-07-03T01:12:28.502Z,buy,1.294e-05,1328.0,0.01718432
VIBE/BTC,1530580348727,2018-07-03T01:12:28.727Z,sell,1.294e-05,104.0,0.0013457599999999
VIBE/BTC,1530580440474,2018-07-03T01:14:00.474Z,buy,1.295e-05,633.0,0.0081973499999999
VIBE/BTC,1530580440474,2018-07-03T01:14:00.474Z,buy,1.298e-05,1367.0,0.0177436599999999
VIBE/BTC,1530580468351,2018-07-03T01:14:28.351Z,sell,1.291e-05,88.0,0.00113608
VIBE/BTC,1530580866178,2018-07-03T01:21:06.178Z,buy,1.298e-05,770.0,0.0099946
VIBE/BTC,1530581103723,2018-07-03T01:25:03.723Z,buy,1.298e-05,4631.0,0.06011038
VIBE/BTC,1530581103763,2018-07-03T01:25:03.763Z,sell,1.293e-05,729.0,0.00942597
VIBE/BTC,1530581103763,2018-07-03T01:25:03.763Z,sell,1.292e-05,1.0,1.292e-05
VIBE/BTC,1530581103819,2018-07-03T01:25:03.819Z,sell,1.292e-05,2270.0,0.0293284
VIBE/BTC,1530581103819,2018-07-03T01:25:03.819Z,sell,1.285e-05,1085.0,0.01394225
VIBE/BTC,1530581103819,2018-07-03T01:25:03.819Z,sell,1.283e-05,546.0,0.00700518
VIBE/BTC,1530581112646,2018-07-03T01:25:12.646Z,sell,1.28e-05,114.0,0.0014592
VIBE/BTC,1530581147791,2018-07-03T01:25:47.791Z,buy,1.286e-05,254.0,0.00326644
VIBE/BTC,1530581147791,2018-07-03T01:25:47.791Z,buy,1.288e-05,200.0,0.002576
VIBE/BTC,1530581147791,2018-07-03T01:25:47.791Z,buy,1.295e-05,323.0,0.00418285
VIBE/BTC,1530581176018,2018-07-03T01:26:16.018Z,sell,1.282e-05,79.0,0.00101278
VIBE/BTC,1530581821537,2018-07-03T01:37:01.537Z,sell,1.288e-05,567.0,0.00730296
VIBE/BTC,1530581821537,2018-07-03T01:37:01.537Z,sell,1.285e-05,200.0,0.00257
VIBE/BTC,1530581821537,2018-07-03T01:37:01.537Z,sell,1.283e-05,1137.0,0.01458771
VIBE/BTC,1530581821537,2018-07-03T01:37:01.537Z,sell,1.282e-05,1188.0,0.01523016
VIBE/BTC,1530581822088,2018-07-03T01:37:02.088Z,buy,1.282e-05,1174.0,0.0150506799999999
VIBE/BTC,1530581823097,2018-07-03T01:37:03.097Z,buy,1.286e-05,471.0,0.00605706
VIBE/BTC,1530581886946,2018-07-03T01:38:06.946Z,buy,1.283e-05,567.0,0.00727461
VIBE/BTC,1530581888600,2018-07-03T01:38:08.600Z,buy,1.284e-05,77.0,0.00098868
VIBE/BTC,1530581991389,2018-07-03T01:39:51.389Z,sell,1.278e-05,969.0,0.01238382
VIBE/BTC,1530581991410,2018-07-03T01:39:51.410Z,buy,1.278e-05,1901.0,0.02429478
VIBE/BTC,1530581991450,2018-07-03T01:39:51.450Z,buy,1.278e-05,3896.0,0.0497908799999999
VIBE/BTC,1530581995891,2018-07-03T01:39:55.891Z,buy,1.278e-05,2.0,2.556e-05
VIBE/BTC,1530581995891,2018-07-03T01:39:55.891Z,buy,1.283e-05,1055.0,0.01353565
VIBE/BTC,1530581998221,2018-07-03T01:39:58.221Z,buy,1.279e-05,559.0,0.00714961
VIBE/BTC,1530581999092,2018-07-03T01:39:59.092Z,buy,1.279e-05,965.0,0.01234235
VIBE/BTC,1530581999092,2018-07-03T01:39:59.092Z,buy,1.279e-05,965.0,0.01234235
VIBE/BTC,1530582354956,2018-07-03T01:45:54.956Z,buy,1.287e-05,320.0,0.0041184
VIBE/BTC,1530582354956,2018-07-03T01:45:54.956Z,buy,1.29e-05,200.0,0.00258
VIBE/BTC,1530582354956,2018-07-03T01:45:54.956Z,buy,1.294e-05,257.0,0.00332558
VIBE/BTC,1530582361794,2018-07-03T01:46:01.794Z,buy,1.293e-05,200.0,0.0025859999999999
VIBE/BTC,1530582361896,2018-07-03T01:46:01.896Z,sell,1.293e-05,185.0,0.00239205
VIBE/BTC,1530582361896,2018-07-03T01:46:01.896Z,sell,1.284e-05,374.0,0.00480216
VIBE/BTC,1530582551102,2018-07-03T01:49:11.102Z,sell,1.285e-05,911.0,0.01170635
VIBE/BTC,1530582573151,2018-07-03T01:49:33.151Z,sell,1.284e-05,112.0,0.00143808
VIBE/BTC,1530582583261,2018-07-03T01:49:43.261Z,sell,1.28e-05,1133.0,0.0145023999999999
VIBE/BTC,1530582585012,2018-07-03T01:49:45.012Z,buy,1.279e-05,1138.0,0.01455502
VIBE/BTC,1530582597967,2018-07-03T01:49:57.967Z,sell,1.279e-05,200.0,0.002558
VIBE/BTC,1530582599020,2018-07-03T01:49:59.020Z,buy,1.279e-05,4853.0,0.06206987
VIBE/BTC,1530582911190,2018-07-03T01:55:11.190Z,buy,1.289e-05,117.0,0.00150813
VIBE/BTC,1530582933896,2018-07-03T01:55:33.896Z,buy,1.289e-05,594.0,0.00765666
VIBE/BTC,1530583349353,2018-07-03T02:02:29.353Z,sell,1.289e-05,152.0,0.00195928
VIBE/BTC,1530583396142,2018-07-03T02:03:16.142Z,buy,1.294e-05,614.0,0.00794516
VIBE/BTC,1530583396142,2018-07-03T02:03:16.142Z,buy,1.295e-05,2092.0,0.0270913999999999
VIBE/BTC,1530583396237,2018-07-03T02:03:16.237Z,sell,1.29e-05,2145.0,0.0276705
VIBE/BTC,1530583396237,2018-07-03T02:03:16.237Z,sell,1.289e-05,387.0,0.00498843
VIBE/BTC,1530583398742,2018-07-03T02:03:18.742Z,sell,1.29e-05,117.0,0.0015093
VIBE/BTC,1530583403864,2018-07-03T02:03:23.864Z,sell,1.29e-05,175.0,0.0022575
VIBE/BTC,1530583481671,2018-07-03T02:04:41.671Z,buy,1.295e-05,292.0,0.0037814
VIBE/BTC,1530583512368,2018-07-03T02:05:12.368Z,buy,1.296e-05,308.0,0.00399168
VIBE/BTC,1530583514124,2018-07-03T02:05:14.124Z,buy,1.296e-05,1837.0,0.02380752
VIBE/BTC,1530583577122,2018-07-03T02:06:17.122Z,sell,1.295e-05,666.0,0.0086246999999999
VIBE/BTC,1530583607174,2018-07-03T02:06:47.174Z,sell,1.296e-05,123.0,0.0015940799999999
VIBE/BTC,1530583607174,2018-07-03T02:06:47.174Z,sell,1.295e-05,1006.0,0.0130277
VIBE/BTC,1530583788876,2018-07-03T02:09:48.876Z,buy,1.297e-05,744.0,0.0096496799999999
VIBE/BTC,1530583788876,2018-07-03T02:09:48.876Z,buy,1.298e-05,92.0,0.0011941599999999
VIBE/BTC,1530583789942,2018-07-03T02:09:49.942Z,buy,1.298e-05,4631.0,0.06011038
VIBE/BTC,1530583790045,2018-07-03T02:09:50.045Z,sell,1.295e-05,1807.0,0.02340065
VIBE/BTC,1530583903558,2018-07-03T02:11:43.558Z,buy,1.297e-05,1660.0,0.0215302
VIBE/BTC,1530583903558,2018-07-03T02:11:43.558Z,buy,1.298e-05,885.0,0.0114872999999999
VIBE/BTC,1530583903558,2018-07-03T02:11:43.558Z,buy,1.299e-05,200.0,0.002598
VIBE/BTC,1530583903558,2018-07-03T02:11:43.558Z,buy,1.303e-05,3837.0,0.04999611
VIBE/BTC,1530583903558,2018-07-03T02:11:43.558Z,buy,1.304e-05,4249.0,0.05540696
VIBE/BTC,1530583905205,2018-07-03T02:11:45.205Z,sell,1.304e-05,3863.0,0.05037352
VIBE/BTC,1530583935932,2018-07-03T02:12:15.932Z,buy,1.303e-05,78.0,0.00101634
VIBE/BTC,1530583938113,2018-07-03T02:12:18.113Z,buy,1.303e-05,766.0,0.00998098
VIBE/BTC,1530584051207,2018-07-03T02:14:11.207Z,sell,1.302e-05,308.0,0.00401016
VIBE/BTC,1530584079277,2018-07-03T02:14:39.277Z,buy,1.303e-05,257.0,0.00334871
VIBE/BTC,1530584079277,2018-07-03T02:14:39.277Z,buy,1.304e-05,922.0,0.01202288
VIBE/BTC,1530584080315,2018-07-03T02:14:40.315Z,sell,1.304e-05,2694.0,0.03512976
VIBE/BTC,1530584157963,2018-07-03T02:15:57.963Z,sell,1.297e-05,1471.0,0.0190788699999999
VIBE/BTC,1530584157963,2018-07-03T02:15:57.963Z,sell,1.296e-05,1258.0,0.01630368
VIBE/BTC,1530584157963,2018-07-03T02:15:57.963Z,sell,1.295e-05,21674.0,0.2806783
VIBE/BTC,1530584157963,2018-07-03T02:15:57.963Z,sell,1.292e-05,391.0,0.00505172
VIBE/BTC,1530584157963,2018-07-03T02:15:57.963Z,sell,1.29e-05,78.0,0.0010062
VIBE/BTC,1530584157963,2018-07-03T02:15:57.963Z,sell,1.289e-05,3455.0,0.04453495
VIBE/BTC,1530584157963,2018-07-03T02:15:57.963Z,sell,1.287e-05,634.0,0.00815958
VIBE/BTC,1530584157963,2018-07-03T02:15:57.963Z,sell,1.283e-05,172.0,0.00220676
VIBE/BTC,1530584157963,2018-07-03T02:15:57.963Z,sell,1.282e-05,194.0,0.00248708
VIBE/BTC,1530584157963,2018-07-03T02:15:57.963Z,sell,1.279e-05,125.0,0.00159875
VIBE/BTC,1530584157963,2018-07-03T02:15:57.963Z,sell,1.277e-05,419.0,0.0053506299999999
VIBE/BTC,1530584157963,2018-07-03T02:15:57.963Z,sell,1.276e-05,10145.0,0.1294502
VIBE/BTC,1530584157963,2018-07-03T02:15:57.963Z,sell,1.275e-05,1721.0,0.02194275
VIBE/BTC,1530584157963,2018-07-03T02:15:57.963Z,sell,1.274e-05,1350.0,0.017199
VIBE/BTC,1530584157963,2018-07-03T02:15:57.963Z,sell,1.272e-05,5694.0,0.07242768
VIBE/BTC,1530584157963,2018-07-03T02:15:57.963Z,sell,1.271e-05,5010.0,0.0636771
VIBE/BTC,1530584157963,2018-07-03T02:15:57.963Z,sell,1.268e-05,4545.0,0.0576306
VIBE/BTC,1530584157963,2018-07-03T02:15:57.963Z,sell,1.266e-05,99.0,0.00125334
VIBE/BTC,1530584157963,2018-07-03T02:15:57.963Z,sell,1.265e-05,1000.0,0.01265
VIBE/BTC,1530584157963,2018-07-03T02:15:57.963Z,sell,1.263e-05,6017.0,0.07599471
VIBE/BTC,1530584157963,2018-07-03T02:15:57.963Z,sell,1.261e-05,5584.0,0.07041424
VIBE/BTC,1530584157963,2018-07-03T02:15:57.963Z,sell,1.255e-05,3032.0,0.0380516
VIBE/BTC,1530584157963,2018-07-03T02:15:57.963Z,sell,1.254e-05,27351.0,0.34298154
VIBE/BTC,1530584157963,2018-07-03T02:15:57.963Z,sell,1.253e-05,4132.0,0.05177396
VIBE/BTC,1530584157963,2018-07-03T02:15:57.963Z,sell,1.251e-05,5278.0,0.06602778
VIBE/BTC,1530584157963,2018-07-03T02:15:57.963Z,sell,1.25e-05,20963.0,0.2620375
VIBE/BTC,1530584157963,2018-07-03T02:15:57.963Z,sell,1.25e-05,1000.0,0.0125
VIBE/BTC,1530584157963,2018-07-03T02:15:57.963Z,sell,1.25e-05,7000.0,0.0875
VIBE/BTC,1530584157963,2018-07-03T02:15:57.963Z,sell,1.25e-05,23735.0,0.2966875
VIBE/BTC,1530584157985,2018-07-03T02:15:57.985Z,buy,1.254e-05,284.0,0.00356136
VIBE/BTC,1530584157992,2018-07-03T02:15:57.992Z,buy,1.254e-05,50.0,0.000627
VIBE/BTC,1530584157992,2018-07-03T02:15:57.992Z,buy,1.26e-05,2670.0,0.033642
VIBE/BTC,1530584157995,2018-07-03T02:15:57.995Z,buy,1.26e-05,614.0,0.0077364
VIBE/BTC,1530584157995,2018-07-03T02:15:57.995Z,buy,1.27e-05,88.0,0.0011176
VIBE/BTC,1530584157995,2018-07-03T02:15:57.995Z,buy,1.272e-05,400.0,0.005088
VIBE/BTC,1530584158092,2018-07-03T02:15:58.092Z,sell,1.292e-05,1618.0,0.02090456
VIBE/BTC,1530584158092,2018-07-03T02:15:58.092Z,sell,1.265e-05,1102.0,0.0139403
VIBE/BTC,1530584158882,2018-07-03T02:15:58.882Z,buy,1.29e-05,2696.0,0.0347784
VIBE/BTC,1530584158957,2018-07-03T02:15:58.957Z,buy,1.279e-05,99.0,0.00126621
VIBE/BTC,1530584158986,2018-07-03T02:15:58.986Z,buy,1.29e-05,1380.0,0.017802
VIBE/BTC,1530584165334,2018-07-03T02:16:05.334Z,buy,1.286e-05,368.0,0.00473248
VIBE/BTC,1530584171232,2018-07-03T02:16:11.232Z,buy,1.283e-05,1124.0,0.01442092
VIBE/BTC,1530584171992,2018-07-03T02:16:11.992Z,buy,1.284e-05,6061.0,0.07782324
VIBE/BTC,1530584172005,2018-07-03T02:16:12.005Z,buy,1.284e-05,8.0,0.00010272
VIBE/BTC,1530584172516,2018-07-03T02:16:12.516Z,sell,1.285e-05,3892.0,0.0500122
VIBE/BTC,1530584172516,2018-07-03T02:16:12.516Z,sell,1.284e-05,2592.0,0.03328128
VIBE/BTC,1530584173115,2018-07-03T02:16:13.115Z,sell,1.281e-05,93.0,0.00119133
VIBE/BTC,1530584173115,2018-07-03T02:16:13.115Z,sell,1.28e-05,1009.0,0.0129152
VIBE/BTC,1530584173425,2018-07-03T02:16:13.425Z,sell,1.28e-05,100.0,0.0012799999999999
VIBE/BTC,1530584175114,2018-07-03T02:16:15.114Z,sell,1.28e-05,717.0,0.0091776
VIBE/BTC,1530584175114,2018-07-03T02:16:15.114Z,sell,1.278e-05,101.0,0.00129078
VIBE/BTC,1530584175114,2018-07-03T02:16:15.114Z,sell,1.277e-05,5071.0,0.06475667
VIBE/BTC,1530584180694,2018-07-03T02:16:20.694Z,buy,1.278e-05,495.0,0.0063260999999999
VIBE/BTC,1530584181426,2018-07-03T02:16:21.426Z,sell,1.277e-05,251.0,0.00320527
VIBE/BTC,1530584181426,2018-07-03T02:16:21.426Z,sell,1.274e-05,783.0,0.00997542
VIBE/BTC,1530584181476,2018-07-03T02:16:21.476Z,buy,1.274e-05,557.0,0.00709618
VIBE/BTC,1530584182244,2018-07-03T02:16:22.244Z,buy,1.271e-05,194.0,0.00246574
VIBE/BTC,1530584182244,2018-07-03T02:16:22.244Z,buy,1.274e-05,1175.0,0.0149695
VIBE/BTC,1530584184230,2018-07-03T02:16:24.230Z,buy,1.274e-05,194.0,0.00247156
VIBE/BTC,1530584185389,2018-07-03T02:16:25.389Z,buy,1.282e-05,5259.0,0.06742038
VIBE/BTC,1530584189499,2018-07-03T02:16:29.499Z,sell,1.273e-05,5259.0,0.06694707
VIBE/BTC,1530584201445,2018-07-03T02:16:41.445Z,sell,1.273e-05,101.0,0.00128573
VIBE/BTC,1530584202048,2018-07-03T02:16:42.048Z,buy,1.273e-05,318.0,0.00404814
VIBE/BTC,1530584202243,2018-07-03T02:16:42.243Z,buy,1.273e-05,3897.0,0.04960881
VIBE/BTC,1530584202280,2018-07-03T02:16:42.280Z,sell,1.272e-05,627.0,0.00797544
VIBE/BTC,1530584204234,2018-07-03T02:16:44.234Z,buy,1.272e-05,2586.0,0.03289392
VIBE/BTC,1530584208984,2018-07-03T02:16:48.984Z,buy,1.278e-05,716.0,0.0091504799999999
VIBE/BTC,1530584209275,2018-07-03T02:16:49.275Z,buy,1.278e-05,117.0,0.00149526
VIBE/BTC,1530584212386,2018-07-03T02:16:52.386Z,buy,1.278e-05,1213.0,0.01550214
VIBE/BTC,1530584227801,2018-07-03T02:17:07.801Z,sell,1.275e-05,293.0,0.00373575
VIBE/BTC,1530584257380,2018-07-03T02:17:37.380Z,buy,1.279e-05,783.0,0.01001457
VIBE/BTC,1530584259245,2018-07-03T02:17:39.245Z,buy,1.28e-05,1974.0,0.0252672
VIBE/BTC,1530584261631,2018-07-03T02:17:41.631Z,buy,1.279e-05,989.0,0.0126493099999999
VIBE/BTC,1530584370452,2018-07-03T02:19:30.452Z,sell,1.279e-05,85.0,0.00108715
VIBE/BTC,1530584708021,2018-07-03T02:25:08.021Z,buy,1.283e-05,85.0,0.00109055
VIBE/BTC,1530584708021,2018-07-03T02:25:08.021Z,buy,1.284e-05,32.0,0.00041088
VIBE/BTC,1530584736907,2018-07-03T02:25:36.907Z,sell,1.279e-05,98.0,0.0012534199999999
VIBE/BTC,1530584736907,2018-07-03T02:25:36.907Z,sell,1.276e-05,1128.0,0.01439328
VIBE/BTC,1530584736907,2018-07-03T02:25:36.907Z,sell,1.275e-05,3629.0,0.04626975
VIBE/BTC,1530584736907,2018-07-03T02:25:36.907Z,sell,1.272e-05,1419.0,0.01804968
VIBE/BTC,1530584736922,2018-07-03T02:25:36.922Z,buy,1.272e-05,928.0,0.01180416
VIBE/BTC,1530584736937,2018-07-03T02:25:36.937Z,buy,1.272e-05,291.0,0.00370152
VIBE/BTC,1530584736937,2018-07-03T02:25:36.937Z,buy,1.284e-05,638.0,0.00819192
VIBE/BTC,1530584738436,2018-07-03T02:25:38.436Z,buy,1.276e-05,1601.0,0.02042876
VIBE/BTC,1530584753188,2018-07-03T02:25:53.188Z,buy,1.278e-05,943.0,0.01205154
VIBE/BTC,1530584753196,2018-07-03T02:25:53.196Z,buy,1.278e-05,3.0,3.834e-05
VIBE/BTC,1530584753196,2018-07-03T02:25:53.196Z,buy,1.283e-05,200.0,0.002566
VIBE/BTC,1530584753196,2018-07-03T02:25:53.196Z,buy,1.284e-05,1188.0,0.01525392
VIBE/BTC,1530584753196,2018-07-03T02:25:53.196Z,buy,1.286e-05,187.0,0.00240482
VIBE/BTC,1530584753196,2018-07-03T02:25:53.196Z,buy,1.288e-05,943.0,0.01214584
VIBE/BTC,1530584753227,2018-07-03T02:25:53.227Z,buy,1.288e-05,942.0,0.01213296
VIBE/BTC,1530584755022,2018-07-03T02:25:55.022Z,buy,1.288e-05,561.0,0.00722568
VIBE/BTC,1530584766933,2018-07-03T02:26:06.933Z,buy,1.287e-05,385.0,0.00495495
VIBE/BTC,1530584767035,2018-07-03T02:26:07.035Z,sell,1.287e-05,385.0,0.00495495
VIBE/BTC,1530584767073,2018-07-03T02:26:07.073Z,buy,1.287e-05,16640.0,0.2141568
VIBE/BTC,1530584767083,2018-07-03T02:26:07.083Z,buy,1.287e-05,1568.0,0.02018016
VIBE/BTC,1530584767112,2018-07-03T02:26:07.112Z,buy,1.289e-05,93.0,0.00119877
VIBE/BTC,1530584767112,2018-07-03T02:26:07.112Z,buy,1.29e-05,1653.0,0.0213237
VIBE/BTC,1530584778427,2018-07-03T02:26:18.427Z,sell,1.283e-05,200.0,0.002566
VIBE/BTC,1530584779447,2018-07-03T02:26:19.447Z,buy,1.283e-05,194.0,0.00248902
VIBE/BTC,1530584788296,2018-07-03T02:26:28.296Z,buy,1.283e-05,100.0,0.001283
VIBE/BTC,1530585030716,2018-07-03T02:30:30.716Z,buy,1.287e-05,1688.0,0.02172456
VIBE/BTC,1530585030716,2018-07-03T02:30:30.716Z,buy,1.29e-05,3519.0,0.0453951
VIBE/BTC,1530585030716,2018-07-03T02:30:30.716Z,buy,1.291e-05,22.0,0.00028402
VIBE/BTC,1530585139733,2018-07-03T02:32:19.733Z,buy,1.291e-05,78.0,0.00100698
VIBE/BTC,1530585414200,2018-07-03T02:36:54.200Z,sell,1.283e-05,86.0,0.00110338
VIBE/BTC,1530585414200,2018-07-03T02:36:54.200Z,sell,1.282e-05,1661.0,0.02129402
VIBE/BTC,1530585414200,2018-07-03T02:36:54.200Z,sell,1.283e-05,86.0,0.00110338
VIBE/BTC,1530585414200,2018-07-03T02:36:54.200Z,sell,1.282e-05,1661.0,0.02129402
VIBE/BTC,1530585651227,2018-07-03T02:40:51.227Z,buy,1.289e-05,86.0,0.00110854
VIBE/BTC,1530585651227,2018-07-03T02:40:51.227Z,buy,1.291e-05,4684.0,0.06047044
VIBE/BTC,1530585651227,2018-07-03T02:40:51.227Z,buy,1.292e-05,703.0,0.00908276
VIBE/BTC,1530585651227,2018-07-03T02:40:51.227Z,buy,1.293e-05,1874.0,0.02423082
VIBE/BTC,1530585659313,2018-07-03T02:40:59.313Z,sell,1.286e-05,396.0,0.00509256
VIBE/BTC,1530585742351,2018-07-03T02:42:22.351Z,buy,1.29e-05,275.0,0.0035475
VIBE/BTC,1530585757235,2018-07-03T02:42:37.235Z,sell,1.289e-05,35.0,0.00045115
VIBE/BTC,1530585775270,2018-07-03T02:42:55.270Z,sell,1.29e-05,79.0,0.0010191
VIBE/BTC,1530585918005,2018-07-03T02:45:18.005Z,sell,1.291e-05,1755.0,0.02265705
VIBE/BTC,1530585918005,2018-07-03T02:45:18.005Z,sell,1.29e-05,4495.0,0.0579855
VIBE/BTC,1530586227520,2018-07-03T02:50:27.520Z,sell,1.291e-05,877.0,0.01132207
VIBE/BTC,1530586227520,2018-07-03T02:50:27.520Z,sell,1.29e-05,623.0,0.0080367
VIBE/BTC,1530586326097,2018-07-03T02:52:06.097Z,sell,1.29e-05,125.0,0.0016125
VIBE/BTC,1530586377425,2018-07-03T02:52:57.425Z,buy,1.291e-05,396.0,0.00511236
VIBE/BTC,1530586377425,2018-07-03T02:52:57.425Z,buy,1.293e-05,822.0,0.01062846
VIBE/BTC,1530586377425,2018-07-03T02:52:57.425Z,buy,1.294e-05,235.0,0.0030409
VIBE/BTC,1530586377425,2018-07-03T02:52:57.425Z,buy,1.297e-05,78.0,0.00101166
VIBE/BTC,1530586377425,2018-07-03T02:52:57.425Z,buy,1.301e-05,15549.0,0.20229249
VIBE/BTC,1530586378442,2018-07-03T02:52:58.442Z,sell,1.301e-05,10222.0,0.13298822
VIBE/BTC,1530586508742,2018-07-03T02:55:08.742Z,buy,1.296e-05,88.0,0.00114048
VIBE/BTC,1530586509444,2018-07-03T02:55:09.444Z,sell,1.301e-05,162.0,0.00210762
VIBE/BTC,1530586510102,2018-07-03T02:55:10.102Z,buy,1.302e-05,276.0,0.00359352
VIBE/BTC,1530586575040,2018-07-03T02:56:15.040Z,buy,1.301e-05,200.0,0.002602
VIBE/BTC,1530586575040,2018-07-03T02:56:15.040Z,buy,1.302e-05,568.0,0.00739536
VIBE/BTC,1530586661119,2018-07-03T02:57:41.119Z,buy,1.302e-05,1234.0,0.01606668
VIBE/BTC,1530586806688,2018-07-03T03:00:06.688Z,sell,1.297e-05,94.0,0.00121918
VIBE/BTC,1530587012459,2018-07-03T03:03:32.459Z,buy,1.302e-05,2022.0,0.02632644
VIBE/BTC,1530587012468,2018-07-03T03:03:32.468Z,buy,1.303e-05,696.0,0.00906888
VIBE/BTC,1530587012468,2018-07-03T03:03:32.468Z,buy,1.304e-05,3935.0,0.0513124
VIBE/BTC,1530587012481,2018-07-03T03:03:32.481Z,buy,1.304e-05,5217.0,0.06802968
VIBE/BTC,1530587012482,2018-07-03T03:03:32.482Z,buy,1.304e-05,944.0,0.01230976
VIBE/BTC,1530587012492,2018-07-03T03:03:32.492Z,sell,1.297e-05,215.0,0.00278855
VIBE/BTC,1530587012492,2018-07-03T03:03:32.492Z,sell,1.296e-05,353.0,0.00457488
VIBE/BTC,1530587020094,2018-07-03T03:03:40.094Z,sell,1.296e-05,6.0,7.776e-05
VIBE/BTC,1530587020094,2018-07-03T03:03:40.094Z,sell,1.293e-05,447.0,0.0057797099999999
VIBE/BTC,1530587020094,2018-07-03T03:03:40.094Z,sell,1.289e-05,1119.0,0.01442391
VIBE/BTC,1530587020094,2018-07-03T03:03:40.094Z,sell,1.288e-05,1073.0,0.01382024
VIBE/BTC,1530587075378,2018-07-03T03:04:35.378Z,sell,1.292e-05,310.0,0.0040051999999999
VIBE/BTC,1530587075378,2018-07-03T03:04:35.378Z,sell,1.291e-05,372.0,0.00480252
VIBE/BTC,1530587075378,2018-07-03T03:04:35.378Z,sell,1.288e-05,87.0,0.00112056
VIBE/BTC,1530587132184,2018-07-03T03:05:32.184Z,buy,1.297e-05,771.0,0.00999987
VIBE/BTC,1530587260939,2018-07-03T03:07:40.939Z,buy,1.297e-05,348.0,0.00451356
VIBE/BTC,1530587260939,2018-07-03T03:07:40.939Z,buy,1.298e-05,447.0,0.0058020599999999
VIBE/BTC,1530587260939,2018-07-03T03:07:40.939Z,buy,1.299e-05,1537.0,0.0199656299999999
VIBE/BTC,1530587260939,2018-07-03T03:07:40.939Z,buy,1.3e-05,654.0,0.008502
VIBE/BTC,1530587260939,2018-07-03T03:07:40.939Z,buy,1.303e-05,1160.0,0.0151148
VIBE/BTC,1530587260939,2018-07-03T03:07:40.939Z,buy,1.304e-05,11743.0,0.15312872
VIBE/BTC,1530587261323,2018-07-03T03:07:41.323Z,sell,1.295e-05,464.0,0.0060088
VIBE/BTC,1530587292009,2018-07-03T03:08:12.009Z,buy,1.295e-05,709.0,0.00918155
VIBE/BTC,1530587292043,2018-07-03T03:08:12.043Z,buy,1.295e-05,219.0,0.00283605
VIBE/BTC,1530587345852,2018-07-03T03:09:05.852Z,sell,1.296e-05,309.0,0.00400464
VIBE/BTC,1530587345868,2018-07-03T03:09:05.868Z,sell,1.295e-05,309.0,0.0040015499999999
VIBE/BTC,1530587440757,2018-07-03T03:10:40.757Z,sell,1.295e-05,792.0,0.0102564
VIBE/BTC,1530587800234,2018-07-03T03:16:40.234Z,sell,1.296e-05,1126.0,0.01459296
VIBE/BTC,1530587829267,2018-07-03T03:17:09.267Z,buy,1.299e-05,78.0,0.00101322
VIBE/BTC,1530587839589,2018-07-03T03:17:19.589Z,buy,1.296e-05,792.0,0.01026432
VIBE/BTC,1530587867602,2018-07-03T03:17:47.602Z,sell,1.296e-05,136.0,0.00176256
VIBE/BTC,1530587909107,2018-07-03T03:18:29.107Z,buy,1.299e-05,12.0,0.00015588
VIBE/BTC,1530587909107,2018-07-03T03:18:29.107Z,buy,1.303e-05,265.0,0.00345295
VIBE/BTC,1530587943061,2018-07-03T03:19:03.061Z,buy,1.303e-05,939.0,0.01223517
VIBE/BTC,1530587943061,2018-07-03T03:19:03.061Z,buy,1.304e-05,1368.0,0.01783872
VIBE/BTC,1530587973104,2018-07-03T03:19:33.104Z,buy,1.304e-05,78.0,0.00101712
VIBE/BTC,1530588010740,2018-07-03T03:20:10.740Z,buy,1.302e-05,241.0,0.00313782
VIBE/BTC,1530588067936,2018-07-03T03:21:07.936Z,buy,1.299e-05,78.0,0.00101322
VIBE/BTC,1530588068042,2018-07-03T03:21:08.042Z,buy,1.299e-05,145.0,0.00188355
VIBE/BTC,1530588099600,2018-07-03T03:21:39.600Z,sell,1.3e-05,89.0,0.0011569999999999
VIBE/BTC,1530588099600,2018-07-03T03:21:39.600Z,sell,1.297e-05,47.0,0.00060959
VIBE/BTC,1530588383906,2018-07-03T03:26:23.906Z,sell,1.298e-05,85.0,0.0011033
VIBE/BTC,1530588383906,2018-07-03T03:26:23.906Z,sell,1.296e-05,1170.0,0.0151632
VIBE/BTC,1530588384709,2018-07-03T03:26:24.709Z,buy,1.296e-05,1543.0,0.01999728
VIBE/BTC,1530588517592,2018-07-03T03:28:37.592Z,sell,1.296e-05,1040.0,0.0134784
VIBE/BTC,1530588518750,2018-07-03T03:28:38.750Z,buy,1.302e-05,103.0,0.00134106
VIBE/BTC,1530588594076,2018-07-03T03:29:54.076Z,buy,1.302e-05,984.0,0.01281168
VIBE/BTC,1530588594076,2018-07-03T03:29:54.076Z,buy,1.303e-05,349.0,0.00454747
VIBE/BTC,1530588875788,2018-07-03T03:34:35.788Z,buy,1.303e-05,78.0,0.00101634
VIBE/BTC,1530588875788,2018-07-03T03:34:35.788Z,buy,1.303e-05,78.0,0.00101634
VIBE/BTC,1530589037632,2018-07-03T03:37:17.632Z,buy,1.303e-05,650.0,0.0084695
VIBE/BTC,1530589114951,2018-07-03T03:38:34.951Z,buy,1.303e-05,340.0,0.0044302
VIBE/BTC,1530589262726,2018-07-03T03:41:02.726Z,buy,1.303e-05,1800.0,0.023454
VIBE/BTC,1530589336557,2018-07-03T03:42:16.557Z,buy,1.303e-05,59.0,0.00076877
VIBE/BTC,1530589336936,2018-07-03T03:42:16.936Z,buy,1.304e-05,394.0,0.00513776
VIBE/BTC,1530589337790,2018-07-03T03:42:17.790Z,buy,1.305e-05,1611.0,0.02102355
VIBE/BTC,1530589347594,2018-07-03T03:42:27.594Z,sell,1.303e-05,98.0,0.00127694
VIBE/BTC,1530589347790,2018-07-03T03:42:27.790Z,buy,1.305e-05,97.0,0.00126585
VIBE/BTC,1530589374334,2018-07-03T03:42:54.334Z,sell,1.303e-05,105.0,0.00136815
VIBE/BTC,1530589405222,2018-07-03T03:43:25.222Z,sell,1.304e-05,307.0,0.00400328
VIBE/BTC,1530589405795,2018-07-03T03:43:25.795Z,buy,1.304e-05,439.0,0.00572456
VIBE/BTC,1530589469214,2018-07-03T03:44:29.214Z,sell,1.303e-05,344.0,0.00448232
VIBE/BTC,1530589477986,2018-07-03T03:44:37.986Z,buy,1.308e-05,412.0,0.00538896
VIBE/BTC,1530589477986,2018-07-03T03:44:37.986Z,buy,1.31e-05,352.0,0.0046112
VIBE/BTC,1530589544156,2018-07-03T03:45:44.156Z,buy,1.31e-05,78.0,0.0010218
VIBE/BTC,1530589545314,2018-07-03T03:45:45.314Z,buy,1.31e-05,85.0,0.0011135
VIBE/BTC,1530589551824,2018-07-03T03:45:51.824Z,sell,1.304e-05,85.0,0.0011084
VIBE/BTC,1530589551824,2018-07-03T03:45:51.824Z,sell,1.303e-05,68.0,0.00088604
VIBE/BTC,1530589557911,2018-07-03T03:45:57.911Z,buy,1.31e-05,2260.0,0.029606
VIBE/BTC,1530589560285,2018-07-03T03:46:00.285Z,buy,1.31e-05,499.0,0.0065369
VIBE/BTC,1530589560285,2018-07-03T03:46:00.285Z,buy,1.311e-05,264.0,0.00346104
VIBE/BTC,1530589644939,2018-07-03T03:47:24.939Z,buy,1.306e-05,258.0,0.00336948
VIBE/BTC,1530589647776,2018-07-03T03:47:27.776Z,buy,1.311e-05,3925.0,0.05145675
VIBE/BTC,1530589647798,2018-07-03T03:47:27.798Z,sell,1.311e-05,674.0,0.00883614
VIBE/BTC,1530589647828,2018-07-03T03:47:27.828Z,sell,1.311e-05,232.0,0.00304152
VIBE/BTC,1530589647832,2018-07-03T03:47:27.832Z,sell,1.311e-05,77.0,0.00100947
VIBE/BTC,1530589647834,2018-07-03T03:47:27.834Z,sell,1.311e-05,92.0,0.00120612
VIBE/BTC,1530589648949,2018-07-03T03:47:28.949Z,buy,1.309e-05,401.0,0.00524909
VIBE/BTC,1530589730672,2018-07-03T03:48:50.672Z,buy,1.312e-05,219.0,0.0028732799999999
VIBE/BTC,1530589830866,2018-07-03T03:50:30.866Z,buy,1.312e-05,549.0,0.00720288
VIBE/BTC,1530589830866,2018-07-03T03:50:30.866Z,buy,1.314e-05,213.0,0.00279882
VIBE/BTC,1530589851745,2018-07-03T03:50:51.745Z,buy,1.314e-05,114.0,0.00149796
VIBE/BTC,1530589921371,2018-07-03T03:52:01.371Z,buy,1.314e-05,278.0,0.00365292
VIBE/BTC,1530589921371,2018-07-03T03:52:01.371Z,buy,1.315e-05,483.0,0.00635145
VIBE/BTC,1530589970439,2018-07-03T03:52:50.439Z,buy,1.315e-05,77.0,0.0010125499999999
VIBE/BTC,1530589970946,2018-07-03T03:52:50.946Z,buy,1.315e-05,77.0,0.0010125499999999
VIBE/BTC,1530589974856,2018-07-03T03:52:54.856Z,sell,1.31e-05,117.0,0.0015327
VIBE/BTC,1530590020274,2018-07-03T03:53:40.274Z,sell,1.314e-05,212.0,0.00278568
VIBE/BTC,1530590050279,2018-07-03T03:54:10.279Z,buy,1.315e-05,78.0,0.0010257
VIBE/BTC,1530590076428,2018-07-03T03:54:36.428Z,sell,1.31e-05,189.0,0.0024759
VIBE/BTC,1530590105518,2018-07-03T03:55:05.518Z,sell,1.308e-05,1000.0,0.01308
VIBE/BTC,1530590119490,2018-07-03T03:55:19.490Z,sell,1.31e-05,85.0,0.0011135
VIBE/BTC,1530590119490,2018-07-03T03:55:19.490Z,sell,1.309e-05,114.0,0.00149226
VIBE/BTC,1530590127241,2018-07-03T03:55:27.241Z,sell,1.309e-05,5145.0,0.06734805
VIBE/BTC,1530590134840,2018-07-03T03:55:34.840Z,buy,1.309e-05,1535.0,0.02009315
VIBE/BTC,1530590138336,2018-07-03T03:55:38.336Z,buy,1.309e-05,763.0,0.00998767
VIBE/BTC,1530590323144,2018-07-03T03:58:43.144Z,buy,1.315e-05,2764.0,0.0363466
VIBE/BTC,1530590414329,2018-07-03T04:00:14.329Z,buy,1.315e-05,163.0,0.00214345
VIBE/BTC,1530590414329,2018-07-03T04:00:14.329Z,buy,1.317e-05,597.0,0.00786249
VIBE/BTC,1530590439097,2018-07-03T04:00:39.097Z,sell,1.31e-05,553.0,0.0072443
VIBE/BTC,1530590455825,2018-07-03T04:00:55.825Z,sell,1.311e-05,84.0,0.00110124
VIBE/BTC,1530590455825,2018-07-03T04:00:55.825Z,sell,1.309e-05,1275.0,0.01668975
VIBE/BTC,1530590512914,2018-07-03T04:01:52.914Z,buy,1.316e-05,637.0,0.00838292
VIBE/BTC,1530590512914,2018-07-03T04:01:52.914Z,buy,1.317e-05,122.0,0.00160674
VIBE/BTC,1530590579831,2018-07-03T04:02:59.831Z,sell,1.311e-05,84.0,0.00110124
VIBE/BTC,1530590579831,2018-07-03T04:02:59.831Z,sell,1.31e-05,632.0,0.0082792
VIBE/BTC,1530590585302,2018-07-03T04:03:05.302Z,sell,1.31e-05,505.0,0.0066155
VIBE/BTC,1530590607641,2018-07-03T04:03:27.641Z,buy,1.316e-05,759.0,0.00998844
VIBE/BTC,1530590613056,2018-07-03T04:03:33.056Z,sell,1.315e-05,219.0,0.0028798499999999
VIBE/BTC,1530590614094,2018-07-03T04:03:34.094Z,sell,1.315e-05,160.0,0.002104
VIBE/BTC,1530590615640,2018-07-03T04:03:35.640Z,buy,1.316e-05,378.0,0.00497448
VIBE/BTC,1530590615640,2018-07-03T04:03:35.640Z,buy,1.317e-05,2240.0,0.0295007999999999
VIBE/BTC,1530590615640,2018-07-03T04:03:35.640Z,buy,1.318e-05,391.0,0.00515338
VIBE/BTC,1530590615640,2018-07-03T04:03:35.640Z,buy,1.319e-05,176.0,0.00232144
VIBE/BTC,1530590615640,2018-07-03T04:03:35.640Z,buy,1.32e-05,114.0,0.0015048
VIBE/BTC,1530590615640,2018-07-03T04:03:35.640Z,buy,1.322e-05,1133.0,0.01497826
VIBE/BTC,1530590615640,2018-07-03T04:03:35.640Z,buy,1.324e-05,154.0,0.00203896
VIBE/BTC,1530590615640,2018-07-03T04:03:35.640Z,buy,1.325e-05,1999.0,0.02648675
VIBE/BTC,1530590615640,2018-07-03T04:03:35.640Z,buy,1.327e-05,155.0,0.00205685
VIBE/BTC,1530590615640,2018-07-03T04:03:35.640Z,buy,1.328e-05,77.0,0.00102256
VIBE/BTC,1530590615640,2018-07-03T04:03:35.640Z,buy,1.33e-05,328.0,0.0043624
VIBE/BTC,1530590615640,2018-07-03T04:03:35.640Z,buy,1.331e-05,602.0,0.00801262
VIBE/BTC,1530590619182,2018-07-03T04:03:39.182Z,sell,1.31e-05,3039.0,0.0398109
VIBE/BTC,1530590619182,2018-07-03T04:03:39.182Z,sell,1.309e-05,1712.0,0.02241008
VIBE/BTC,1530590619182,2018-07-03T04:03:39.182Z,sell,1.308e-05,478.0,0.00625224
VIBE/BTC,1530590622672,2018-07-03T04:03:42.672Z,buy,1.329e-05,206.0,0.00273774
VIBE/BTC,1530590632984,2018-07-03T04:03:52.984Z,buy,1.329e-05,1273.0,0.01691817
VIBE/BTC,1530590632984,2018-07-03T04:03:52.984Z,buy,1.331e-05,1593.0,0.02120283
VIBE/BTC,1530590642946,2018-07-03T04:04:02.946Z,buy,1.33e-05,76.0,0.0010108
VIBE/BTC,1530590646008,2018-07-03T04:04:06.008Z,buy,1.331e-05,98.0,0.00130438
VIBE/BTC,1530590648428,2018-07-03T04:04:08.428Z,buy,1.331e-05,2864.0,0.03811984
VIBE/BTC,1530590673616,2018-07-03T04:04:33.616Z,sell,1.326e-05,81.0,0.00107406
VIBE/BTC,1530590673620,2018-07-03T04:04:33.620Z,sell,1.326e-05,3.0,3.978e-05
VIBE/BTC,1530590673620,2018-07-03T04:04:33.620Z,sell,1.325e-05,200.0,0.00265
VIBE/BTC,1530590675698,2018-07-03T04:04:35.698Z,sell,1.323e-05,101.0,0.00133623
VIBE/BTC,1530590679931,2018-07-03T04:04:39.931Z,sell,1.324e-05,740.0,0.0097976
VIBE/BTC,1530590719786,2018-07-03T04:05:19.786Z,buy,1.33e-05,716.0,0.0095228
VIBE/BTC,1530590736405,2018-07-03T04:05:36.405Z,buy,1.33e-05,125.0,0.0016625
VIBE/BTC,1530590736405,2018-07-03T04:05:36.405Z,buy,1.331e-05,352.0,0.00468512
VIBE/BTC,1530590736971,2018-07-03T04:05:36.971Z,sell,1.33e-05,568.0,0.0075544
VIBE/BTC,1530590740974,2018-07-03T04:05:40.974Z,sell,1.331e-05,200.0,0.002662
VIBE/BTC,1530590744653,2018-07-03T04:05:44.653Z,sell,1.326e-05,35.0,0.0004641
VIBE/BTC,1530590767100,2018-07-03T04:06:07.100Z,buy,1.332e-05,357.0,0.00475524
VIBE/BTC,1530590776766,2018-07-03T04:06:16.766Z,buy,1.332e-05,35.0,0.0004662
VIBE/BTC,1530590776766,2018-07-03T04:06:16.766Z,buy,1.334e-05,1466.0,0.0195564399999999
VIBE/BTC,1530590776766,2018-07-03T04:06:16.766Z,buy,1.335e-05,8499.0,0.11346165
VIBE/BTC,1530590778463,2018-07-03T04:06:18.463Z,sell,1.326e-05,200.0,0.002652
VIBE/BTC,1530590778796,2018-07-03T04:06:18.796Z,buy,1.332e-05,4.0,5.328e-05
VIBE/BTC,1530590789010,2018-07-03T04:06:29.010Z,buy,1.332e-05,80.0,0.0010655999999999
VIBE/BTC,1530590789735,2018-07-03T04:06:29.735Z,sell,1.332e-05,200.0,0.0026639999999999
VIBE/BTC,1530590790188,2018-07-03T04:06:30.188Z,buy,1.334e-05,151.0,0.00201434
VIBE/BTC,1530590790188,2018-07-03T04:06:30.188Z,buy,1.335e-05,599.0,0.00799665
VIBE/BTC,1530590790341,2018-07-03T04:06:30.341Z,sell,1.332e-05,8454.0,0.1126072799999999
VIBE/BTC,1530590801107,2018-07-03T04:06:41.107Z,sell,1.332e-05,301.0,0.00400932
VIBE/BTC,1530590807303,2018-07-03T04:06:47.303Z,sell,1.328e-05,256.0,0.00339968
VIBE/BTC,1530590807303,2018-07-03T04:06:47.303Z,sell,1.325e-05,14.0,0.0001855
VIBE/BTC,1530590808380,2018-07-03T04:06:48.380Z,buy,1.334e-05,373.0,0.00497582
VIBE/BTC,1530590808380,2018-07-03T04:06:48.380Z,buy,1.335e-05,340.0,0.004539
VIBE/BTC,1530590823840,2018-07-03T04:07:03.840Z,buy,1.334e-05,200.0,0.002668
VIBE/BTC,1530590823840,2018-07-03T04:07:03.840Z,buy,1.335e-05,513.0,0.0068485499999999
VIBE/BTC,1530590832706,2018-07-03T04:07:12.706Z,buy,1.335e-05,581.0,0.0077563499999999
VIBE/BTC,1530590832983,2018-07-03T04:07:12.983Z,sell,1.335e-05,1792.0,0.0239232
VIBE/BTC,1530590837242,2018-07-03T04:07:17.242Z,sell,1.336e-05,76.0,0.00101536
VIBE/BTC,1530590840234,2018-07-03T04:07:20.234Z,buy,1.338e-05,562.0,0.00751956
VIBE/BTC,1530590856117,2018-07-03T04:07:36.117Z,sell,1.333e-05,83.0,0.0011063899999999
VIBE/BTC,1530590858973,2018-07-03T04:07:38.973Z,sell,1.332e-05,200.0,0.0026639999999999
VIBE/BTC,1530590859283,2018-07-03T04:07:39.283Z,sell,1.327e-05,339.0,0.00449853
VIBE/BTC,1530590859283,2018-07-03T04:07:39.283Z,sell,1.326e-05,1878.0,0.02490228
VIBE/BTC,1530590859283,2018-07-03T04:07:39.283Z,sell,1.325e-05,1295.0,0.01715875
VIBE/BTC,1530590859283,2018-07-03T04:07:39.283Z,sell,1.324e-05,900.0,0.011916
VIBE/BTC,1530590859283,2018-07-03T04:07:39.283Z,sell,1.323e-05,3226.0,0.04267998
VIBE/BTC,1530590859283,2018-07-03T04:07:39.283Z,sell,1.322e-05,832.0,0.01099904
VIBE/BTC,1530590859283,2018-07-03T04:07:39.283Z,sell,1.32e-05,2483.0,0.0327756
VIBE/BTC,1530590861326,2018-07-03T04:07:41.326Z,sell,1.321e-05,176.0,0.00232496
VIBE/BTC,1530590861326,2018-07-03T04:07:41.326Z,sell,1.32e-05,389.0,0.0051348
VIBE/BTC,1530590862172,2018-07-03T04:07:42.172Z,buy,1.327e-05,4.0,5.308e-05
VIBE/BTC,1530590866475,2018-07-03T04:07:46.475Z,sell,1.32e-05,385.0,0.005082
VIBE/BTC,1530590868129,2018-07-03T04:07:48.129Z,sell,1.32e-05,776.0,0.0102432
VIBE/BTC,1530590868154,2018-07-03T04:07:48.154Z,sell,1.32e-05,773.0,0.0102036
VIBE/BTC,1530590868841,2018-07-03T04:07:48.841Z,sell,1.32e-05,773.0,0.0102036
VIBE/BTC,1530590869667,2018-07-03T04:07:49.667Z,sell,1.32e-05,773.0,0.0102036
VIBE/BTC,1530590870944,2018-07-03T04:07:50.944Z,sell,1.32e-05,464.0,0.0061248
VIBE/BTC,1530590870944,2018-07-03T04:07:50.944Z,sell,1.318e-05,311.0,0.0040989799999999
VIBE/BTC,1530590872443,2018-07-03T04:07:52.443Z,sell,1.318e-05,375.0,0.0049425
VIBE/BTC,1530590872443,2018-07-03T04:07:52.443Z,sell,1.317e-05,401.0,0.00528117
VIBE/BTC,1530590874583,2018-07-03T04:07:54.583Z,sell,1.317e-05,1.0,1.317e-05
VIBE/BTC,1530590875084,2018-07-03T04:07:55.084Z,sell,1.317e-05,780.0,0.0102726
VIBE/BTC,1530590875178,2018-07-03T04:07:55.178Z,sell,1.317e-05,772.0,0.01016724
VIBE/BTC,1530590875206,2018-07-03T04:07:55.206Z,sell,1.317e-05,777.0,0.01023309
VIBE/BTC,1530590875610,2018-07-03T04:07:55.610Z,sell,1.317e-05,777.0,0.01023309
VIBE/BTC,1530590875809,2018-07-03T04:07:55.809Z,sell,1.317e-05,777.0,0.01023309
VIBE/BTC,1530590875993,2018-07-03T04:07:55.993Z,sell,1.317e-05,773.0,0.0101804099999999
VIBE/BTC,1530590876186,2018-07-03T04:07:56.186Z,sell,1.317e-05,772.0,0.01016724
VIBE/BTC,1530590876462,2018-07-03T04:07:56.462Z,sell,1.317e-05,782.0,0.01029894
VIBE/BTC,1530590876590,2018-07-03T04:07:56.590Z,sell,1.317e-05,771.0,0.01015407
VIBE/BTC,1530590876974,2018-07-03T04:07:56.974Z,sell,1.317e-05,1432.0,0.0188594399999999
VIBE/BTC,1530590877083,2018-07-03T04:07:57.083Z,sell,1.317e-05,772.0,0.01016724
VIBE/BTC,1530590877128,2018-07-03T04:07:57.128Z,sell,1.317e-05,773.0,0.0101804099999999
VIBE/BTC,1530590877517,2018-07-03T04:07:57.517Z,sell,1.317e-05,774.0,0.0101935799999999
VIBE/BTC,1530590877588,2018-07-03T04:07:57.588Z,sell,1.317e-05,770.0,0.0101409
VIBE/BTC,1530590877918,2018-07-03T04:07:57.918Z,sell,1.317e-05,774.0,0.0101935799999999
VIBE/BTC,1530590878821,2018-07-03T04:07:58.821Z,sell,1.317e-05,772.0,0.01016724
VIBE/BTC,1530590879165,2018-07-03T04:07:59.165Z,sell,1.317e-05,775.0,0.0102067499999999
VIBE/BTC,1530590879191,2018-07-03T04:07:59.191Z,sell,1.317e-05,773.0,0.0101804099999999
VIBE/BTC,1530590879874,2018-07-03T04:07:59.874Z,sell,1.317e-05,776.0,0.0102199199999999
VIBE/BTC,1530590880902,2018-07-03T04:08:00.902Z,sell,1.317e-05,775.0,0.0102067499999999
VIBE/BTC,1530590881871,2018-07-03T04:08:01.871Z,sell,1.317e-05,772.0,0.01016724
VIBE/BTC,1530590882601,2018-07-03T04:08:02.601Z,sell,1.317e-05,772.0,0.01016724
VIBE/BTC,1530590882610,2018-07-03T04:08:02.610Z,sell,1.317e-05,779.0,0.01025943
VIBE/BTC,1530590883296,2018-07-03T04:08:03.296Z,sell,1.317e-05,772.0,0.01016724
VIBE/BTC,1530590883301,2018-07-03T04:08:03.301Z,sell,1.317e-05,779.0,0.01025943
VIBE/BTC,1530590883677,2018-07-03T04:08:03.677Z,sell,1.317e-05,775.0,0.0102067499999999
VIBE/BTC,1530590884067,2018-07-03T04:08:04.067Z,sell,1.317e-05,529.0,0.00696693
VIBE/BTC,1530590884067,2018-07-03T04:08:04.067Z,sell,1.313e-05,246.0,0.00322998
VIBE/BTC,1530590884751,2018-07-03T04:08:04.751Z,sell,1.313e-05,775.0,0.0101757499999999
VIBE/BTC,1530590885525,2018-07-03T04:08:05.525Z,sell,1.313e-05,773.0,0.01014949
VIBE/BTC,1530590906456,2018-07-03T04:08:26.456Z,buy,1.314e-05,172.0,0.00226008
VIBE/BTC,1530590911485,2018-07-03T04:08:31.485Z,buy,1.315e-05,362.0,0.0047602999999999
VIBE/BTC,1530590953144,2018-07-03T04:09:13.144Z,buy,1.315e-05,408.0,0.0053652
VIBE/BTC,1530590980416,2018-07-03T04:09:40.416Z,buy,1.323e-05,200.0,0.002646
VIBE/BTC,1530590980416,2018-07-03T04:09:40.416Z,buy,1.324e-05,486.0,0.00643464
VIBE/BTC,1530590980416,2018-07-03T04:09:40.416Z,buy,1.328e-05,69.0,0.00091632
VIBE/BTC,1530591024546,2018-07-03T04:10:24.546Z,buy,1.326e-05,311.0,0.00412386
VIBE/BTC,1530591024546,2018-07-03T04:10:24.546Z,buy,1.327e-05,47.0,0.00062369
VIBE/BTC,1530591068254,2018-07-03T04:11:08.254Z,sell,1.317e-05,82.0,0.00107994
VIBE/BTC,1530591068254,2018-07-03T04:11:08.254Z,sell,1.316e-05,200.0,0.002632
VIBE/BTC,1530591068254,2018-07-03T04:11:08.254Z,sell,1.315e-05,405.0,0.00532575
VIBE/BTC,1530591130436,2018-07-03T04:12:10.436Z,sell,1.315e-05,542.0,0.0071273
VIBE/BTC,1530591158608,2018-07-03T04:12:38.608Z,sell,1.315e-05,971.0,0.01276865
VIBE/BTC,1530591386656,2018-07-03T04:16:26.656Z,sell,1.315e-05,2000.0,0.0263
VIBE/BTC,1530591509075,2018-07-03T04:18:29.075Z,sell,1.315e-05,5686.0,0.0747709
VIBE/BTC,1530591509075,2018-07-03T04:18:29.075Z,sell,1.312e-05,484.0,0.00635008
VIBE/BTC,1530591509075,2018-07-03T04:18:29.075Z,sell,1.31e-05,77.0,0.0010087
VIBE/BTC,1530591509075,2018-07-03T04:18:29.075Z,sell,1.308e-05,21650.0,0.283182
VIBE/BTC,1530591509075,2018-07-03T04:18:29.075Z,sell,1.307e-05,22103.0,0.28888621
VIBE/BTC,1530591509141,2018-07-03T04:18:29.141Z,sell,1.307e-05,462.0,0.00603834
VIBE/BTC,1530591510231,2018-07-03T04:18:30.231Z,buy,1.312e-05,3.0,3.936e-05
VIBE/BTC,1530591520621,2018-07-03T04:18:40.621Z,sell,1.307e-05,1295.0,0.01692565
VIBE/BTC,1530591543409,2018-07-03T04:19:03.409Z,buy,1.312e-05,1520.0,0.0199424
VIBE/BTC,1530591543510,2018-07-03T04:19:03.510Z,sell,1.307e-05,1235.0,0.01614145
VIBE/BTC,1530591765370,2018-07-03T04:22:45.370Z,buy,1.311e-05,802.0,0.01051422
VIBE/BTC,1530591797122,2018-07-03T04:23:17.122Z,sell,1.311e-05,923.0,0.01210053
VIBE/BTC,1530591797122,2018-07-03T04:23:17.122Z,sell,1.31e-05,200.0,0.00262
VIBE/BTC,1530591797122,2018-07-03T04:23:17.122Z,sell,1.308e-05,3639.0,0.04759812
VIBE/BTC,1530591805239,2018-07-03T04:23:25.239Z,buy,1.31e-05,1533.0,0.0200823
VIBE/BTC,1530591854322,2018-07-03T04:24:14.322Z,sell,1.308e-05,27302.0,0.35711016
VIBE/BTC,1530591954094,2018-07-03T04:25:54.094Z,sell,1.308e-05,421.0,0.00550668
VIBE/BTC,1530592160918,2018-07-03T04:29:20.918Z,buy,1.315e-05,760.0,0.009994
VIBE/BTC,1530592231992,2018-07-03T04:30:31.992Z,buy,1.315e-05,85.0,0.00111775
VIBE/BTC,1530592231992,2018-07-03T04:30:31.992Z,buy,1.316e-05,200.0,0.002632
VIBE/BTC,1530592231992,2018-07-03T04:30:31.992Z,buy,1.32e-05,77.0,0.0010164
VIBE/BTC,1530592285756,2018-07-03T04:31:25.756Z,buy,1.32e-05,200.0,0.00264
VIBE/BTC,1530592285756,2018-07-03T04:31:25.756Z,buy,1.321e-05,328.0,0.00433288
VIBE/BTC,1530592285756,2018-07-03T04:31:25.756Z,buy,1.323e-05,608.0,0.00804384
VIBE/BTC,1530592285756,2018-07-03T04:31:25.756Z,buy,1.32e-05,200.0,0.00264
VIBE/BTC,1530592285756,2018-07-03T04:31:25.756Z,buy,1.321e-05,328.0,0.00433288
VIBE/BTC,1530592285756,2018-07-03T04:31:25.756Z,buy,1.323e-05,608.0,0.00804384
VIBE/BTC,1530592512838,2018-07-03T04:35:12.838Z,buy,1.321e-05,78.0,0.00103038
VIBE/BTC,1530592512838,2018-07-03T04:35:12.838Z,buy,1.323e-05,1270.0,0.0168021
VIBE/BTC,1530592513292,2018-07-03T04:35:13.292Z,sell,1.323e-05,252.0,0.00333396
VIBE/BTC,1530592593147,2018-07-03T04:36:33.147Z,sell,1.319e-05,1888.0,0.02490272
VIBE/BTC,1530592599332,2018-07-03T04:36:39.332Z,sell,1.318e-05,500.0,0.0065899999999999
VIBE/BTC,1530592600318,2018-07-03T04:36:40.318Z,sell,1.318e-05,3297.0,0.04345446
VIBE/BTC,1530592697578,2018-07-03T04:38:17.578Z,buy,1.318e-05,96.0,0.00126528
VIBE/BTC,1530592697578,2018-07-03T04:38:17.578Z,buy,1.323e-05,362.0,0.00478926
VIBE/BTC,1530592777073,2018-07-03T04:39:37.073Z,buy,1.317e-05,3181.0,0.04189377
VIBE/BTC,1530592914019,2018-07-03T04:41:54.019Z,buy,1.32e-05,1449.0,0.0191268
VIBE/BTC,1530592994326,2018-07-03T04:43:14.326Z,buy,1.32e-05,757.0,0.0099924
VIBE/BTC,1530593085030,2018-07-03T04:44:45.030Z,sell,1.321e-05,1942.0,0.02565382
VIBE/BTC,1530593110090,2018-07-03T04:45:10.090Z,sell,1.321e-05,2132.0,0.02816372
VIBE/BTC,1530593112134,2018-07-03T04:45:12.134Z,sell,1.321e-05,440.0,0.0058124
VIBE/BTC,1530593113060,2018-07-03T04:45:13.060Z,sell,1.321e-05,95.0,0.00125495
VIBE/BTC,1530593116979,2018-07-03T04:45:16.979Z,buy,1.323e-05,4631.0,0.06126813
VIBE/BTC,1530593116991,2018-07-03T04:45:16.991Z,buy,1.323e-05,6632.0,0.08774136
VIBE/BTC,1530593117174,2018-07-03T04:45:17.174Z,sell,1.323e-05,4622.0,0.06114906
VIBE/BTC,1530593117174,2018-07-03T04:45:17.174Z,sell,1.321e-05,5.0,6.605e-05
VIBE/BTC,1530593121003,2018-07-03T04:45:21.003Z,sell,1.321e-05,528.0,0.00697488
VIBE/BTC,1530593121112,2018-07-03T04:45:21.112Z,sell,1.32e-05,6632.0,0.0875424
VIBE/BTC,1530593122307,2018-07-03T04:45:22.307Z,sell,1.32e-05,4622.0,0.0610104
VIBE/BTC,1530593182747,2018-07-03T04:46:22.747Z,sell,1.32e-05,251.0,0.0033132
VIBE/BTC,1530593210344,2018-07-03T04:46:50.344Z,buy,1.325e-05,754.0,0.0099905
VIBE/BTC,1530593304493,2018-07-03T04:48:24.493Z,buy,1.323e-05,31421.0,0.41569983
VIBE/BTC,1530593304493,2018-07-03T04:48:24.493Z,buy,1.324e-05,6500.0,0.08606
VIBE/BTC,1530593305374,2018-07-03T04:48:25.374Z,sell,1.324e-05,821.0,0.01087004
VIBE/BTC,1530593340343,2018-07-03T04:49:00.343Z,buy,1.325e-05,4631.0,0.06136075
VIBE/BTC,1530593340353,2018-07-03T04:49:00.353Z,buy,1.325e-05,10816.0,0.143312
VIBE/BTC,1530593340619,2018-07-03T04:49:00.619Z,sell,1.325e-05,200.0,0.00265
VIBE/BTC,1530593341363,2018-07-03T04:49:01.363Z,sell,1.325e-05,200.0,0.00265
VIBE/BTC,1530593343468,2018-07-03T04:49:03.468Z,sell,1.325e-05,4184.0,0.055438
VIBE/BTC,1530593343498,2018-07-03T04:49:03.498Z,sell,1.313e-05,250.0,0.0032825
VIBE/BTC,1530593343498,2018-07-03T04:49:03.498Z,sell,1.312e-05,1915.0,0.0251248
VIBE/BTC,1530593343509,2018-07-03T04:49:03.509Z,sell,1.312e-05,765.0,0.0100368
VIBE/BTC,1530593343509,2018-07-03T04:49:03.509Z,sell,1.311e-05,2017.0,0.02644287
VIBE/BTC,1530593343686,2018-07-03T04:49:03.686Z,sell,1.318e-05,200.0,0.002636
VIBE/BTC,1530593343686,2018-07-03T04:49:03.686Z,sell,1.313e-05,3058.0,0.04015154
VIBE/BTC,1530593343726,2018-07-03T04:49:03.726Z,sell,1.313e-05,762.0,0.01000506
VIBE/BTC,1530593343726,2018-07-03T04:49:03.726Z,sell,1.312e-05,564.0,0.00739968
VIBE/BTC,1530593387418,2018-07-03T04:49:47.418Z,buy,1.316e-05,1452.0,0.0191083199999999
VIBE/BTC,1530593403438,2018-07-03T04:50:03.438Z,buy,1.318e-05,381.0,0.0050215799999999
VIBE/BTC,1530593405924,2018-07-03T04:50:05.924Z,buy,1.319e-05,183.0,0.00241377
VIBE/BTC,1530593452540,2018-07-03T04:50:52.540Z,buy,1.325e-05,1681.0,0.02227325
VIBE/BTC,1530593472140,2018-07-03T04:51:12.140Z,buy,1.325e-05,336.0,0.004452
VIBE/BTC,1530593472140,2018-07-03T04:51:12.140Z,buy,1.326e-05,3064.0,0.04062864
VIBE/BTC,1530593736974,2018-07-03T04:55:36.974Z,buy,1.326e-05,182.0,0.00241332
VIBE/BTC,1530593736974,2018-07-03T04:55:36.974Z,buy,1.327e-05,177.0,0.00234879
VIBE/BTC,1530593850443,2018-07-03T04:57:30.443Z,sell,1.321e-05,148.0,0.00195508
VIBE/BTC,1530593853172,2018-07-03T04:57:33.172Z,sell,1.321e-05,614.0,0.00811094
VIBE/BTC,1530593863047,2018-07-03T04:57:43.047Z,sell,1.322e-05,675.0,0.0089235
VIBE/BTC,1530593871706,2018-07-03T04:57:51.706Z,sell,1.321e-05,2213.0,0.02923373
VIBE/BTC,1530593894479,2018-07-03T04:58:14.479Z,sell,1.32e-05,15159.0,0.2000988
VIBE/BTC,1530593896711,2018-07-03T04:58:16.711Z,sell,1.314e-05,200.0,0.002628
VIBE/BTC,1530593896711,2018-07-03T04:58:16.711Z,sell,1.313e-05,3394.0,0.04456322
VIBE/BTC,1530593896711,2018-07-03T04:58:16.711Z,sell,1.31e-05,4153.0,0.0544043
VIBE/BTC,1530594032559,2018-07-03T05:00:32.559Z,buy,1.316e-05,1339.0,0.01762124
VIBE/BTC,1530594032595,2018-07-03T05:00:32.595Z,buy,1.316e-05,1339.0,0.01762124
VIBE/BTC,1530594329826,2018-07-03T05:05:29.826Z,buy,1.316e-05,716.0,0.00942256
VIBE/BTC,1530594598416,2018-07-03T05:09:58.416Z,buy,1.325e-05,229.0,0.00303425
VIBE/BTC,1530594717178,2018-07-03T05:11:57.178Z,buy,1.325e-05,943.0,0.01249475
VIBE/BTC,1530594717178,2018-07-03T05:11:57.178Z,buy,1.326e-05,2080.0,0.0275808
VIBE/BTC,1530594717206,2018-07-03T05:11:57.206Z,sell,1.326e-05,214.0,0.00283764
VIBE/BTC,1530594792619,2018-07-03T05:13:12.619Z,buy,1.323e-05,214.0,0.00283122
VIBE/BTC,1530594792619,2018-07-03T05:13:12.619Z,buy,1.326e-05,214.0,0.00283764
VIBE/BTC,1530594792619,2018-07-03T05:13:12.619Z,buy,1.327e-05,215.0,0.00285305
VIBE/BTC,1530594837611,2018-07-03T05:13:57.611Z,buy,1.326e-05,77.0,0.00102102
VIBE/BTC,1530594841237,2018-07-03T05:14:01.237Z,sell,1.321e-05,200.0,0.002642
VIBE/BTC,1530594869676,2018-07-03T05:14:29.676Z,sell,1.322e-05,723.0,0.00955806
VIBE/BTC,1530594934392,2018-07-03T05:15:34.392Z,sell,1.322e-05,244.0,0.00322568
VIBE/BTC,1530595014869,2018-07-03T05:16:54.869Z,buy,1.326e-05,86.0,0.00114036
VIBE/BTC,1530595065994,2018-07-03T05:17:45.994Z,buy,1.326e-05,136.0,0.00180336
VIBE/BTC,1530595158771,2018-07-03T05:19:18.771Z,buy,1.326e-05,754.0,0.00999804
VIBE/BTC,1530595201498,2018-07-03T05:20:01.498Z,buy,1.326e-05,177.0,0.00234702
VIBE/BTC,1530595201498,2018-07-03T05:20:01.498Z,buy,1.327e-05,577.0,0.00765679
VIBE/BTC,1530595270441,2018-07-03T05:21:10.441Z,buy,1.326e-05,8880.0,0.1177488
VIBE/BTC,1530595270441,2018-07-03T05:21:10.441Z,buy,1.327e-05,605.0,0.00802835
VIBE/BTC,1530595270441,2018-07-03T05:21:10.441Z,buy,1.328e-05,639.0,0.00848592
VIBE/BTC,1530595270441,2018-07-03T05:21:10.441Z,buy,1.329e-05,2252.0,0.02992908
VIBE/BTC,1530595270441,2018-07-03T05:21:10.441Z,buy,1.33e-05,77.0,0.0010241
VIBE/BTC,1530595270441,2018-07-03T05:21:10.441Z,buy,1.331e-05,690.0,0.0091839
VIBE/BTC,1530595270441,2018-07-03T05:21:10.441Z,buy,1.332e-05,460.0,0.0061272
VIBE/BTC,1530595270441,2018-07-03T05:21:10.441Z,buy,1.334e-05,613.0,0.00817742
VIBE/BTC,1530595270441,2018-07-03T05:21:10.441Z,buy,1.337e-05,891.0,0.01191267
VIBE/BTC,1530595270441,2018-07-03T05:21:10.441Z,buy,1.338e-05,83.0,0.00111054
VIBE/BTC,1530595270441,2018-07-03T05:21:10.441Z,buy,1.339e-05,1973.0,0.02641847
VIBE/BTC,1530595270441,2018-07-03T05:21:10.441Z,buy,1.34e-05,12765.0,0.171051
VIBE/BTC,1530595270441,2018-07-03T05:21:10.441Z,buy,1.341e-05,168.0,0.00225288
VIBE/BTC,1530595270441,2018-07-03T05:21:10.441Z,buy,1.343e-05,1506.0,0.02022558
VIBE/BTC,1530595271790,2018-07-03T05:21:11.790Z,sell,1.332e-05,4.0,5.328e-05
VIBE/BTC,1530595273331,2018-07-03T05:21:13.331Z,sell,1.332e-05,100.0,0.0013319999999999
VIBE/BTC,1530595283075,2018-07-03T05:21:23.075Z,sell,1.333e-05,83.0,0.0011063899999999
VIBE/BTC,1530595296209,2018-07-03T05:21:36.209Z,sell,1.332e-05,375.0,0.0049949999999999
VIBE/BTC,1530595313468,2018-07-03T05:21:53.468Z,buy,1.339e-05,217.0,0.00290563
VIBE/BTC,1530595313468,2018-07-03T05:21:53.468Z,buy,1.34e-05,2029.0,0.0271886
VIBE/BTC,1530595313468,2018-07-03T05:21:53.468Z,buy,1.342e-05,200.0,0.002684
VIBE/BTC,1530595313468,2018-07-03T05:21:53.468Z,buy,1.343e-05,274.0,0.00367982
VIBE/BTC,1530595313468,2018-07-03T05:21:53.468Z,buy,1.344e-05,3180.0,0.0427392
VIBE/BTC,1530595313468,2018-07-03T05:21:53.468Z,buy,1.345e-05,3346.0,0.0450037
VIBE/BTC,1530595327710,2018-07-03T05:22:07.710Z,buy,1.345e-05,76.0,0.0010222
VIBE/BTC,1530595331776,2018-07-03T05:22:11.776Z,buy,1.345e-05,588.0,0.0079086
VIBE/BTC,1530595344071,2018-07-03T05:22:24.071Z,sell,1.334e-05,83.0,0.00110722
VIBE/BTC,1530595359714,2018-07-03T05:22:39.714Z,sell,1.333e-05,301.0,0.00401233
VIBE/BTC,1530595366691,2018-07-03T05:22:46.691Z,sell,1.325e-05,324.0,0.004293
VIBE/BTC,1530595366691,2018-07-03T05:22:46.691Z,sell,1.322e-05,445.0,0.0058829
VIBE/BTC,1530595369740,2018-07-03T05:22:49.740Z,buy,1.329e-05,2.0,2.658e-05
VIBE/BTC,1530595370010,2018-07-03T05:22:50.010Z,sell,1.323e-05,769.0,0.01017387
VIBE/BTC,1530595370266,2018-07-03T05:22:50.266Z,sell,1.323e-05,412.0,0.00545076
VIBE/BTC,1530595370266,2018-07-03T05:22:50.266Z,sell,1.322e-05,357.0,0.00471954
VIBE/BTC,1530595407455,2018-07-03T05:23:27.455Z,buy,1.329e-05,300.0,0.003987
VIBE/BTC,1530595410564,2018-07-03T05:23:30.564Z,buy,1.329e-05,90.0,0.0011961
VIBE/BTC,1530595410564,2018-07-03T05:23:30.564Z,buy,1.33e-05,23.0,0.0003059
VIBE/BTC,1530595429324,2018-07-03T05:23:49.324Z,buy,1.33e-05,334.0,0.0044422
VIBE/BTC,1530595430770,2018-07-03T05:23:50.770Z,sell,1.332e-05,5169.0,0.06885108
VIBE/BTC,1530595430770,2018-07-03T05:23:50.770Z,sell,1.33e-05,107.0,0.0014231
VIBE/BTC,1530595431902,2018-07-03T05:23:51.902Z,buy,1.334e-05,113.0,0.00150742
VIBE/BTC,1530595449463,2018-07-03T05:24:09.463Z,buy,1.333e-05,226.0,0.00301258
VIBE/BTC,1530595470667,2018-07-03T05:24:30.667Z,buy,1.332e-05,452.0,0.00602064
VIBE/BTC,1530595498572,2018-07-03T05:24:58.572Z,buy,1.332e-05,503.0,0.00669996
VIBE/BTC,1530595498572,2018-07-03T05:24:58.572Z,buy,1.333e-05,5169.0,0.06890277
VIBE/BTC,1530595503391,2018-07-03T05:25:03.391Z,buy,1.334e-05,100.0,0.001334
VIBE/BTC,1530595542666,2018-07-03T05:25:42.666Z,buy,1.334e-05,361.0,0.00481574
VIBE/BTC,1530595542666,2018-07-03T05:25:42.666Z,buy,1.338e-05,39.0,0.00052182
VIBE/BTC,1530595566322,2018-07-03T05:26:06.322Z,buy,1.338e-05,100.0,0.001338
VIBE/BTC,1530595868819,2018-07-03T05:31:08.819Z,sell,1.333e-05,519.0,0.00691827
VIBE/BTC,1530595868819,2018-07-03T05:31:08.819Z,sell,1.333e-05,519.0,0.00691827
VIBE/BTC,1530595898178,2018-07-03T05:31:38.178Z,sell,1.333e-05,520.0,0.0069316
VIBE/BTC,1530595919053,2018-07-03T05:31:59.053Z,sell,1.334e-05,200.0,0.002668
VIBE/BTC,1530595984931,2018-07-03T05:33:04.931Z,sell,1.334e-05,200.0,0.002668
VIBE/BTC,1530596425496,2018-07-03T05:40:25.496Z,buy,1.335e-05,199.0,0.00265665
VIBE/BTC,1530596425496,2018-07-03T05:40:25.496Z,buy,1.338e-05,185.0,0.0024753
VIBE/BTC,1530596425496,2018-07-03T05:40:25.496Z,buy,1.339e-05,365.0,0.00488735
VIBE/BTC,1530596539957,2018-07-03T05:42:19.957Z,sell,1.334e-05,69.0,0.00092046
VIBE/BTC,1530596559781,2018-07-03T05:42:39.781Z,sell,1.334e-05,1386.0,0.01848924
VIBE/BTC,1530596838097,2018-07-03T05:47:18.097Z,sell,1.333e-05,2070.0,0.0275931
VIBE/BTC,1530596857824,2018-07-03T05:47:37.824Z,sell,1.333e-05,1027.0,0.01368991
VIBE/BTC,1530596923016,2018-07-03T05:48:43.016Z,sell,1.332e-05,1611.0,0.02145852
VIBE/BTC,1530597016788,2018-07-03T05:50:16.788Z,buy,1.337e-05,473.0,0.00632401
VIBE/BTC,1530597016788,2018-07-03T05:50:16.788Z,buy,1.338e-05,274.0,0.00366612
VIBE/BTC,1530597103733,2018-07-03T05:51:43.733Z,sell,1.331e-05,86.0,0.00114466
VIBE/BTC,1530597103817,2018-07-03T05:51:43.817Z,sell,1.331e-05,1528.0,0.02033768
VIBE/BTC,1530597126839,2018-07-03T05:52:06.839Z,sell,1.331e-05,1307.0,0.01739617
VIBE/BTC,1530597183013,2018-07-03T05:53:03.013Z,sell,1.337e-05,209.0,0.00279433
VIBE/BTC,1530597208158,2018-07-03T05:53:28.158Z,buy,1.338e-05,151.0,0.00202038
VIBE/BTC,1530597229114,2018-07-03T05:53:49.114Z,buy,1.338e-05,747.0,0.00999486
VIBE/BTC,1530597459113,2018-07-03T05:57:39.113Z,buy,1.338e-05,223.0,0.00298374
VIBE/BTC,1530597479575,2018-07-03T05:57:59.575Z,buy,1.338e-05,130.0,0.0017394
VIBE/BTC,1530597572581,2018-07-03T05:59:32.581Z,buy,1.338e-05,130.0,0.0017394
VIBE/BTC,1530597572581,2018-07-03T05:59:32.581Z,buy,1.339e-05,617.0,0.00826163
VIBE/BTC,1530597578124,2018-07-03T05:59:38.124Z,buy,1.339e-05,747.0,0.01000233
VIBE/BTC,1530597655066,2018-07-03T06:00:55.066Z,sell,1.337e-05,91.0,0.00121667
VIBE/BTC,1530597655902,2018-07-03T06:00:55.902Z,sell,1.337e-05,118.0,0.00157766
VIBE/BTC,1530597660855,2018-07-03T06:01:00.855Z,buy,1.338e-05,200.0,0.002676
VIBE/BTC,1530597660855,2018-07-03T06:01:00.855Z,buy,1.339e-05,547.0,0.00732433
VIBE/BTC,1530597662237,2018-07-03T06:01:02.237Z,buy,1.339e-05,1118.0,0.01497002
VIBE/BTC,1530597662237,2018-07-03T06:01:02.237Z,buy,1.34e-05,5043.0,0.0675762
VIBE/BTC,1530597662614,2018-07-03T06:01:02.614Z,buy,1.34e-05,753.0,0.0100902
VIBE/BTC,1530597662914,2018-07-03T06:01:02.914Z,sell,1.339e-05,1061.0,0.01420679
VIBE/BTC,1530597663077,2018-07-03T06:01:03.077Z,buy,1.34e-05,670.0,0.008978
VIBE/BTC,1530597663913,2018-07-03T06:01:03.913Z,sell,1.339e-05,821.0,0.01099319
VIBE/BTC,1530597666000,2018-07-03T06:01:06.000Z,sell,1.339e-05,373.0,0.00499447
VIBE/BTC,1530597678166,2018-07-03T06:01:18.166Z,sell,1.331e-05,687.0,0.00914397
VIBE/BTC,1530597726016,2018-07-03T06:02:06.016Z,buy,1.339e-05,687.0,0.00919893
VIBE/BTC,1530597776183,2018-07-03T06:02:56.183Z,sell,1.339e-05,53.0,0.00070967
VIBE/BTC,1530597782520,2018-07-03T06:03:02.520Z,sell,1.331e-05,768.0,0.01022208
VIBE/BTC,1530597783497,2018-07-03T06:03:03.497Z,sell,1.331e-05,429.0,0.00570999
VIBE/BTC,1530597783497,2018-07-03T06:03:03.497Z,sell,1.33e-05,336.0,0.0044688
VIBE/BTC,1530597783890,2018-07-03T06:03:03.890Z,sell,1.33e-05,765.0,0.0101745
VIBE/BTC,1530597784916,2018-07-03T06:03:04.916Z,sell,1.33e-05,737.0,0.0098021
VIBE/BTC,1530597784916,2018-07-03T06:03:04.916Z,sell,1.329e-05,28.0,0.00037212
VIBE/BTC,1530597784977,2018-07-03T06:03:04.977Z,buy,1.339e-05,746.0,0.00998894
VIBE/BTC,1530597785303,2018-07-03T06:03:05.303Z,sell,1.329e-05,765.0,0.01016685
VIBE/BTC,1530597785988,2018-07-03T06:03:05.988Z,sell,1.329e-05,767.0,0.01019343
VIBE/BTC,1530597788091,2018-07-03T06:03:08.091Z,sell,1.329e-05,83.0,0.00110307
VIBE/BTC,1530597788091,2018-07-03T06:03:08.091Z,sell,1.328e-05,339.0,0.00450192
VIBE/BTC,1530597788091,2018-07-03T06:03:08.091Z,sell,1.325e-05,151.0,0.00200075
VIBE/BTC,1530597788091,2018-07-03T06:03:08.091Z,sell,1.324e-05,194.0,0.00256856
VIBE/BTC,1530597788656,2018-07-03T06:03:08.656Z,sell,1.323e-05,766.0,0.01013418
VIBE/BTC,1530597790157,2018-07-03T06:03:10.157Z,sell,1.324e-05,205.0,0.0027142
VIBE/BTC,1530597790157,2018-07-03T06:03:10.157Z,sell,1.323e-05,561.0,0.00742203
VIBE/BTC,1530597790528,2018-07-03T06:03:10.528Z,sell,1.324e-05,767.0,0.01015508
VIBE/BTC,1530597790848,2018-07-03T06:03:10.848Z,sell,1.324e-05,766.0,0.01014184
VIBE/BTC,1530597797812,2018-07-03T06:03:17.812Z,sell,1.324e-05,768.0,0.01016832
VIBE/BTC,1530597797965,2018-07-03T06:03:17.965Z,sell,1.324e-05,768.0,0.01016832
VIBE/BTC,1530597798174,2018-07-03T06:03:18.174Z,sell,1.324e-05,289.0,0.00382636
VIBE/BTC,1530597798174,2018-07-03T06:03:18.174Z,sell,1.323e-05,479.0,0.00633717
VIBE/BTC,1530597808642,2018-07-03T06:03:28.642Z,sell,1.324e-05,200.0,0.002648
VIBE/BTC,1530597808642,2018-07-03T06:03:28.642Z,sell,1.323e-05,666.0,0.00881118
VIBE/BTC,1530597808642,2018-07-03T06:03:28.642Z,sell,1.321e-05,2721.0,0.03594441
VIBE/BTC,1530597990062,2018-07-03T06:06:30.062Z,buy,1.328e-05,803.0,0.0106638399999999
VIBE/BTC,1530597990062,2018-07-03T06:06:30.062Z,buy,1.329e-05,3828.0,0.05087412
VIBE/BTC,1530597990152,2018-07-03T06:06:30.152Z,sell,1.323e-05,435.0,0.00575505
VIBE/BTC,1530597990152,2018-07-03T06:06:30.152Z,sell,1.321e-05,3221.0,0.04254941
VIBE/BTC,1530598146119,2018-07-03T06:09:06.119Z,sell,1.328e-05,210.0,0.0027888
VIBE/BTC,1530598354701,2018-07-03T06:12:34.701Z,buy,1.325e-05,200.0,0.00265
VIBE/BTC,1530598384013,2018-07-03T06:13:04.013Z,sell,1.321e-05,17836.0,0.23561356
VIBE/BTC,1530598384999,2018-07-03T06:13:04.999Z,sell,1.32e-05,47224.0,0.6233568
VIBE/BTC,1530598385055,2018-07-03T06:13:05.055Z,buy,1.321e-05,4631.0,0.06117551
VIBE/BTC,1530598386995,2018-07-03T06:13:06.995Z,sell,1.318e-05,430.0,0.0056673999999999
VIBE/BTC,1530598388007,2018-07-03T06:13:08.007Z,sell,1.317e-05,95.0,0.00125115
VIBE/BTC,1530598389005,2018-07-03T06:13:09.005Z,sell,1.315e-05,1596.0,0.0209874
VIBE/BTC,1530598393745,2018-07-03T06:13:13.745Z,buy,1.318e-05,3072.0,0.04048896
VIBE/BTC,1530598393745,2018-07-03T06:13:13.745Z,buy,1.319e-05,1559.0,0.02056321
VIBE/BTC,1530598393777,2018-07-03T06:13:13.777Z,buy,1.319e-05,5963.0,0.07865197
VIBE/BTC,1530598393847,2018-07-03T06:13:13.847Z,sell,1.313e-05,3620.0,0.0475306
VIBE/BTC,1530598393847,2018-07-03T06:13:13.847Z,sell,1.313e-05,2120.0,0.0278356
VIBE/BTC,1530598396418,2018-07-03T06:13:16.418Z,sell,1.313e-05,1.0,1.313e-05
VIBE/BTC,1530598444918,2018-07-03T06:14:04.918Z,sell,1.313e-05,1600.0,0.021008
VIBE/BTC,1530598465685,2018-07-03T06:14:25.685Z,sell,1.313e-05,3181.0,0.0417665299999999
VIBE/BTC,1530598465696,2018-07-03T06:14:25.696Z,sell,1.313e-05,353.0,0.00463489
VIBE/BTC,1530598465902,2018-07-03T06:14:25.902Z,sell,1.312e-05,171.0,0.00224352
VIBE/BTC,1530598465902,2018-07-03T06:14:25.902Z,sell,1.311e-05,1220.0,0.0159942
VIBE/BTC,1530598465902,2018-07-03T06:14:25.902Z,sell,1.31e-05,1391.0,0.0182221
VIBE/BTC,1530598516802,2018-07-03T06:15:16.802Z,buy,1.323e-05,10314.0,0.13645422
VIBE/BTC,1530598516817,2018-07-03T06:15:16.817Z,buy,1.324e-05,2237.0,0.02961788
VIBE/BTC,1530598517044,2018-07-03T06:15:17.044Z,sell,1.323e-05,151.0,0.00199773
VIBE/BTC,1530598581464,2018-07-03T06:16:21.464Z,sell,1.315e-05,1828.0,0.0240382
VIBE/BTC,1530598581464,2018-07-03T06:16:21.464Z,sell,1.313e-05,9.0,0.00011817
VIBE/BTC,1530598581474,2018-07-03T06:16:21.474Z,sell,1.313e-05,191.0,0.00250783
VIBE/BTC,1530598581474,2018-07-03T06:16:21.474Z,sell,1.312e-05,208.0,0.00272896
VIBE/BTC,1530598664747,2018-07-03T06:17:44.747Z,sell,1.311e-05,7221.0,0.09466731
VIBE/BTC,1530598697212,2018-07-03T06:18:17.212Z,sell,1.311e-05,540.0,0.0070794
VIBE/BTC,1530598829164,2018-07-03T06:20:29.164Z,sell,1.314e-05,358.0,0.00470412
VIBE/BTC,1530598841116,2018-07-03T06:20:41.116Z,buy,1.318e-05,597.0,0.0078684599999999
VIBE/BTC,1530598878557,2018-07-03T06:21:18.557Z,buy,1.318e-05,2435.0,0.0320933
VIBE/BTC,1530598878557,2018-07-03T06:21:18.557Z,buy,1.319e-05,1220.0,0.0160918
VIBE/BTC,1530598879212,2018-07-03T06:21:19.212Z,sell,1.319e-05,174.0,0.00229506
VIBE/BTC,1530598879389,2018-07-03T06:21:19.389Z,sell,1.314e-05,359.0,0.00471726
VIBE/BTC,1530598881165,2018-07-03T06:21:21.165Z,buy,1.32e-05,234.0,0.0030888
VIBE/BTC,1530598881165,2018-07-03T06:21:21.165Z,buy,1.324e-05,365.0,0.0048326
VIBE/BTC,1530598939726,2018-07-03T06:22:19.726Z,buy,1.32e-05,773.0,0.0102036
VIBE/BTC,1530598941218,2018-07-03T06:22:21.218Z,sell,1.32e-05,773.0,0.0102036
VIBE/BTC,1530599135592,2018-07-03T06:25:35.592Z,sell,1.314e-05,172.0,0.00226008
VIBE/BTC,1530599135604,2018-07-03T06:25:35.604Z,sell,1.314e-05,87.0,0.00114318
VIBE/BTC,1530599135656,2018-07-03T06:25:35.656Z,sell,1.314e-05,172.0,0.00226008
VIBE/BTC,1530599315270,2018-07-03T06:28:35.270Z,buy,1.321e-05,82.0,0.00108322
VIBE/BTC,1530599319588,2018-07-03T06:28:39.588Z,sell,1.314e-05,99.0,0.00130086
VIBE/BTC,1530599319588,2018-07-03T06:28:39.588Z,sell,1.314e-05,99.0,0.00130086
VIBE/BTC,1530599561826,2018-07-03T06:32:41.826Z,buy,1.32e-05,757.0,0.0099924
VIBE/BTC,1530599585270,2018-07-03T06:33:05.270Z,buy,1.321e-05,1081.0,0.01428001
VIBE/BTC,1530599645141,2018-07-03T06:34:05.141Z,buy,1.32e-05,1240.0,0.016368
VIBE/BTC,1530599645141,2018-07-03T06:34:05.141Z,buy,1.321e-05,2574.0,0.03400254
VIBE/BTC,1530600055924,2018-07-03T06:40:55.924Z,sell,1.312e-05,1696.0,0.02225152
VIBE/BTC,1530600070746,2018-07-03T06:41:10.746Z,buy,1.312e-05,200.0,0.002624
VIBE/BTC,1530600077684,2018-07-03T06:41:17.684Z,sell,1.311e-05,200.0,0.0026219999999999
VIBE/BTC,1530600093566,2018-07-03T06:41:33.566Z,buy,1.312e-05,400.0,0.005248
VIBE/BTC,1530600170440,2018-07-03T06:42:50.440Z,buy,1.312e-05,20.0,0.0002624
VIBE/BTC,1530600270308,2018-07-03T06:44:30.308Z,sell,1.311e-05,236.0,0.0030939599999999
VIBE/BTC,1530600270308,2018-07-03T06:44:30.308Z,sell,1.31e-05,1764.0,0.0231084
VIBE/BTC,1530600350509,2018-07-03T06:45:50.509Z,sell,1.31e-05,6500.0,0.08515
VIBE/BTC,1530600417178,2018-07-03T06:46:57.178Z,sell,1.31e-05,1192.0,0.0156152
VIBE/BTC,1530600455262,2018-07-03T06:47:35.262Z,sell,1.31e-05,200.0,0.00262
VIBE/BTC,1530600661587,2018-07-03T06:51:01.587Z,sell,1.311e-05,11493.0,0.15067323
VIBE/BTC,1530600691328,2018-07-03T06:51:31.328Z,sell,1.311e-05,1025.0,0.01343775
VIBE/BTC,1530600733494,2018-07-03T06:52:13.494Z,buy,1.312e-05,762.0,0.00999744
VIBE/BTC,1530600830431,2018-07-03T06:53:50.431Z,sell,1.311e-05,1404.0,0.01840644
VIBE/BTC,1530600912710,2018-07-03T06:55:12.710Z,buy,1.312e-05,725.0,0.009512
VIBE/BTC,1530601077066,2018-07-03T06:57:57.066Z,buy,1.312e-05,762.0,0.00999744
VIBE/BTC,1530601095567,2018-07-03T06:58:15.567Z,buy,1.312e-05,76.0,0.00099712
VIBE/BTC,1530601239319,2018-07-03T07:00:39.319Z,buy,1.312e-05,77.0,0.00101024
VIBE/BTC,1530601255001,2018-07-03T07:00:55.001Z,buy,1.312e-05,762.0,0.00999744
VIBE/BTC,1530601442742,2018-07-03T07:04:02.742Z,buy,1.312e-05,698.0,0.00915776
VIBE/BTC,1530601609015,2018-07-03T07:06:49.015Z,buy,1.312e-05,67.0,0.00087904
VIBE/BTC,1530601943745,2018-07-03T07:12:23.745Z,sell,1.313e-05,195.0,0.00256035
VIBE/BTC,1530602046155,2018-07-03T07:14:06.155Z,sell,1.313e-05,885.0,0.01162005
VIBE/BTC,1530602046155,2018-07-03T07:14:06.155Z,sell,1.312e-05,915.0,0.0120048
VIBE/BTC,1530602152465,2018-07-03T07:15:52.465Z,sell,1.312e-05,764.0,0.01002368
VIBE/BTC,1530602195575,2018-07-03T07:16:35.575Z,sell,1.312e-05,199.0,0.00261088
VIBE/BTC,1530602198044,2018-07-03T07:16:38.044Z,buy,1.316e-05,615.0,0.0080933999999999
VIBE/BTC,1530602198044,2018-07-03T07:16:38.044Z,buy,1.317e-05,144.0,0.0018964799999999
VIBE/BTC,1530602907251,2018-07-03T07:28:27.251Z,buy,1.317e-05,428.0,0.0056367599999999
VIBE/BTC,1530602907251,2018-07-03T07:28:27.251Z,buy,1.317e-05,428.0,0.0056367599999999
VIBE/BTC,1530603015531,2018-07-03T07:30:15.531Z,buy,1.317e-05,197.0,0.0025944899999999
VIBE/BTC,1530603324700,2018-07-03T07:35:24.700Z,buy,1.317e-05,72.0,0.0009482399999999
VIBE/BTC,1530603325493,2018-07-03T07:35:25.493Z,sell,1.317e-05,212.0,0.00279204
VIBE/BTC,1530603389652,2018-07-03T07:36:29.652Z,buy,1.318e-05,758.0,0.00999044
VIBE/BTC,1530603560680,2018-07-03T07:39:20.680Z,sell,1.315e-05,1141.0,0.0150041499999999
VIBE/BTC,1530603643708,2018-07-03T07:40:43.708Z,sell,1.313e-05,861.0,0.01130493
VIBE/BTC,1530603852486,2018-07-03T07:44:12.486Z,buy,1.316e-05,759.0,0.00998844
VIBE/BTC,1530603867514,2018-07-03T07:44:27.514Z,buy,1.316e-05,266.0,0.0035005599999999
VIBE/BTC,1530603867514,2018-07-03T07:44:27.514Z,buy,1.317e-05,12262.0,0.16149054
VIBE/BTC,1530604001084,2018-07-03T07:46:41.084Z,buy,1.317e-05,4023.0,0.0529829099999999
VIBE/BTC,1530604208839,2018-07-03T07:50:08.839Z,buy,1.318e-05,132.0,0.00173976
VIBE/BTC,1530604223091,2018-07-03T07:50:23.091Z,buy,1.317e-05,488.0,0.00642696
VIBE/BTC,1530604597038,2018-07-03T07:56:37.038Z,buy,1.316e-05,730.0,0.0096067999999999
VIBE/BTC,1530604597038,2018-07-03T07:56:37.038Z,buy,1.318e-05,29.0,0.0003822199999999
VIBE/BTC,1530604884241,2018-07-03T08:01:24.241Z,buy,1.318e-05,6410.0,0.0844838
VIBE/BTC,1530604885108,2018-07-03T08:01:25.108Z,sell,1.318e-05,1177.0,0.01551286
VIBE/BTC,1530604890733,2018-07-03T08:01:30.733Z,sell,1.318e-05,3065.0,0.0403967
VIBE/BTC,1530604974631,2018-07-03T08:02:54.631Z,sell,1.315e-05,753.0,0.00990195
VIBE/BTC,1530604974631,2018-07-03T08:02:54.631Z,sell,1.312e-05,2437.0,0.03197344
VIBE/BTC,1530604974631,2018-07-03T08:02:54.631Z,sell,1.311e-05,3217.0,0.0421748699999999
VIBE/BTC,1530605119318,2018-07-03T08:05:19.318Z,sell,1.314e-05,192.0,0.00252288
VIBE/BTC,1530605155610,2018-07-03T08:05:55.610Z,sell,1.314e-05,1031.0,0.01354734
