symbol,timestamp,datetime,side,price,amount,btc_volume
VITE/BTC,1585742527432,2020-04-01T12:02:07.432Z,buy,1.46e-06,24.0,3.504e-05
VITE/BTC,1585742538064,2020-04-01T12:02:18.064Z,buy,1.46e-06,9995.0,0.0145927
VITE/BTC,1585742729179,2020-04-01T12:05:29.179Z,sell,1.45e-06,16671.0,0.02417295
VITE/BTC,1585742731111,2020-04-01T12:05:31.111Z,sell,1.45e-06,9985.0,0.01447825
VITE/BTC,1585742771940,2020-04-01T12:06:11.940Z,buy,1.46e-06,119.0,0.00017374
VITE/BTC,1585742781145,2020-04-01T12:06:21.145Z,buy,1.46e-06,204.0,0.00029784
VITE/BTC,1585742782836,2020-04-01T12:06:22.836Z,buy,1.46e-06,2461.0,0.00359306
VITE/BTC,1585742782892,2020-04-01T12:06:22.892Z,buy,1.46e-06,5476.0,0.00799496
VITE/BTC,1585742790064,2020-04-01T12:06:30.064Z,buy,1.46e-06,11125.0,0.0162425
VITE/BTC,1585742790459,2020-04-01T12:06:30.459Z,buy,1.46e-06,11131.0,0.01625126
VITE/BTC,1585742790854,2020-04-01T12:06:30.854Z,buy,1.46e-06,4085.0,0.0059641
VITE/BTC,1585743143338,2020-04-01T12:12:23.338Z,sell,1.46e-06,4975.0,0.0072635
VITE/BTC,1585743193347,2020-04-01T12:13:13.347Z,sell,1.46e-06,13779.0,0.02011734
VITE/BTC,1585743196203,2020-04-01T12:13:16.203Z,buy,1.47e-06,23.0,3.381e-05
VITE/BTC,1585743196678,2020-04-01T12:13:16.678Z,buy,1.47e-06,26.0,3.822e-05
VITE/BTC,1585743351121,2020-04-01T12:15:51.121Z,sell,1.46e-06,2332.0,0.00340472
VITE/BTC,1585743358846,2020-04-01T12:15:58.846Z,buy,1.46e-06,82.0,0.00011972
VITE/BTC,1585743376228,2020-04-01T12:16:16.228Z,buy,1.46e-06,3060.0,0.0044676
VITE/BTC,1585743571670,2020-04-01T12:19:31.670Z,sell,1.45e-06,185399.0,0.26882855
VITE/BTC,1585743571670,2020-04-01T12:19:31.670Z,sell,1.44e-06,115639.0,0.16652016
VITE/BTC,1585743571670,2020-04-01T12:19:31.670Z,sell,1.43e-06,64145.0,0.09172735
VITE/BTC,1585743571670,2020-04-01T12:19:31.670Z,sell,1.43e-06,10911.0,0.01560273
VITE/BTC,1585743571683,2020-04-01T12:19:31.683Z,buy,1.43e-06,6072.0,0.00868296
VITE/BTC,1585743571971,2020-04-01T12:19:31.971Z,sell,1.44e-06,68884.0,0.09919296
VITE/BTC,1585743572615,2020-04-01T12:19:32.615Z,sell,1.44e-06,977.0,0.00140688
VITE/BTC,1585743573893,2020-04-01T12:19:33.893Z,sell,1.44e-06,2000.0,0.0028799999999999
VITE/BTC,1585743575646,2020-04-01T12:19:35.646Z,sell,1.44e-06,74.0,0.00010656
VITE/BTC,1585743575712,2020-04-01T12:19:35.712Z,sell,1.44e-06,1.0,1.44e-06
VITE/BTC,1585743575712,2020-04-01T12:19:35.712Z,sell,1.43e-06,10855.0,0.01552265
VITE/BTC,1585743575770,2020-04-01T12:19:35.770Z,sell,1.43e-06,12146.0,0.01736878
VITE/BTC,1585743671475,2020-04-01T12:21:11.475Z,buy,1.44e-06,3618.0,0.00520992
VITE/BTC,1585743671993,2020-04-01T12:21:11.993Z,buy,1.44e-06,12435.0,0.0179064
VITE/BTC,1585743671995,2020-04-01T12:21:11.995Z,buy,1.44e-06,8548.0,0.01230912
VITE/BTC,1585743682326,2020-04-01T12:21:22.326Z,buy,1.45e-06,7485.0,0.01085325
VITE/BTC,1585743687502,2020-04-01T12:21:27.502Z,buy,1.45e-06,1104.0,0.0016008
VITE/BTC,1585743713940,2020-04-01T12:21:53.940Z,buy,1.45e-06,5204.0,0.0075458
VITE/BTC,1585743713946,2020-04-01T12:21:53.946Z,buy,1.45e-06,1720.0,0.002494
VITE/BTC,1585743713969,2020-04-01T12:21:53.969Z,buy,1.45e-06,3612.0,0.0052374
VITE/BTC,1585743722755,2020-04-01T12:22:02.755Z,buy,1.45e-06,1898.0,0.0027521
VITE/BTC,1585743722755,2020-04-01T12:22:02.755Z,buy,1.46e-06,3688.0,0.00538448
VITE/BTC,1585743756190,2020-04-01T12:22:36.190Z,buy,1.46e-06,3887.0,0.00567502
VITE/BTC,1585743756190,2020-04-01T12:22:36.190Z,buy,1.47e-06,2952.0,0.00433944
VITE/BTC,1585743760870,2020-04-01T12:22:40.870Z,buy,1.47e-06,3396.0,0.00499212
VITE/BTC,1585743986703,2020-04-01T12:26:26.703Z,buy,1.47e-06,1726.0,0.0025372199999999
VITE/BTC,1585744086111,2020-04-01T12:28:06.111Z,sell,1.46e-06,100.0,0.000146
VITE/BTC,1585744274907,2020-04-01T12:31:14.907Z,buy,1.47e-06,3943.0,0.0057962099999999
VITE/BTC,1585744559217,2020-04-01T12:35:59.217Z,buy,1.47e-06,1198.0,0.0017610599999999
VITE/BTC,1585744924694,2020-04-01T12:42:04.694Z,sell,1.46e-06,5467.0,0.00798182
VITE/BTC,1585744924908,2020-04-01T12:42:04.908Z,sell,1.46e-06,402.0,0.00058692
VITE/BTC,1585745339718,2020-04-01T12:48:59.718Z,buy,1.47e-06,24.0,3.528e-05
VITE/BTC,1585745471140,2020-04-01T12:51:11.140Z,buy,1.47e-06,24.0,3.528e-05
VITE/BTC,1585745835401,2020-04-01T12:57:15.401Z,sell,1.46e-06,150.0,0.000219
VITE/BTC,1585745835401,2020-04-01T12:57:15.401Z,sell,1.46e-06,150.0,0.000219
VITE/BTC,1585745916120,2020-04-01T12:58:36.120Z,sell,1.46e-06,417.0,0.00060882
VITE/BTC,1585745916299,2020-04-01T12:58:36.299Z,buy,1.47e-06,1191.0,0.0017507699999999
VITE/BTC,1585745959318,2020-04-01T12:59:19.318Z,buy,1.47e-06,972.0,0.0014288399999999
VITE/BTC,1585745961173,2020-04-01T12:59:21.173Z,buy,1.47e-06,972.0,0.0014288399999999
VITE/BTC,1585745990797,2020-04-01T12:59:50.797Z,sell,1.46e-06,280.0,0.0004088
VITE/BTC,1585746013586,2020-04-01T13:00:13.586Z,sell,1.46e-06,10000.0,0.0146
VITE/BTC,1585746091417,2020-04-01T13:01:31.417Z,sell,1.46e-06,17260.0,0.0251996
VITE/BTC,1585746167054,2020-04-01T13:02:47.054Z,sell,1.45e-06,3695.0,0.00535775
VITE/BTC,1585746167054,2020-04-01T13:02:47.054Z,sell,1.44e-06,5818.0,0.00837792
VITE/BTC,1585746179060,2020-04-01T13:02:59.060Z,sell,1.44e-06,413.0,0.00059472
VITE/BTC,1585746186752,2020-04-01T13:03:06.752Z,sell,1.44e-06,1845.0,0.0026568
VITE/BTC,1585746214770,2020-04-01T13:03:34.770Z,sell,1.44e-06,9513.0,0.01369872
VITE/BTC,1585746278973,2020-04-01T13:04:38.973Z,sell,1.44e-06,1137.0,0.00163728
VITE/BTC,1585746518840,2020-04-01T13:08:38.840Z,sell,1.44e-06,333.0,0.00047952
VITE/BTC,1585746801686,2020-04-01T13:13:21.686Z,buy,1.45e-06,3674.0,0.0053273
VITE/BTC,1585746817915,2020-04-01T13:13:37.915Z,sell,1.44e-06,1737.0,0.00250128
VITE/BTC,1585746817934,2020-04-01T13:13:37.934Z,sell,1.44e-06,2074.0,0.00298656
VITE/BTC,1585747152026,2020-04-01T13:19:12.026Z,sell,1.44e-06,4927.0,0.00709488
VITE/BTC,1585747152029,2020-04-01T13:19:12.029Z,sell,1.44e-06,1934.0,0.00278496
VITE/BTC,1585748151480,2020-04-01T13:35:51.480Z,buy,1.45e-06,21.0,3.045e-05
VITE/BTC,1585748182730,2020-04-01T13:36:22.730Z,sell,1.44e-06,24021.0,0.03459024
VITE/BTC,1585748324801,2020-04-01T13:38:44.801Z,buy,1.45e-06,26.0,3.77e-05
VITE/BTC,1585748427185,2020-04-01T13:40:27.185Z,buy,1.45e-06,11037.0,0.01600365
VITE/BTC,1585748455286,2020-04-01T13:40:55.286Z,buy,1.45e-06,3867.0,0.00560715
VITE/BTC,1585748456359,2020-04-01T13:40:56.359Z,buy,1.45e-06,69263.0,0.10043135
VITE/BTC,1585749296851,2020-04-01T13:54:56.851Z,sell,1.44e-06,40349.0,0.05810256
VITE/BTC,1585749296859,2020-04-01T13:54:56.859Z,sell,1.44e-06,4861.0,0.00699984
VITE/BTC,1585749399109,2020-04-01T13:56:39.109Z,buy,1.45e-06,20.0,2.9e-05
VITE/BTC,1585749409418,2020-04-01T13:56:49.418Z,sell,1.44e-06,24300.0,0.034992
VITE/BTC,1585749409428,2020-04-01T13:56:49.428Z,sell,1.44e-06,24243.0,0.03490992
VITE/BTC,1585749409428,2020-04-01T13:56:49.428Z,sell,1.44e-06,24243.0,0.03490992
VITE/BTC,1585749464368,2020-04-01T13:57:44.368Z,sell,1.44e-06,5621.0,0.0080942399999999
VITE/BTC,1585749464370,2020-04-01T13:57:44.370Z,sell,1.44e-06,26839.0,0.03864816
VITE/BTC,1585749488640,2020-04-01T13:58:08.640Z,buy,1.44e-06,4814.0,0.00693216
VITE/BTC,1585749524699,2020-04-01T13:58:44.699Z,buy,1.44e-06,1230.0,0.0017712
VITE/BTC,1585749560341,2020-04-01T13:59:20.341Z,sell,1.43e-06,12240.0,0.0175032
VITE/BTC,1585749560341,2020-04-01T13:59:20.341Z,sell,1.42e-06,201299.0,0.28584458
VITE/BTC,1585749560341,2020-04-01T13:59:20.341Z,sell,1.41e-06,187248.0,0.26401968
VITE/BTC,1585749560341,2020-04-01T13:59:20.341Z,sell,1.41e-06,19699.0,0.02777559
VITE/BTC,1585749560341,2020-04-01T13:59:20.341Z,sell,1.4e-06,44348.0,0.0620871999999999
VITE/BTC,1585749560552,2020-04-01T13:59:20.552Z,sell,1.42e-06,1567.0,0.00222514
VITE/BTC,1585749560552,2020-04-01T13:59:20.552Z,sell,1.41e-06,3176.0,0.00447816
VITE/BTC,1585749561149,2020-04-01T13:59:21.149Z,sell,1.41e-06,143.0,0.00020163
VITE/BTC,1585749562503,2020-04-01T13:59:22.503Z,buy,1.42e-06,78.0,0.00011076
VITE/BTC,1585749563122,2020-04-01T13:59:23.122Z,sell,1.41e-06,349.0,0.00049209
VITE/BTC,1585749564480,2020-04-01T13:59:24.480Z,sell,1.41e-06,74.0,0.00010434
VITE/BTC,1585749565803,2020-04-01T13:59:25.803Z,sell,1.41e-06,428.0,0.00060348
VITE/BTC,1585749573033,2020-04-01T13:59:33.033Z,buy,1.42e-06,43230.0,0.0613866
VITE/BTC,1585749573891,2020-04-01T13:59:33.891Z,sell,1.41e-06,1500.0,0.002115
VITE/BTC,1585749587080,2020-04-01T13:59:47.080Z,sell,1.42e-06,2000.0,0.00284
VITE/BTC,1585749587080,2020-04-01T13:59:47.080Z,sell,1.41e-06,39979.0,0.05637039
VITE/BTC,1585749622149,2020-04-01T14:00:22.149Z,sell,1.42e-06,2000.0,0.00284
VITE/BTC,1585749622515,2020-04-01T14:00:22.515Z,buy,1.42e-06,2802.0,0.00397884
VITE/BTC,1585749628116,2020-04-01T14:00:28.116Z,sell,1.41e-06,5612.0,0.00791292
VITE/BTC,1585749636264,2020-04-01T14:00:36.264Z,buy,1.42e-06,10257.0,0.01456494
VITE/BTC,1585749666505,2020-04-01T14:01:06.505Z,buy,1.42e-06,19360.0,0.0274912
VITE/BTC,1585749779737,2020-04-01T14:02:59.737Z,buy,1.42e-06,1016.0,0.00144272
VITE/BTC,1585749848381,2020-04-01T14:04:08.381Z,buy,1.42e-06,71.0,0.00010082
VITE/BTC,1585749856108,2020-04-01T14:04:16.108Z,buy,1.42e-06,71.0,0.00010082
VITE/BTC,1585749873350,2020-04-01T14:04:33.350Z,buy,1.42e-06,2270.0,0.0032234
VITE/BTC,1585750018043,2020-04-01T14:06:58.043Z,buy,1.42e-06,1591.0,0.0022592199999999
VITE/BTC,1585750018051,2020-04-01T14:06:58.051Z,buy,1.42e-06,4810.0,0.0068302
VITE/BTC,1585750018061,2020-04-01T14:06:58.061Z,buy,1.42e-06,3700.0,0.005254
VITE/BTC,1585750319637,2020-04-01T14:11:59.637Z,sell,1.41e-06,1105.0,0.00155805
VITE/BTC,1585750356131,2020-04-01T14:12:36.131Z,sell,1.41e-06,40110.0,0.0565551
VITE/BTC,1585750362112,2020-04-01T14:12:42.112Z,sell,1.41e-06,14536.0,0.02049576
VITE/BTC,1585750811173,2020-04-01T14:20:11.173Z,buy,1.42e-06,11506.0,0.01633852
VITE/BTC,1585750811187,2020-04-01T14:20:11.187Z,buy,1.43e-06,22.0,3.146e-05
VITE/BTC,1585750816144,2020-04-01T14:20:16.144Z,buy,1.43e-06,10902.0,0.01558986
VITE/BTC,1585750816156,2020-04-01T14:20:16.156Z,sell,1.43e-06,4412.0,0.00630916
VITE/BTC,1585750816170,2020-04-01T14:20:16.170Z,sell,1.43e-06,10998.0,0.01572714
VITE/BTC,1585750816212,2020-04-01T14:20:16.212Z,sell,1.43e-06,16840.0,0.0240812
VITE/BTC,1585750816228,2020-04-01T14:20:16.228Z,sell,1.43e-06,2050.0,0.0029315
VITE/BTC,1585750853449,2020-04-01T14:20:53.449Z,sell,1.43e-06,19055.0,0.02724865
VITE/BTC,1585750939699,2020-04-01T14:22:19.699Z,buy,1.44e-06,26.0,3.744e-05
VITE/BTC,1585750955271,2020-04-01T14:22:35.271Z,buy,1.44e-06,71.0,0.00010224
VITE/BTC,1585751019503,2020-04-01T14:23:39.503Z,sell,1.43e-06,3033.0,0.00433719
VITE/BTC,1585751050390,2020-04-01T14:24:10.390Z,sell,1.42e-06,88662.0,0.12590004
VITE/BTC,1585751080343,2020-04-01T14:24:40.343Z,buy,1.43e-06,7004.0,0.01001572
VITE/BTC,1585751080351,2020-04-01T14:24:40.351Z,sell,1.43e-06,18422.0,0.02634346
VITE/BTC,1585751270166,2020-04-01T14:27:50.166Z,buy,1.43e-06,2000.0,0.00286
VITE/BTC,1585751315441,2020-04-01T14:28:35.441Z,sell,1.43e-06,3040.0,0.0043472
VITE/BTC,1585751431047,2020-04-01T14:30:31.047Z,buy,1.43e-06,1000.0,0.00143
VITE/BTC,1585751449283,2020-04-01T14:30:49.283Z,sell,1.43e-06,13594.0,0.01943942
VITE/BTC,1585751621623,2020-04-01T14:33:41.623Z,buy,1.44e-06,26.0,3.744e-05
VITE/BTC,1585751953132,2020-04-01T14:39:13.132Z,sell,1.42e-06,73.0,0.00010366
VITE/BTC,1585752134714,2020-04-01T14:42:14.714Z,buy,1.44e-06,19.0,2.736e-05
VITE/BTC,1585752703478,2020-04-01T14:51:43.478Z,sell,1.42e-06,1024.0,0.00145408
VITE/BTC,1585752703478,2020-04-01T14:51:43.478Z,sell,1.42e-06,1024.0,0.00145408
VITE/BTC,1585753245705,2020-04-01T15:00:45.705Z,buy,1.43e-06,20096.0,0.02873728
VITE/BTC,1585753254010,2020-04-01T15:00:54.010Z,buy,1.43e-06,3934.0,0.00562562
VITE/BTC,1585753328411,2020-04-01T15:02:08.411Z,sell,1.43e-06,71.0,0.00010153
VITE/BTC,1585753356778,2020-04-01T15:02:36.778Z,sell,1.43e-06,81.0,0.00011583
VITE/BTC,1585753368326,2020-04-01T15:02:48.326Z,sell,1.43e-06,384.0,0.00054912
VITE/BTC,1585754240384,2020-04-01T15:17:20.384Z,sell,1.43e-06,20355.0,0.02910765
VITE/BTC,1585754279142,2020-04-01T15:17:59.142Z,sell,1.43e-06,718.0,0.00102674
VITE/BTC,1585754337502,2020-04-01T15:18:57.502Z,sell,1.42e-06,1825.0,0.0025915
VITE/BTC,1585754351287,2020-04-01T15:19:11.287Z,buy,1.43e-06,2074.0,0.00296582
VITE/BTC,1585754351312,2020-04-01T15:19:11.312Z,buy,1.44e-06,21.0,3.024e-05
VITE/BTC,1585754687243,2020-04-01T15:24:47.243Z,buy,1.43e-06,100.0,0.000143
VITE/BTC,1585754791759,2020-04-01T15:26:31.759Z,buy,1.43e-06,1400.0,0.002002
VITE/BTC,1585755259058,2020-04-01T15:34:19.058Z,sell,1.42e-06,7899.0,0.01121658
VITE/BTC,1585755395150,2020-04-01T15:36:35.150Z,sell,1.42e-06,134417.0,0.19087214
VITE/BTC,1585755395268,2020-04-01T15:36:35.268Z,sell,1.42e-06,395.0,0.0005609
VITE/BTC,1585755395271,2020-04-01T15:36:35.271Z,sell,1.42e-06,464.0,0.0006588799999999
VITE/BTC,1585755503694,2020-04-01T15:38:23.694Z,sell,1.42e-06,4279.0,0.00607618
VITE/BTC,1585755503943,2020-04-01T15:38:23.943Z,buy,1.42e-06,8000.0,0.01136
VITE/BTC,1585755503943,2020-04-01T15:38:23.943Z,buy,1.42e-06,8000.0,0.01136
VITE/BTC,1585755503945,2020-04-01T15:38:23.945Z,buy,1.42e-06,8000.0,0.01136
VITE/BTC,1585755807579,2020-04-01T15:43:27.579Z,buy,1.42e-06,23013.0,0.03267846
VITE/BTC,1585755810626,2020-04-01T15:43:30.626Z,buy,1.43e-06,9004.0,0.01287572
VITE/BTC,1585755814580,2020-04-01T15:43:34.580Z,sell,1.42e-06,13760.0,0.0195392
VITE/BTC,1585756108434,2020-04-01T15:48:28.434Z,buy,1.43e-06,26.0,3.718e-05
VITE/BTC,1585756205334,2020-04-01T15:50:05.334Z,sell,1.42e-06,318.0,0.00045156
VITE/BTC,1585756205334,2020-04-01T15:50:05.334Z,sell,1.42e-06,318.0,0.00045156
VITE/BTC,1585758456354,2020-04-01T16:27:36.354Z,buy,1.43e-06,6534.0,0.00934362
VITE/BTC,1585758497924,2020-04-01T16:28:17.924Z,buy,1.44e-06,100532.0,0.14476608
VITE/BTC,1585758497932,2020-04-01T16:28:17.932Z,sell,1.44e-06,23112.0,0.0332812799999999
VITE/BTC,1585758497985,2020-04-01T16:28:17.985Z,buy,1.44e-06,2701.0,0.00388944
VITE/BTC,1585758522376,2020-04-01T16:28:42.376Z,sell,1.44e-06,500.0,0.0007199999999999
VITE/BTC,1585758522497,2020-04-01T16:28:42.497Z,sell,1.44e-06,675.0,0.000972
VITE/BTC,1585758602108,2020-04-01T16:30:02.108Z,buy,1.45e-06,694.0,0.0010063
VITE/BTC,1585758836705,2020-04-01T16:33:56.705Z,buy,1.45e-06,23.0,3.3350000000000004e-05
VITE/BTC,1585759004450,2020-04-01T16:36:44.450Z,buy,1.45e-06,20.0,2.9e-05
VITE/BTC,1585759458981,2020-04-01T16:44:18.981Z,sell,1.43e-06,1531.0,0.00218933
VITE/BTC,1585759458981,2020-04-01T16:44:18.981Z,sell,1.43e-06,1531.0,0.00218933
VITE/BTC,1585759940289,2020-04-01T16:52:20.289Z,buy,1.44e-06,8202.0,0.01181088
VITE/BTC,1585760111855,2020-04-01T16:55:11.855Z,buy,1.44e-06,9946.0,0.01432224
VITE/BTC,1585761083934,2020-04-01T17:11:23.934Z,sell,1.43e-06,7508.0,0.01073644
VITE/BTC,1585761083948,2020-04-01T17:11:23.948Z,buy,1.43e-06,22.0,3.146e-05
VITE/BTC,1585761084037,2020-04-01T17:11:24.037Z,buy,1.43e-06,1637.0,0.00234091
VITE/BTC,1585761322158,2020-04-01T17:15:22.158Z,buy,1.43e-06,26648.0,0.03810664
VITE/BTC,1585762827263,2020-04-01T17:40:27.263Z,sell,1.42e-06,999.0,0.00141858
VITE/BTC,1585762933212,2020-04-01T17:42:13.212Z,sell,1.42e-06,3341.0,0.0047442199999999
VITE/BTC,1585763015199,2020-04-01T17:43:35.199Z,buy,1.43e-06,4658.0,0.00666094
VITE/BTC,1585763015199,2020-04-01T17:43:35.199Z,buy,1.43e-06,4658.0,0.00666094
VITE/BTC,1585764881231,2020-04-01T18:14:41.231Z,sell,1.43e-06,16540.0,0.0236522
VITE/BTC,1585765525598,2020-04-01T18:25:25.598Z,sell,1.42e-06,89416.0,0.12697072
VITE/BTC,1585765577907,2020-04-01T18:26:17.907Z,buy,1.43e-06,4420.0,0.0063206
VITE/BTC,1585765585751,2020-04-01T18:26:25.751Z,buy,1.43e-06,2000.0,0.00286
VITE/BTC,1585765839328,2020-04-01T18:30:39.328Z,buy,1.44e-06,81527.0,0.11739888
VITE/BTC,1585765839328,2020-04-01T18:30:39.328Z,buy,1.45e-06,41184.0,0.0597168
VITE/BTC,1585765840798,2020-04-01T18:30:40.798Z,sell,1.44e-06,565.0,0.0008135999999999
VITE/BTC,1585765971238,2020-04-01T18:32:51.238Z,sell,1.44e-06,8370.0,0.0120528
VITE/BTC,1585765977480,2020-04-01T18:32:57.480Z,buy,1.45e-06,2056.0,0.0029812
VITE/BTC,1585765988776,2020-04-01T18:33:08.776Z,buy,1.45e-06,4501.0,0.00652645
VITE/BTC,1585765997485,2020-04-01T18:33:17.485Z,buy,1.45e-06,2805.0,0.00406725
VITE/BTC,1585766003824,2020-04-01T18:33:23.824Z,buy,1.45e-06,1322.0,0.0019169
VITE/BTC,1585766007464,2020-04-01T18:33:27.464Z,buy,1.45e-06,661.0,0.00095845
VITE/BTC,1585766012651,2020-04-01T18:33:32.651Z,buy,1.45e-06,662.0,0.0009599
VITE/BTC,1585766049720,2020-04-01T18:34:09.720Z,sell,1.44e-06,319.0,0.0004593599999999
VITE/BTC,1585766067271,2020-04-01T18:34:27.271Z,buy,1.45e-06,6185.0,0.00896825
VITE/BTC,1585766067271,2020-04-01T18:34:27.271Z,buy,1.46e-06,103381.0,0.15093626
VITE/BTC,1585766067599,2020-04-01T18:34:27.599Z,sell,1.45e-06,1952.0,0.0028304
VITE/BTC,1585766067606,2020-04-01T18:34:27.606Z,sell,1.45e-06,48.0,6.960000000000001e-05
VITE/BTC,1585766105855,2020-04-01T18:35:05.855Z,buy,1.45e-06,2000.0,0.0029
VITE/BTC,1585766250429,2020-04-01T18:37:30.429Z,buy,1.45e-06,200.0,0.00029
VITE/BTC,1585766250429,2020-04-01T18:37:30.429Z,buy,1.45e-06,200.0,0.00029
VITE/BTC,1585766679615,2020-04-01T18:44:39.615Z,sell,1.44e-06,116.0,0.00016704
VITE/BTC,1585766681037,2020-04-01T18:44:41.037Z,buy,1.45e-06,74.0,0.0001073
VITE/BTC,1585767248430,2020-04-01T18:54:08.430Z,sell,1.44e-06,5754.0,0.00828576
VITE/BTC,1585767628155,2020-04-01T19:00:28.155Z,buy,1.45e-06,233.0,0.00033785
VITE/BTC,1585767779257,2020-04-01T19:02:59.257Z,buy,1.45e-06,130.0,0.0001885
VITE/BTC,1585767953047,2020-04-01T19:05:53.047Z,sell,1.44e-06,1973.0,0.00284112
VITE/BTC,1585768896592,2020-04-01T19:21:36.592Z,sell,1.44e-06,773.0,0.00111312
VITE/BTC,1585768997908,2020-04-01T19:23:17.908Z,buy,1.44e-06,3680.0,0.0052992
VITE/BTC,1585769150076,2020-04-01T19:25:50.076Z,buy,1.44e-06,4807.0,0.00692208
VITE/BTC,1585769763768,2020-04-01T19:36:03.768Z,buy,1.44e-06,11000.0,0.01584
VITE/BTC,1585769763768,2020-04-01T19:36:03.768Z,buy,1.44e-06,11000.0,0.01584
VITE/BTC,1585770128706,2020-04-01T19:42:08.706Z,sell,1.43e-06,372.0,0.00053196
VITE/BTC,1585770755828,2020-04-01T19:52:35.828Z,sell,1.43e-06,10188.0,0.01456884
VITE/BTC,1585770771262,2020-04-01T19:52:51.262Z,buy,1.43e-06,2347.0,0.00335621
VITE/BTC,1585770771263,2020-04-01T19:52:51.263Z,buy,1.43e-06,2500.0,0.003575
VITE/BTC,1585770839832,2020-04-01T19:53:59.832Z,sell,1.42e-06,34752.0,0.04934784
VITE/BTC,1585771124125,2020-04-01T19:58:44.125Z,buy,1.43e-06,11500.0,0.016445
VITE/BTC,1585772063823,2020-04-01T20:14:23.823Z,buy,1.43e-06,209.0,0.00029887
VITE/BTC,1585772356101,2020-04-01T20:19:16.101Z,buy,1.43e-06,10028.0,0.01434004
VITE/BTC,1585772708630,2020-04-01T20:25:08.630Z,sell,1.43e-06,13452.0,0.01923636
VITE/BTC,1585772708644,2020-04-01T20:25:08.644Z,sell,1.43e-06,11391.0,0.01628913
VITE/BTC,1585772708888,2020-04-01T20:25:08.888Z,sell,1.43e-06,12040.0,0.0172172
VITE/BTC,1585773025093,2020-04-01T20:30:25.093Z,sell,1.42e-06,106139.0,0.1507173799999999
VITE/BTC,1585773025093,2020-04-01T20:30:25.093Z,sell,1.42e-06,106139.0,0.1507173799999999
VITE/BTC,1585774003433,2020-04-01T20:46:43.433Z,sell,1.42e-06,1748.0,0.0024821599999999
VITE/BTC,1585774303430,2020-04-01T20:51:43.430Z,sell,1.42e-06,4791.0,0.00680322
VITE/BTC,1585774304451,2020-04-01T20:51:44.451Z,sell,1.41e-06,5467.0,0.00770847
VITE/BTC,1585774304451,2020-04-01T20:51:44.451Z,sell,1.41e-06,12139.0,0.01711599
VITE/BTC,1585774321526,2020-04-01T20:52:01.526Z,sell,1.41e-06,694.0,0.00097854
VITE/BTC,1585774323404,2020-04-01T20:52:03.404Z,sell,1.41e-06,9740.0,0.0137334
VITE/BTC,1585774323426,2020-04-01T20:52:03.426Z,buy,1.41e-06,25579.0,0.03606639
VITE/BTC,1585774325900,2020-04-01T20:52:05.900Z,buy,1.41e-06,14115.0,0.01990215
VITE/BTC,1585774463235,2020-04-01T20:54:23.235Z,buy,1.42e-06,2000.0,0.00284
VITE/BTC,1585774465676,2020-04-01T20:54:25.676Z,buy,1.42e-06,5705.0,0.0081011
VITE/BTC,1585775091080,2020-04-01T21:04:51.080Z,sell,1.41e-06,1996.0,0.00281436
VITE/BTC,1585775124268,2020-04-01T21:05:24.268Z,sell,1.41e-06,67843.0,0.09565863
VITE/BTC,1585775176167,2020-04-01T21:06:16.167Z,sell,1.41e-06,2173.0,0.00306393
VITE/BTC,1585775300785,2020-04-01T21:08:20.785Z,sell,1.41e-06,25860.0,0.0364626
VITE/BTC,1585775300791,2020-04-01T21:08:20.791Z,buy,1.41e-06,14425.0,0.02033925
VITE/BTC,1585775640078,2020-04-01T21:14:00.078Z,sell,1.4e-06,700.0,0.00098
VITE/BTC,1585775640078,2020-04-01T21:14:00.078Z,sell,1.4e-06,13273.0,0.0185822
VITE/BTC,1585775640078,2020-04-01T21:14:00.078Z,sell,1.4e-06,13273.0,0.0185822
VITE/BTC,1585775646872,2020-04-01T21:14:06.872Z,buy,1.41e-06,4074.0,0.00574434
VITE/BTC,1585776312359,2020-04-01T21:25:12.359Z,buy,1.42e-06,693.0,0.00098406
VITE/BTC,1585776312359,2020-04-01T21:25:12.359Z,buy,1.42e-06,693.0,0.00098406
VITE/BTC,1585776876879,2020-04-01T21:34:36.879Z,buy,1.42e-06,1109.0,0.00157478
VITE/BTC,1585779657109,2020-04-01T22:20:57.109Z,sell,1.41e-06,2641.0,0.00372381
VITE/BTC,1585779770885,2020-04-01T22:22:50.885Z,sell,1.41e-06,15920.0,0.0224472
VITE/BTC,1585779770885,2020-04-01T22:22:50.885Z,sell,1.41e-06,15920.0,0.0224472
VITE/BTC,1585780304421,2020-04-01T22:31:44.421Z,sell,1.4e-06,10539.0,0.0147546
VITE/BTC,1585780304704,2020-04-01T22:31:44.704Z,sell,1.4e-06,3180.0,0.004452
VITE/BTC,1585780304728,2020-04-01T22:31:44.728Z,sell,1.4e-06,16483.0,0.0230761999999999
VITE/BTC,1585780305272,2020-04-01T22:31:45.272Z,sell,1.4e-06,30871.0,0.0432194
VITE/BTC,1585780708468,2020-04-01T22:38:28.468Z,sell,1.4e-06,12419.0,0.0173866
VITE/BTC,1585780708544,2020-04-01T22:38:28.544Z,sell,1.4e-06,8394.0,0.0117516
VITE/BTC,1585780708612,2020-04-01T22:38:28.612Z,sell,1.4e-06,9574.0,0.0134036
VITE/BTC,1585780790031,2020-04-01T22:39:50.031Z,sell,1.4e-06,32276.0,0.0451863999999999
VITE/BTC,1585781187927,2020-04-01T22:46:27.927Z,sell,1.4e-06,117270.0,0.164178
VITE/BTC,1585781688044,2020-04-01T22:54:48.044Z,sell,1.4e-06,383.0,0.0005362
VITE/BTC,1585781944770,2020-04-01T22:59:04.770Z,sell,1.4e-06,69436.0,0.0972104
VITE/BTC,1585781944778,2020-04-01T22:59:04.778Z,sell,1.4e-06,18182.0,0.0254548
VITE/BTC,1585781945984,2020-04-01T22:59:05.984Z,buy,1.4e-06,150.0,0.0002099999999999
VITE/BTC,1585781959254,2020-04-01T22:59:19.254Z,buy,1.4e-06,2870.0,0.004018
VITE/BTC,1585782687911,2020-04-01T23:11:27.911Z,buy,1.4e-06,1818.0,0.0025452
VITE/BTC,1585782687911,2020-04-01T23:11:27.911Z,buy,1.4e-06,1818.0,0.0025452
VITE/BTC,1585783888415,2020-04-01T23:31:28.415Z,sell,1.39e-06,1167.0,0.00162213
VITE/BTC,1585783890303,2020-04-01T23:31:30.303Z,buy,1.4e-06,214.0,0.0002995999999999
VITE/BTC,1585783906538,2020-04-01T23:31:46.538Z,sell,1.39e-06,607.0,0.00084373
VITE/BTC,1585783907102,2020-04-01T23:31:47.102Z,sell,1.39e-06,607.0,0.00084373
VITE/BTC,1585783907168,2020-04-01T23:31:47.168Z,sell,1.39e-06,607.0,0.00084373
VITE/BTC,1585783907282,2020-04-01T23:31:47.282Z,sell,1.39e-06,607.0,0.00084373
VITE/BTC,1585783911130,2020-04-01T23:31:51.130Z,sell,1.39e-06,5842.0,0.00812038
VITE/BTC,1585783920857,2020-04-01T23:32:00.857Z,sell,1.39e-06,2000.0,0.00278
VITE/BTC,1585783999098,2020-04-01T23:33:19.098Z,buy,1.4e-06,1084.0,0.0015176
VITE/BTC,1585784241575,2020-04-01T23:37:21.575Z,buy,1.4e-06,2004.0,0.0028055999999999
VITE/BTC,1585784262920,2020-04-01T23:37:42.920Z,buy,1.4e-06,30095.0,0.042133
VITE/BTC,1585784423886,2020-04-01T23:40:23.886Z,buy,1.4e-06,1838.0,0.0025732
VITE/BTC,1585784652395,2020-04-01T23:44:12.395Z,buy,1.41e-06,27500.0,0.038775
VITE/BTC,1585784653920,2020-04-01T23:44:13.920Z,sell,1.4e-06,74.0,0.0001036
VITE/BTC,1585784653971,2020-04-01T23:44:13.971Z,sell,1.4e-06,2000.0,0.0028
VITE/BTC,1585785226313,2020-04-01T23:53:46.313Z,sell,1.4e-06,7000.0,0.0098
VITE/BTC,1585785231118,2020-04-01T23:53:51.118Z,buy,1.4e-06,948.0,0.0013272
VITE/BTC,1585785250389,2020-04-01T23:54:10.389Z,sell,1.39e-06,2444.0,0.00339716
VITE/BTC,1585785436191,2020-04-01T23:57:16.191Z,sell,1.39e-06,8418.0,0.01170102
VITE/BTC,1585785669847,2020-04-02T00:01:09.847Z,buy,1.4e-06,3572.0,0.0050008
VITE/BTC,1585785683910,2020-04-02T00:01:23.910Z,sell,1.39e-06,16918.0,0.02351602
VITE/BTC,1585785684443,2020-04-02T00:01:24.443Z,sell,1.39e-06,2332.0,0.00324148
VITE/BTC,1585786034497,2020-04-02T00:07:14.497Z,buy,1.4e-06,20000.0,0.0279999999999999
VITE/BTC,1585786034497,2020-04-02T00:07:14.497Z,buy,1.4e-06,20000.0,0.0279999999999999
VITE/BTC,1585786300350,2020-04-02T00:11:40.350Z,sell,1.39e-06,1919.0,0.00266741
VITE/BTC,1585786621997,2020-04-02T00:17:01.997Z,sell,1.39e-06,16365.0,0.02274735
VITE/BTC,1585787084187,2020-04-02T00:24:44.187Z,buy,1.4e-06,4152.0,0.0058128
VITE/BTC,1585787225993,2020-04-02T00:27:05.993Z,sell,1.4e-06,5000.0,0.0069999999999999
VITE/BTC,1585787369049,2020-04-02T00:29:29.049Z,sell,1.39e-06,17135.0,0.02381765
VITE/BTC,1585787590481,2020-04-02T00:33:10.481Z,sell,1.39e-06,179596.0,0.24963844
VITE/BTC,1585787590481,2020-04-02T00:33:10.481Z,sell,1.38e-06,56869.0,0.0784792199999999
VITE/BTC,1585787590481,2020-04-02T00:33:10.481Z,sell,1.38e-06,715.0,0.0009866999999999
VITE/BTC,1585787597474,2020-04-02T00:33:17.474Z,buy,1.39e-06,5110.0,0.0071029
VITE/BTC,1585787598714,2020-04-02T00:33:18.714Z,sell,1.38e-06,39411.0,0.0543871799999999
VITE/BTC,1585787607372,2020-04-02T00:33:27.372Z,buy,1.39e-06,1500.0,0.002085
VITE/BTC,1585787613543,2020-04-02T00:33:33.543Z,buy,1.39e-06,4993.0,0.00694027
VITE/BTC,1585787651183,2020-04-02T00:34:11.183Z,sell,1.39e-06,2000.0,0.00278
VITE/BTC,1585787651199,2020-04-02T00:34:11.199Z,buy,1.39e-06,1221.0,0.00169719
VITE/BTC,1585787651210,2020-04-02T00:34:11.210Z,buy,1.39e-06,1221.0,0.00169719
VITE/BTC,1585787655363,2020-04-02T00:34:15.363Z,buy,1.39e-06,29709.0,0.04129551
VITE/BTC,1585787661826,2020-04-02T00:34:21.826Z,buy,1.39e-06,5260.0,0.0073114
VITE/BTC,1585787695613,2020-04-02T00:34:55.613Z,buy,1.4e-06,19739.0,0.0276346
VITE/BTC,1585787720182,2020-04-02T00:35:20.182Z,buy,1.41e-06,4074.0,0.00574434
VITE/BTC,1585787745897,2020-04-02T00:35:45.897Z,buy,1.41e-06,7382.0,0.01040862
VITE/BTC,1585787776225,2020-04-02T00:36:16.225Z,buy,1.41e-06,72.0,0.00010152
VITE/BTC,1585787776246,2020-04-02T00:36:16.246Z,sell,1.41e-06,17594.0,0.02480754
VITE/BTC,1585787804957,2020-04-02T00:36:44.957Z,sell,1.41e-06,1528.0,0.00215448
VITE/BTC,1585787805279,2020-04-02T00:36:45.279Z,sell,1.41e-06,11721.0,0.01652661
VITE/BTC,1585787818104,2020-04-02T00:36:58.104Z,sell,1.41e-06,1082.0,0.00152562
VITE/BTC,1585787818547,2020-04-02T00:36:58.547Z,sell,1.41e-06,8855.0,0.01248555
VITE/BTC,1585787833743,2020-04-02T00:37:13.743Z,sell,1.41e-06,3376.0,0.00476016
VITE/BTC,1585787863498,2020-04-02T00:37:43.498Z,buy,1.42e-06,4816.0,0.0068387199999999
VITE/BTC,1585787884979,2020-04-02T00:38:04.979Z,buy,1.42e-06,3612.0,0.00512904
VITE/BTC,1585787904680,2020-04-02T00:38:24.680Z,sell,1.41e-06,4074.0,0.00574434
VITE/BTC,1585787928166,2020-04-02T00:38:48.166Z,buy,1.42e-06,4455.0,0.0063260999999999
VITE/BTC,1585788054225,2020-04-02T00:40:54.225Z,buy,1.42e-06,3341.0,0.0047442199999999
VITE/BTC,1585788174018,2020-04-02T00:42:54.018Z,buy,1.42e-06,2506.0,0.00355852
VITE/BTC,1585788700834,2020-04-02T00:51:40.834Z,buy,1.42e-06,1879.0,0.00266818
VITE/BTC,1585788720224,2020-04-02T00:52:00.224Z,buy,1.41e-06,5680.0,0.0080088
VITE/BTC,1585788720224,2020-04-02T00:52:00.224Z,buy,1.41e-06,5680.0,0.0080088
VITE/BTC,1585791958373,2020-04-02T01:45:58.373Z,buy,1.41e-06,24.0,3.384e-05
VITE/BTC,1585791973136,2020-04-02T01:46:13.136Z,buy,1.41e-06,626.0,0.00088266
VITE/BTC,1585791973136,2020-04-02T01:46:13.136Z,buy,1.41e-06,626.0,0.00088266
VITE/BTC,1585794850251,2020-04-02T02:34:10.251Z,sell,1.4e-06,10391.0,0.0145473999999999
VITE/BTC,1585794951910,2020-04-02T02:35:51.910Z,sell,1.39e-06,562.0,0.00078118
VITE/BTC,1585795034353,2020-04-02T02:37:14.353Z,sell,1.39e-06,421.0,0.00058519
VITE/BTC,1585795034353,2020-04-02T02:37:14.353Z,sell,1.39e-06,421.0,0.00058519
VITE/BTC,1585795789283,2020-04-02T02:49:49.283Z,buy,1.4e-06,239.0,0.0003346
VITE/BTC,1585795810437,2020-04-02T02:50:10.437Z,buy,1.4e-06,19413.0,0.0271782
VITE/BTC,1585795824807,2020-04-02T02:50:24.807Z,buy,1.41e-06,876.0,0.00123516
VITE/BTC,1585797101827,2020-04-02T03:11:41.827Z,sell,1.4e-06,1175.0,0.001645
VITE/BTC,1585797289724,2020-04-02T03:14:49.724Z,sell,1.4e-06,1173.0,0.0016422
VITE/BTC,1585797860163,2020-04-02T03:24:20.163Z,sell,1.4e-06,1668.0,0.0023352
VITE/BTC,1585797888970,2020-04-02T03:24:48.970Z,buy,1.41e-06,1597.0,0.00225177
VITE/BTC,1585797888970,2020-04-02T03:24:48.970Z,buy,1.41e-06,1597.0,0.00225177
VITE/BTC,1585799411481,2020-04-02T03:50:11.481Z,buy,1.41e-06,3330.0,0.0046953
VITE/BTC,1585800108324,2020-04-02T04:01:48.324Z,buy,1.41e-06,1184.0,0.00166944
VITE/BTC,1585800346217,2020-04-02T04:05:46.217Z,buy,1.41e-06,1993.0,0.00281013
VITE/BTC,1585800483146,2020-04-02T04:08:03.146Z,buy,1.41e-06,1333.0,0.00187953
VITE/BTC,1585800483146,2020-04-02T04:08:03.146Z,buy,1.41e-06,1333.0,0.00187953
VITE/BTC,1585802211955,2020-04-02T04:36:51.955Z,buy,1.41e-06,83.0,0.00011703
VITE/BTC,1585802350136,2020-04-02T04:39:10.136Z,sell,1.4e-06,24824.0,0.0347535999999999
VITE/BTC,1585802350136,2020-04-02T04:39:10.136Z,sell,1.4e-06,24824.0,0.0347535999999999
VITE/BTC,1585804395449,2020-04-02T05:13:15.449Z,sell,1.4e-06,72.0,0.0001008
VITE/BTC,1585804398476,2020-04-02T05:13:18.476Z,buy,1.4e-06,642.0,0.0008988
VITE/BTC,1585804400941,2020-04-02T05:13:20.941Z,buy,1.4e-06,310.0,0.000434
VITE/BTC,1585804425303,2020-04-02T05:13:45.303Z,sell,1.39e-06,900.0,0.001251
VITE/BTC,1585805407586,2020-04-02T05:30:07.586Z,sell,1.39e-06,8568.0,0.01190952
VITE/BTC,1585805407813,2020-04-02T05:30:07.813Z,sell,1.39e-06,348.0,0.00048372
VITE/BTC,1585805419087,2020-04-02T05:30:19.087Z,sell,1.39e-06,8568.0,0.01190952
VITE/BTC,1585805419087,2020-04-02T05:30:19.087Z,sell,1.39e-06,8568.0,0.01190952
VITE/BTC,1585806660201,2020-04-02T05:51:00.201Z,buy,1.4e-06,2000.0,0.0028
VITE/BTC,1585806660201,2020-04-02T05:51:00.201Z,buy,1.4e-06,2000.0,0.0028
VITE/BTC,1585810261001,2020-04-02T06:51:01.001Z,buy,1.4e-06,6588.0,0.0092231999999999
VITE/BTC,1585810591734,2020-04-02T06:56:31.734Z,buy,1.4e-06,2000.0,0.0028
VITE/BTC,1585810614114,2020-04-02T06:56:54.114Z,buy,1.4e-06,2000.0,0.0028
VITE/BTC,1585810636263,2020-04-02T06:57:16.263Z,buy,1.4e-06,2000.0,0.0028
VITE/BTC,1585810658394,2020-04-02T06:57:38.394Z,buy,1.4e-06,2000.0,0.0028
VITE/BTC,1585810665468,2020-04-02T06:57:45.468Z,sell,1.39e-06,3211.0,0.00446329
VITE/BTC,1585810693813,2020-04-02T06:58:13.813Z,buy,1.4e-06,2000.0,0.0028
VITE/BTC,1585810727766,2020-04-02T06:58:47.766Z,buy,1.4e-06,2000.0,0.0028
VITE/BTC,1585810761739,2020-04-02T06:59:21.739Z,buy,1.4e-06,2000.0,0.0028
VITE/BTC,1585810761739,2020-04-02T06:59:21.739Z,buy,1.4e-06,2000.0,0.0028
VITE/BTC,1585810873104,2020-04-02T07:01:13.104Z,buy,1.4e-06,2000.0,0.0028
VITE/BTC,1585810895610,2020-04-02T07:01:35.610Z,buy,1.4e-06,1830.0,0.002562
VITE/BTC,1585810895610,2020-04-02T07:01:35.610Z,buy,1.41e-06,170.0,0.0002397
VITE/BTC,1585810906896,2020-04-02T07:01:46.896Z,sell,1.4e-06,2000.0,0.0028
VITE/BTC,1585810929926,2020-04-02T07:02:09.926Z,sell,1.4e-06,2000.0,0.0028
VITE/BTC,1585811168207,2020-04-02T07:06:08.207Z,buy,1.41e-06,26.0,3.6660000000000005e-05
VITE/BTC,1585812038664,2020-04-02T07:20:38.664Z,sell,1.4e-06,1000.0,0.0014
VITE/BTC,1585812322108,2020-04-02T07:25:22.108Z,sell,1.4e-06,2000.0,0.0028
VITE/BTC,1585812338748,2020-04-02T07:25:38.748Z,sell,1.4e-06,2000.0,0.0028
VITE/BTC,1585812422814,2020-04-02T07:27:02.814Z,sell,1.4e-06,955.0,0.0013369999999999
VITE/BTC,1585812422825,2020-04-02T07:27:02.825Z,sell,1.4e-06,1045.0,0.0014629999999999
VITE/BTC,1585812426842,2020-04-02T07:27:06.842Z,sell,1.39e-06,955.0,0.00132745
VITE/BTC,1585812442630,2020-04-02T07:27:22.630Z,sell,1.4e-06,2000.0,0.0028
VITE/BTC,1585812467566,2020-04-02T07:27:47.566Z,sell,1.4e-06,2000.0,0.0028
VITE/BTC,1585812492693,2020-04-02T07:28:12.693Z,sell,1.4e-06,2000.0,0.0028
VITE/BTC,1585812613248,2020-04-02T07:30:13.248Z,buy,1.4e-06,2247.0,0.0031458
VITE/BTC,1585813069011,2020-04-02T07:37:49.011Z,sell,1.39e-06,164.0,0.00022796
VITE/BTC,1585813753723,2020-04-02T07:49:13.723Z,buy,1.4e-06,23.0,3.22e-05
VITE/BTC,1585813753723,2020-04-02T07:49:13.723Z,buy,1.4e-06,23.0,3.22e-05
VITE/BTC,1585814857679,2020-04-02T08:07:37.679Z,buy,1.4e-06,3325.0,0.0046549999999999
VITE/BTC,1585815196139,2020-04-02T08:13:16.139Z,sell,1.39e-06,408.0,0.00056712
VITE/BTC,1585815199307,2020-04-02T08:13:19.307Z,sell,1.39e-06,298.0,0.00041422
VITE/BTC,1585815199307,2020-04-02T08:13:19.307Z,sell,1.39e-06,298.0,0.00041422
VITE/BTC,1585817556836,2020-04-02T08:52:36.836Z,sell,1.39e-06,31002.0,0.04309278
VITE/BTC,1585817556962,2020-04-02T08:52:36.962Z,buy,1.39e-06,8111.0,0.01127429
VITE/BTC,1585817661945,2020-04-02T08:54:21.945Z,buy,1.39e-06,90.0,0.0001251
VITE/BTC,1585817850436,2020-04-02T08:57:30.436Z,sell,1.38e-06,530.0,0.0007314
VITE/BTC,1585818430809,2020-04-02T09:07:10.809Z,sell,1.38e-06,10989.0,0.0151648199999999
VITE/BTC,1585818542965,2020-04-02T09:09:02.965Z,buy,1.39e-06,5036.0,0.00700004
VITE/BTC,1585818554090,2020-04-02T09:09:14.090Z,sell,1.38e-06,157197.0,0.2169318599999999
VITE/BTC,1585818664831,2020-04-02T09:11:04.831Z,buy,1.39e-06,159.0,0.00022101
VITE/BTC,1585818664831,2020-04-02T09:11:04.831Z,buy,1.39e-06,159.0,0.00022101
VITE/BTC,1585818891229,2020-04-02T09:14:51.229Z,buy,1.39e-06,3640.0,0.0050596
VITE/BTC,1585819337144,2020-04-02T09:22:17.144Z,sell,1.39e-06,235.0,0.00032665
VITE/BTC,1585819337274,2020-04-02T09:22:17.274Z,buy,1.39e-06,2345.0,0.00325955
VITE/BTC,1585819337274,2020-04-02T09:22:17.274Z,buy,1.39e-06,2345.0,0.00325955
VITE/BTC,1585822359278,2020-04-02T10:12:39.278Z,sell,1.38e-06,3736.0,0.0051556799999999
VITE/BTC,1585822383856,2020-04-02T10:13:03.856Z,sell,1.38e-06,6021.0,0.0083089799999999
VITE/BTC,1585822455837,2020-04-02T10:14:15.837Z,buy,1.39e-06,2000.0,0.00278
VITE/BTC,1585822626344,2020-04-02T10:17:06.344Z,buy,1.39e-06,3143.0,0.00436877
VITE/BTC,1585822626344,2020-04-02T10:17:06.344Z,buy,1.39e-06,3143.0,0.00436877
VITE/BTC,1585823010912,2020-04-02T10:23:30.912Z,sell,1.38e-06,835.0,0.0011523
VITE/BTC,1585823027757,2020-04-02T10:23:47.757Z,buy,1.39e-06,2000.0,0.00278
VITE/BTC,1585823052536,2020-04-02T10:24:12.536Z,buy,1.39e-06,2000.0,0.00278
VITE/BTC,1585823055414,2020-04-02T10:24:15.414Z,buy,1.39e-06,3489.0,0.00484971
VITE/BTC,1585823641022,2020-04-02T10:34:01.022Z,buy,1.39e-06,128.0,0.00017792
VITE/BTC,1585823675552,2020-04-02T10:34:35.552Z,buy,1.4e-06,30000.0,0.0419999999999999
VITE/BTC,1585823859693,2020-04-02T10:37:39.693Z,buy,1.4e-06,5714.0,0.0079995999999999
VITE/BTC,1585824126642,2020-04-02T10:42:06.642Z,sell,1.39e-06,90.0,0.0001251
VITE/BTC,1585824231437,2020-04-02T10:43:51.437Z,buy,1.4e-06,3808.0,0.0053311999999999
VITE/BTC,1585824231437,2020-04-02T10:43:51.437Z,buy,1.41e-06,138035.0,0.19462935
VITE/BTC,1585824231797,2020-04-02T10:43:51.797Z,sell,1.4e-06,2000.0,0.0028
VITE/BTC,1585824232522,2020-04-02T10:43:52.522Z,buy,1.4e-06,74.0,0.0001036
VITE/BTC,1585824234264,2020-04-02T10:43:54.264Z,buy,1.4e-06,1926.0,0.0026964
VITE/BTC,1585824234264,2020-04-02T10:43:54.264Z,buy,1.41e-06,139917.0,0.19728297
VITE/BTC,1585824236280,2020-04-02T10:43:56.280Z,buy,1.41e-06,44666.0,0.06297906
VITE/BTC,1585824236287,2020-04-02T10:43:56.287Z,sell,1.41e-06,97177.0,0.13701957
VITE/BTC,1585824238664,2020-04-02T10:43:58.664Z,buy,1.41e-06,15036.0,0.02120076
VITE/BTC,1585824238677,2020-04-02T10:43:58.677Z,sell,1.41e-06,39708.0,0.05598828
VITE/BTC,1585824245971,2020-04-02T10:44:05.971Z,sell,1.41e-06,2705.0,0.00381405
VITE/BTC,1585824299053,2020-04-02T10:44:59.053Z,buy,1.42e-06,281690.0,0.3999997999999999
VITE/BTC,1585824301146,2020-04-02T10:45:01.146Z,buy,1.42e-06,270.0,0.0003834
VITE/BTC,1585824301152,2020-04-02T10:45:01.152Z,sell,1.42e-06,52133.0,0.07402886
VITE/BTC,1585824301156,2020-04-02T10:45:01.156Z,sell,1.42e-06,6610.0,0.0093861999999999
VITE/BTC,1585824305909,2020-04-02T10:45:05.909Z,buy,1.43e-06,280735.0,0.40145105
VITE/BTC,1585824309798,2020-04-02T10:45:09.798Z,buy,1.43e-06,2000.0,0.00286
VITE/BTC,1585824309808,2020-04-02T10:45:09.808Z,sell,1.43e-06,17970.0,0.0256971
VITE/BTC,1585824309900,2020-04-02T10:45:09.900Z,sell,1.43e-06,20379.0,0.02914197
VITE/BTC,1585824309925,2020-04-02T10:45:09.925Z,sell,1.43e-06,554.0,0.00079222
VITE/BTC,1585824310034,2020-04-02T10:45:10.034Z,sell,1.43e-06,592.0,0.00084656
VITE/BTC,1585824311389,2020-04-02T10:45:11.389Z,sell,1.43e-06,1326.0,0.00189618
VITE/BTC,1585824311498,2020-04-02T10:45:11.498Z,sell,1.43e-06,27109.0,0.03876587
VITE/BTC,1585824312413,2020-04-02T10:45:12.413Z,buy,1.44e-06,139.0,0.00020016
VITE/BTC,1585824312785,2020-04-02T10:45:12.785Z,buy,1.44e-06,139.0,0.00020016
VITE/BTC,1585824312900,2020-04-02T10:45:12.900Z,sell,1.42e-06,1327.0,0.00188434
VITE/BTC,1585824313468,2020-04-02T10:45:13.468Z,buy,1.44e-06,834.0,0.00120096
VITE/BTC,1585824314052,2020-04-02T10:45:14.052Z,buy,1.44e-06,139.0,0.00020016
VITE/BTC,1585824314624,2020-04-02T10:45:14.624Z,buy,1.44e-06,4167.0,0.00600048
VITE/BTC,1585824314701,2020-04-02T10:45:14.701Z,sell,1.43e-06,2762.0,0.00394966
VITE/BTC,1585824314773,2020-04-02T10:45:14.773Z,buy,1.44e-06,1806.0,0.00260064
VITE/BTC,1585824315317,2020-04-02T10:45:15.317Z,buy,1.44e-06,1355.0,0.0019512
VITE/BTC,1585824316127,2020-04-02T10:45:16.127Z,buy,1.44e-06,695.0,0.0010008
VITE/BTC,1585824316453,2020-04-02T10:45:16.453Z,buy,1.44e-06,695.0,0.0010008
VITE/BTC,1585824317209,2020-04-02T10:45:17.209Z,buy,1.44e-06,209.0,0.00030096
VITE/BTC,1585824317304,2020-04-02T10:45:17.304Z,sell,1.43e-06,16584.0,0.02371512
VITE/BTC,1585824318405,2020-04-02T10:45:18.405Z,sell,1.43e-06,1652.0,0.00236236
VITE/BTC,1585824322391,2020-04-02T10:45:22.391Z,sell,1.43e-06,51144.0,0.07313592
VITE/BTC,1585824322501,2020-04-02T10:45:22.501Z,sell,1.43e-06,6963.0,0.00995709
VITE/BTC,1585824322849,2020-04-02T10:45:22.849Z,buy,1.44e-06,104647.0,0.15069168
VITE/BTC,1585824322857,2020-04-02T10:45:22.857Z,sell,1.44e-06,5488.0,0.00790272
VITE/BTC,1585824322859,2020-04-02T10:45:22.859Z,sell,1.44e-06,781.0,0.0011246399999999
VITE/BTC,1585824334022,2020-04-02T10:45:34.022Z,sell,1.43e-06,5347.0,0.00764621
VITE/BTC,1585824336559,2020-04-02T10:45:36.559Z,buy,1.44e-06,17650.0,0.025416
VITE/BTC,1585824336880,2020-04-02T10:45:36.880Z,buy,1.45e-06,17430.0,0.0252735
VITE/BTC,1585824337607,2020-04-02T10:45:37.607Z,sell,1.44e-06,8052.0,0.01159488
VITE/BTC,1585824338472,2020-04-02T10:45:38.472Z,buy,1.45e-06,71293.0,0.10337485
VITE/BTC,1585824338811,2020-04-02T10:45:38.811Z,sell,1.44e-06,2000.0,0.0028799999999999
VITE/BTC,1585824343186,2020-04-02T10:45:43.186Z,buy,1.45e-06,262.0,0.0003799
VITE/BTC,1585824346920,2020-04-02T10:45:46.920Z,sell,1.44e-06,74.0,0.00010656
VITE/BTC,1585824346920,2020-04-02T10:45:46.920Z,sell,1.43e-06,1239.0,0.00177177
VITE/BTC,1585824348430,2020-04-02T10:45:48.430Z,buy,1.44e-06,2000.0,0.0028799999999999
VITE/BTC,1585824348452,2020-04-02T10:45:48.452Z,buy,1.45e-06,17605.0,0.02552725
VITE/BTC,1585824348536,2020-04-02T10:45:48.536Z,sell,1.44e-06,475.0,0.000684
VITE/BTC,1585824354498,2020-04-02T10:45:54.498Z,sell,1.44e-06,1403.0,0.00202032
VITE/BTC,1585824363097,2020-04-02T10:46:03.097Z,buy,1.44e-06,110916.0,0.15971904
VITE/BTC,1585824363413,2020-04-02T10:46:03.413Z,sell,1.44e-06,72.0,0.00010368
VITE/BTC,1585824370133,2020-04-02T10:46:10.133Z,buy,1.45e-06,39344.0,0.0570488
VITE/BTC,1585824370158,2020-04-02T10:46:10.158Z,sell,1.45e-06,1940.0,0.002813
VITE/BTC,1585824370174,2020-04-02T10:46:10.174Z,sell,1.45e-06,1504.0,0.0021808
VITE/BTC,1585824370287,2020-04-02T10:46:10.287Z,sell,1.45e-06,2076.0,0.0030102
VITE/BTC,1585824370322,2020-04-02T10:46:10.322Z,sell,1.45e-06,24101.0,0.03494645
VITE/BTC,1585824372973,2020-04-02T10:46:12.973Z,buy,1.45e-06,2219.0,0.00321755
VITE/BTC,1585824373094,2020-04-02T10:46:13.094Z,sell,1.45e-06,1827.0,0.00264915
VITE/BTC,1585824373194,2020-04-02T10:46:13.194Z,sell,1.45e-06,149.0,0.00021605
VITE/BTC,1585824374579,2020-04-02T10:46:14.579Z,sell,1.45e-06,64840.0,0.094018
VITE/BTC,1585824377025,2020-04-02T10:46:17.025Z,sell,1.45e-06,11296.0,0.0163792
VITE/BTC,1585824378127,2020-04-02T10:46:18.127Z,sell,1.45e-06,5597.0,0.00811565
VITE/BTC,1585824378728,2020-04-02T10:46:18.728Z,sell,1.45e-06,1172.0,0.0016994
VITE/BTC,1585824379217,2020-04-02T10:46:19.217Z,sell,1.45e-06,3357.0,0.00486765
VITE/BTC,1585824380220,2020-04-02T10:46:20.220Z,sell,1.45e-06,1664.0,0.0024128
VITE/BTC,1585824380728,2020-04-02T10:46:20.728Z,sell,1.45e-06,47242.0,0.0685009
VITE/BTC,1585824404798,2020-04-02T10:46:44.798Z,sell,1.44e-06,2015.0,0.0029016
VITE/BTC,1585824416387,2020-04-02T10:46:56.387Z,sell,1.44e-06,262.0,0.00037728
VITE/BTC,1585824436656,2020-04-02T10:47:16.656Z,buy,1.45e-06,136.0,0.0001972
VITE/BTC,1585824441472,2020-04-02T10:47:21.472Z,buy,1.45e-06,135.0,0.00019575
VITE/BTC,1585824443939,2020-04-02T10:47:23.939Z,buy,1.45e-06,136.0,0.0001972
VITE/BTC,1585824445339,2020-04-02T10:47:25.339Z,buy,1.45e-06,135.0,0.00019575
VITE/BTC,1585824447086,2020-04-02T10:47:27.086Z,buy,1.45e-06,135.0,0.00019575
VITE/BTC,1585824449089,2020-04-02T10:47:29.089Z,buy,1.45e-06,135.0,0.00019575
VITE/BTC,1585824455457,2020-04-02T10:47:35.457Z,buy,1.45e-06,2852.0,0.0041354
VITE/BTC,1585824462962,2020-04-02T10:47:42.962Z,sell,1.45e-06,1162.0,0.0016849
VITE/BTC,1585824466666,2020-04-02T10:47:46.666Z,sell,1.45e-06,2122.0,0.0030769
VITE/BTC,1585824486492,2020-04-02T10:48:06.492Z,buy,1.46e-06,135.0,0.0001971
VITE/BTC,1585824486788,2020-04-02T10:48:06.788Z,sell,1.45e-06,71.0,0.00010295
VITE/BTC,1585824488403,2020-04-02T10:48:08.403Z,buy,1.46e-06,136.0,0.00019856
VITE/BTC,1585824489994,2020-04-02T10:48:09.994Z,buy,1.46e-06,135.0,0.0001971
VITE/BTC,1585824491506,2020-04-02T10:48:11.506Z,buy,1.46e-06,135.0,0.0001971
VITE/BTC,1585824492971,2020-04-02T10:48:12.971Z,buy,1.46e-06,135.0,0.0001971
VITE/BTC,1585824493224,2020-04-02T10:48:13.224Z,sell,1.45e-06,1960.0,0.002842
VITE/BTC,1585824494067,2020-04-02T10:48:14.067Z,buy,1.46e-06,135.0,0.0001971
VITE/BTC,1585824495635,2020-04-02T10:48:15.635Z,buy,1.46e-06,135.0,0.0001971
VITE/BTC,1585824495794,2020-04-02T10:48:15.794Z,sell,1.45e-06,30000.0,0.0435
VITE/BTC,1585824497110,2020-04-02T10:48:17.110Z,buy,1.46e-06,136.0,0.00019856
VITE/BTC,1585824498709,2020-04-02T10:48:18.709Z,buy,1.46e-06,136.0,0.00019856
VITE/BTC,1585824500225,2020-04-02T10:48:20.225Z,buy,1.46e-06,136.0,0.00019856
VITE/BTC,1585824500602,2020-04-02T10:48:20.602Z,sell,1.45e-06,381.0,0.00055245
VITE/BTC,1585824501497,2020-04-02T10:48:21.497Z,buy,1.46e-06,136.0,0.00019856
VITE/BTC,1585824501630,2020-04-02T10:48:21.630Z,buy,1.46e-06,20020.0,0.0292292
VITE/BTC,1585824504689,2020-04-02T10:48:24.689Z,sell,1.45e-06,1965.0,0.00284925
VITE/BTC,1585824527693,2020-04-02T10:48:47.693Z,sell,1.45e-06,1960.0,0.002842
VITE/BTC,1585824528157,2020-04-02T10:48:48.157Z,buy,1.46e-06,5085.0,0.0074241
VITE/BTC,1585824539175,2020-04-02T10:48:59.175Z,sell,1.45e-06,1960.0,0.002842
VITE/BTC,1585824549784,2020-04-02T10:49:09.784Z,buy,1.46e-06,3797.0,0.00554362
VITE/BTC,1585824561915,2020-04-02T10:49:21.915Z,sell,1.45e-06,1432.0,0.0020764
VITE/BTC,1585824573376,2020-04-02T10:49:33.376Z,sell,1.45e-06,1960.0,0.002842
VITE/BTC,1585824576643,2020-04-02T10:49:36.643Z,sell,1.45e-06,81647.0,0.11838815
VITE/BTC,1585824576795,2020-04-02T10:49:36.795Z,buy,1.46e-06,219.0,0.00031974
VITE/BTC,1585824582197,2020-04-02T10:49:42.197Z,sell,1.45e-06,11371.0,0.01648795
VITE/BTC,1585824582200,2020-04-02T10:49:42.200Z,sell,1.45e-06,11371.0,0.01648795
VITE/BTC,1585824582203,2020-04-02T10:49:42.203Z,sell,1.45e-06,21657.0,0.03140265
VITE/BTC,1585824582203,2020-04-02T10:49:42.203Z,sell,1.45e-06,27266.0,0.0395357
VITE/BTC,1585824587265,2020-04-02T10:49:47.265Z,sell,1.44e-06,1964.0,0.00282816
VITE/BTC,1585824587291,2020-04-02T10:49:47.291Z,sell,1.44e-06,1278.0,0.0018403199999999
VITE/BTC,1585824618129,2020-04-02T10:50:18.129Z,sell,1.44e-06,4368.0,0.00628992
VITE/BTC,1585824631075,2020-04-02T10:50:31.075Z,sell,1.44e-06,4336.0,0.00624384
VITE/BTC,1585824682129,2020-04-02T10:51:22.129Z,sell,1.44e-06,9079.0,0.01307376
VITE/BTC,1585824737120,2020-04-02T10:52:17.120Z,sell,1.44e-06,364.0,0.00052416
VITE/BTC,1585824755324,2020-04-02T10:52:35.324Z,sell,1.44e-06,35991.0,0.05182704
VITE/BTC,1585824765885,2020-04-02T10:52:45.885Z,buy,1.45e-06,35609.0,0.05163305
VITE/BTC,1585824765885,2020-04-02T10:52:45.885Z,buy,1.46e-06,26740.0,0.0390404
VITE/BTC,1585824765899,2020-04-02T10:52:45.899Z,sell,1.46e-06,3370.0,0.0049202
VITE/BTC,1585824776930,2020-04-02T10:52:56.930Z,buy,1.46e-06,3724.0,0.00543704
VITE/BTC,1585824776930,2020-04-02T10:52:56.930Z,buy,1.47e-06,28051.0,0.0412349699999999
VITE/BTC,1585824777304,2020-04-02T10:52:57.304Z,sell,1.46e-06,2000.0,0.00292
VITE/BTC,1585824779435,2020-04-02T10:52:59.435Z,buy,1.46e-06,74.0,0.00010804
VITE/BTC,1585824811935,2020-04-02T10:53:31.935Z,buy,1.46e-06,1622.0,0.00236812
VITE/BTC,1585824848210,2020-04-02T10:54:08.210Z,sell,1.45e-06,7809.0,0.01132305
VITE/BTC,1585824883393,2020-04-02T10:54:43.393Z,sell,1.44e-06,41972.0,0.0604396799999999
VITE/BTC,1585824883396,2020-04-02T10:54:43.396Z,sell,1.44e-06,57765.0,0.0831816
VITE/BTC,1585824883397,2020-04-02T10:54:43.397Z,sell,1.44e-06,10135.0,0.0145944
VITE/BTC,1585825186960,2020-04-02T10:59:46.960Z,buy,1.45e-06,11261.0,0.01632845
VITE/BTC,1585825186960,2020-04-02T10:59:46.960Z,buy,1.46e-06,32010.0,0.0467346
VITE/BTC,1585825186970,2020-04-02T10:59:46.970Z,sell,1.46e-06,4113.0,0.00600498
VITE/BTC,1585825186970,2020-04-02T10:59:46.970Z,sell,1.46e-06,14637.0,0.02137002
VITE/BTC,1585825186970,2020-04-02T10:59:46.970Z,sell,1.46e-06,3943.0,0.00575678
VITE/BTC,1585825277807,2020-04-02T11:01:17.807Z,sell,1.45e-06,1960.0,0.002842
VITE/BTC,1585825300197,2020-04-02T11:01:40.197Z,sell,1.45e-06,1960.0,0.002842
VITE/BTC,1585825311762,2020-04-02T11:01:51.762Z,sell,1.45e-06,1960.0,0.002842
VITE/BTC,1585825323312,2020-04-02T11:02:03.312Z,sell,1.45e-06,1960.0,0.002842
VITE/BTC,1585825356986,2020-04-02T11:02:36.986Z,sell,1.45e-06,1965.0,0.00284925
VITE/BTC,1585825368474,2020-04-02T11:02:48.474Z,sell,1.45e-06,1960.0,0.002842
VITE/BTC,1585825474330,2020-04-02T11:04:34.330Z,sell,1.45e-06,2270.0,0.0032915
VITE/BTC,1585825506576,2020-04-02T11:05:06.576Z,sell,1.44e-06,66230.0,0.0953712
VITE/BTC,1585825506590,2020-04-02T11:05:06.590Z,buy,1.44e-06,10682.0,0.01538208
VITE/BTC,1585825506593,2020-04-02T11:05:06.593Z,buy,1.44e-06,12930.0,0.0186192
VITE/BTC,1585825506593,2020-04-02T11:05:06.593Z,buy,1.44e-06,3561.0,0.00512784
VITE/BTC,1585825514146,2020-04-02T11:05:14.146Z,sell,1.43e-06,57636.0,0.08241948
VITE/BTC,1585825517077,2020-04-02T11:05:17.077Z,sell,1.43e-06,43227.0,0.06181461
VITE/BTC,1585825520444,2020-04-02T11:05:20.444Z,sell,1.43e-06,14410.0,0.0206063
VITE/BTC,1585825539617,2020-04-02T11:05:39.617Z,sell,1.43e-06,4403.0,0.00629629
VITE/BTC,1585825633052,2020-04-02T11:07:13.052Z,sell,1.43e-06,22220.0,0.0317746
VITE/BTC,1585825633053,2020-04-02T11:07:13.053Z,sell,1.43e-06,12266.0,0.01754038
VITE/BTC,1585825633054,2020-04-02T11:07:13.054Z,sell,1.43e-06,12923.0,0.01847989
VITE/BTC,1585825707865,2020-04-02T11:08:27.865Z,sell,1.43e-06,31743.0,0.04539249
VITE/BTC,1585825714429,2020-04-02T11:08:34.429Z,sell,1.43e-06,14637.0,0.02093091
VITE/BTC,1585825714429,2020-04-02T11:08:34.429Z,sell,1.43e-06,24825.0,0.03549975
VITE/BTC,1585825718483,2020-04-02T11:08:38.483Z,sell,1.42e-06,6520.0,0.0092584
VITE/BTC,1585825718485,2020-04-02T11:08:38.485Z,sell,1.42e-06,20557.0,0.02919094
VITE/BTC,1585825719730,2020-04-02T11:08:39.730Z,buy,1.43e-06,15012.0,0.02146716
VITE/BTC,1585825719790,2020-04-02T11:08:39.790Z,sell,1.43e-06,9073.0,0.01297439
VITE/BTC,1585825719810,2020-04-02T11:08:39.810Z,sell,1.43e-06,11238.0,0.01607034
VITE/BTC,1585825720879,2020-04-02T11:08:40.879Z,sell,1.43e-06,74.0,0.00010582
VITE/BTC,1585825722655,2020-04-02T11:08:42.655Z,sell,1.43e-06,1211.0,0.00173173
VITE/BTC,1585825723926,2020-04-02T11:08:43.926Z,sell,1.43e-06,4958.0,0.00708994
VITE/BTC,1585825776768,2020-04-02T11:09:36.768Z,sell,1.42e-06,230.0,0.0003265999999999
VITE/BTC,1585825776909,2020-04-02T11:09:36.909Z,sell,1.42e-06,248.0,0.00035216
VITE/BTC,1585825776944,2020-04-02T11:09:36.944Z,sell,1.42e-06,11422.0,0.01621924
VITE/BTC,1585825776944,2020-04-02T11:09:36.944Z,sell,1.41e-06,228.0,0.00032148
VITE/BTC,1585825791771,2020-04-02T11:09:51.771Z,buy,1.42e-06,5004.0,0.00710568
VITE/BTC,1585825979228,2020-04-02T11:12:59.228Z,sell,1.42e-06,11481.0,0.0163030199999999
VITE/BTC,1585826146354,2020-04-02T11:15:46.354Z,sell,1.42e-06,5077.0,0.00720934
VITE/BTC,1585826146354,2020-04-02T11:15:46.354Z,sell,1.42e-06,5077.0,0.00720934
VITE/BTC,1585826324453,2020-04-02T11:18:44.453Z,sell,1.42e-06,94091.0,0.13360922
VITE/BTC,1585826353887,2020-04-02T11:19:13.887Z,sell,1.42e-06,10815.0,0.0153572999999999
VITE/BTC,1585826353894,2020-04-02T11:19:13.894Z,sell,1.42e-06,25743.0,0.03655506
VITE/BTC,1585826353899,2020-04-02T11:19:13.899Z,sell,1.42e-06,10824.0,0.01537008
VITE/BTC,1585826353914,2020-04-02T11:19:13.914Z,sell,1.42e-06,10824.0,0.01537008
VITE/BTC,1585826354072,2020-04-02T11:19:14.072Z,sell,1.42e-06,3523.0,0.00500266
VITE/BTC,1585826354217,2020-04-02T11:19:14.217Z,sell,1.42e-06,24081.0,0.03419502
VITE/BTC,1585826354937,2020-04-02T11:19:14.937Z,sell,1.41e-06,11689.0,0.01648149
VITE/BTC,1585826375377,2020-04-02T11:19:35.377Z,sell,1.42e-06,2000.0,0.00284
VITE/BTC,1585826397715,2020-04-02T11:19:57.715Z,sell,1.42e-06,2000.0,0.00284
VITE/BTC,1585826423443,2020-04-02T11:20:23.443Z,buy,1.42e-06,2009.0,0.00285278
VITE/BTC,1585826428248,2020-04-02T11:20:28.248Z,sell,1.42e-06,2000.0,0.00284
VITE/BTC,1585826452774,2020-04-02T11:20:52.774Z,sell,1.42e-06,33623.0,0.04774466
VITE/BTC,1585826533903,2020-04-02T11:22:13.903Z,buy,1.43e-06,22347.0,0.03195621
VITE/BTC,1585826536981,2020-04-02T11:22:16.981Z,sell,1.42e-06,4074.0,0.00578508
VITE/BTC,1585826537002,2020-04-02T11:22:17.002Z,sell,1.41e-06,3780.0,0.0053298
VITE/BTC,1585826541292,2020-04-02T11:22:21.292Z,buy,1.43e-06,6049.0,0.00865007
VITE/BTC,1585826541299,2020-04-02T11:22:21.299Z,sell,1.43e-06,63881.0,0.09134983
VITE/BTC,1585826544262,2020-04-02T11:22:24.262Z,buy,1.43e-06,10897.0,0.01558271
VITE/BTC,1585826544269,2020-04-02T11:22:24.269Z,sell,1.43e-06,34143.0,0.04882449
VITE/BTC,1585826544272,2020-04-02T11:22:24.272Z,sell,1.43e-06,14637.0,0.02093091
VITE/BTC,1585826544353,2020-04-02T11:22:24.353Z,sell,1.43e-06,285.0,0.00040755
VITE/BTC,1585826545433,2020-04-02T11:22:25.433Z,sell,1.43e-06,9968.0,0.01425424
VITE/BTC,1585826546729,2020-04-02T11:22:26.729Z,sell,1.43e-06,20979.0,0.02999997
VITE/BTC,1585826547738,2020-04-02T11:22:27.738Z,sell,1.43e-06,48951.0,0.06999993
VITE/BTC,1585826549213,2020-04-02T11:22:29.213Z,buy,1.43e-06,5078.0,0.00726154
VITE/BTC,1585826549285,2020-04-02T11:22:29.285Z,sell,1.43e-06,3780.0,0.0054054
VITE/BTC,1585826549340,2020-04-02T11:22:29.340Z,sell,1.43e-06,19455.0,0.02782065
VITE/BTC,1585826562955,2020-04-02T11:22:42.955Z,sell,1.43e-06,21870.0,0.0312741
VITE/BTC,1585826570708,2020-04-02T11:22:50.708Z,sell,1.43e-06,497.0,0.00071071
VITE/BTC,1585826619459,2020-04-02T11:23:39.459Z,buy,1.44e-06,117295.0,0.1689048
VITE/BTC,1585826619467,2020-04-02T11:23:39.467Z,sell,1.44e-06,16343.0,0.02353392
VITE/BTC,1585826619478,2020-04-02T11:23:39.478Z,sell,1.44e-06,5250.0,0.00756
VITE/BTC,1585826619530,2020-04-02T11:23:39.530Z,buy,1.44e-06,3761.0,0.00541584
VITE/BTC,1585826620799,2020-04-02T11:23:40.799Z,buy,1.44e-06,6693.0,0.00963792
VITE/BTC,1585826677590,2020-04-02T11:24:37.590Z,buy,1.45e-06,31278.0,0.0453531
VITE/BTC,1585826677617,2020-04-02T11:24:37.617Z,sell,1.45e-06,417.0,0.00060465
VITE/BTC,1585826677713,2020-04-02T11:24:37.713Z,sell,1.45e-06,500.0,0.000725
VITE/BTC,1585826678273,2020-04-02T11:24:38.273Z,sell,1.45e-06,19004.0,0.0275558
VITE/BTC,1585826679376,2020-04-02T11:24:39.376Z,sell,1.45e-06,9416.0,0.0136532
VITE/BTC,1585826681283,2020-04-02T11:24:41.283Z,sell,1.45e-06,4634.0,0.0067193
VITE/BTC,1585826682282,2020-04-02T11:24:42.282Z,sell,1.45e-06,2298.0,0.0033321
VITE/BTC,1585826682722,2020-04-02T11:24:42.722Z,buy,1.46e-06,35606.0,0.05198476
VITE/BTC,1585826682722,2020-04-02T11:24:42.722Z,buy,1.47e-06,494485.0,0.72689295
VITE/BTC,1585826682722,2020-04-02T11:24:42.722Z,buy,1.48e-06,206703.0,0.30592044
VITE/BTC,1585826682754,2020-04-02T11:24:42.754Z,sell,1.46e-06,599.0,0.00087454
VITE/BTC,1585826682846,2020-04-02T11:24:42.846Z,sell,1.46e-06,2057.0,0.00300322
VITE/BTC,1585826682916,2020-04-02T11:24:42.916Z,buy,1.48e-06,3378.0,0.00499944
VITE/BTC,1585826682961,2020-04-02T11:24:42.961Z,sell,1.46e-06,36642.0,0.05349732
VITE/BTC,1585826683091,2020-04-02T11:24:43.091Z,sell,1.46e-06,4489.0,0.00655394
VITE/BTC,1585826683174,2020-04-02T11:24:43.174Z,sell,1.46e-06,471.0,0.00068766
VITE/BTC,1585826683285,2020-04-02T11:24:43.285Z,sell,1.46e-06,16601.0,0.02423746
VITE/BTC,1585826685297,2020-04-02T11:24:45.297Z,buy,1.47e-06,69.0,0.00010143
VITE/BTC,1585826685713,2020-04-02T11:24:45.713Z,buy,1.47e-06,2000.0,0.00294
VITE/BTC,1585826686531,2020-04-02T11:24:46.531Z,buy,1.47e-06,74.0,0.00010878
VITE/BTC,1585826704061,2020-04-02T11:25:04.061Z,buy,1.47e-06,54589.0,0.0802458299999999
VITE/BTC,1585826704082,2020-04-02T11:25:04.082Z,sell,1.47e-06,6931.0,0.01018857
VITE/BTC,1585826704160,2020-04-02T11:25:04.160Z,sell,1.47e-06,532.0,0.0007820399999999
VITE/BTC,1585826704249,2020-04-02T11:25:04.249Z,sell,1.47e-06,500.0,0.000735
VITE/BTC,1585826704357,2020-04-02T11:25:04.357Z,sell,1.47e-06,309.0,0.0004542299999999
VITE/BTC,1585826704369,2020-04-02T11:25:04.369Z,sell,1.47e-06,71.0,0.0001043699999999
VITE/BTC,1585826704464,2020-04-02T11:25:04.464Z,sell,1.47e-06,181.0,0.00026607
VITE/BTC,1585826705216,2020-04-02T11:25:05.216Z,sell,1.47e-06,31889.0,0.0468768299999999
VITE/BTC,1585826708439,2020-04-02T11:25:08.439Z,buy,1.47e-06,3922.0,0.00576534
VITE/BTC,1585826708447,2020-04-02T11:25:08.447Z,sell,1.47e-06,18318.0,0.0269274599999999
VITE/BTC,1585826708458,2020-04-02T11:25:08.458Z,sell,1.47e-06,1899.0,0.00279153
VITE/BTC,1585826710607,2020-04-02T11:25:10.607Z,sell,1.47e-06,135.0,0.00019845
VITE/BTC,1585826713849,2020-04-02T11:25:13.849Z,sell,1.47e-06,837.0,0.0012303899999999
VITE/BTC,1585826713849,2020-04-02T11:25:13.849Z,sell,1.46e-06,990.0,0.0014454
VITE/BTC,1585826716174,2020-04-02T11:25:16.174Z,sell,1.46e-06,5873.0,0.00857458
VITE/BTC,1585826717056,2020-04-02T11:25:17.056Z,buy,1.47e-06,2000.0,0.00294
VITE/BTC,1585826717056,2020-04-02T11:25:17.056Z,buy,1.48e-06,177941.0,0.26335268
VITE/BTC,1585826718618,2020-04-02T11:25:18.618Z,buy,1.48e-06,71231.0,0.10542188
VITE/BTC,1585826718627,2020-04-02T11:25:18.627Z,sell,1.48e-06,211850.0,0.313538
VITE/BTC,1585826720034,2020-04-02T11:25:20.034Z,buy,1.48e-06,1348.0,0.00199504
VITE/BTC,1585826720123,2020-04-02T11:25:20.123Z,sell,1.47e-06,2074.0,0.0030487799999999
VITE/BTC,1585826720529,2020-04-02T11:25:20.529Z,buy,1.48e-06,1674.0,0.00247752
VITE/BTC,1585826725671,2020-04-02T11:25:25.671Z,sell,1.47e-06,26666.0,0.0391990199999999
VITE/BTC,1585826735406,2020-04-02T11:25:35.406Z,buy,1.48e-06,4074.0,0.00602952
VITE/BTC,1585826740502,2020-04-02T11:25:40.502Z,sell,1.47e-06,1960.0,0.0028812
VITE/BTC,1585826742134,2020-04-02T11:25:42.134Z,buy,1.49e-06,369046.0,0.5498785399999999
VITE/BTC,1585826751229,2020-04-02T11:25:51.229Z,sell,1.49e-06,218.0,0.0003248199999999
VITE/BTC,1585826752096,2020-04-02T11:25:52.096Z,sell,1.49e-06,1960.0,0.0029203999999999
VITE/BTC,1585826752178,2020-04-02T11:25:52.178Z,sell,1.49e-06,282.0,0.00042018
VITE/BTC,1585826752187,2020-04-02T11:25:52.187Z,sell,1.49e-06,31818.0,0.04740882
VITE/BTC,1585826752282,2020-04-02T11:25:52.282Z,sell,1.49e-06,317.0,0.0004723299999999
VITE/BTC,1585826752509,2020-04-02T11:25:52.509Z,sell,1.49e-06,1960.0,0.0029203999999999
VITE/BTC,1585826752721,2020-04-02T11:25:52.721Z,buy,1.5e-06,65618.0,0.098427
VITE/BTC,1585826755286,2020-04-02T11:25:55.286Z,sell,1.49e-06,5040.0,0.0075096
VITE/BTC,1585826755286,2020-04-02T11:25:55.286Z,sell,1.48e-06,130095.0,0.1925406
VITE/BTC,1585826757111,2020-04-02T11:25:57.111Z,buy,1.49e-06,2000.0,0.00298
VITE/BTC,1585826757124,2020-04-02T11:25:57.124Z,sell,1.49e-06,1674.0,0.00249426
VITE/BTC,1585826757318,2020-04-02T11:25:57.318Z,sell,1.49e-06,14227.0,0.02119823
VITE/BTC,1585826758621,2020-04-02T11:25:58.621Z,sell,1.49e-06,74.0,0.0001102599999999
VITE/BTC,1585826760814,2020-04-02T11:26:00.814Z,sell,1.49e-06,49139.0,0.07321711
VITE/BTC,1585826760814,2020-04-02T11:26:00.814Z,sell,1.48e-06,85996.0,0.12727408
VITE/BTC,1585826763777,2020-04-02T11:26:03.777Z,buy,1.49e-06,1346.0,0.00200554
VITE/BTC,1585826766646,2020-04-02T11:26:06.646Z,sell,1.49e-06,68288.0,0.10174912
VITE/BTC,1585826766646,2020-04-02T11:26:06.646Z,sell,1.48e-06,66847.0,0.09893356
VITE/BTC,1585826770072,2020-04-02T11:26:10.072Z,buy,1.49e-06,2074.0,0.0030902599999999
VITE/BTC,1585826772544,2020-04-02T11:26:12.544Z,sell,1.49e-06,65040.0,0.0969096
VITE/BTC,1585826772544,2020-04-02T11:26:12.544Z,sell,1.48e-06,70095.0,0.1037406
VITE/BTC,1585826776840,2020-04-02T11:26:16.840Z,buy,1.49e-06,1545.0,0.00230205
VITE/BTC,1585826776907,2020-04-02T11:26:16.907Z,buy,1.49e-06,3585.0,0.00534165
VITE/BTC,1585826777235,2020-04-02T11:26:17.235Z,buy,1.49e-06,4586.0,0.00683314
VITE/BTC,1585826777522,2020-04-02T11:26:17.522Z,buy,1.49e-06,2587.0,0.00385463
VITE/BTC,1585826777813,2020-04-02T11:26:17.813Z,buy,1.49e-06,2545.0,0.00379205
VITE/BTC,1585826777888,2020-04-02T11:26:17.888Z,buy,1.49e-06,2477.0,0.0036907299999999
VITE/BTC,1585826778785,2020-04-02T11:26:18.785Z,buy,1.49e-06,2587.0,0.00385463
VITE/BTC,1585826778848,2020-04-02T11:26:18.848Z,buy,1.49e-06,4586.0,0.00683314
VITE/BTC,1585826779003,2020-04-02T11:26:19.003Z,buy,1.49e-06,2477.0,0.0036907299999999
VITE/BTC,1585826779064,2020-04-02T11:26:19.064Z,sell,1.48e-06,2845.0,0.0042106
VITE/BTC,1585826779467,2020-04-02T11:26:19.467Z,buy,1.49e-06,2545.0,0.00379205
VITE/BTC,1585826779596,2020-04-02T11:26:19.596Z,buy,1.49e-06,1545.0,0.00230205
VITE/BTC,1585826780889,2020-04-02T11:26:20.889Z,buy,1.49e-06,25111.0,0.03741539
VITE/BTC,1585826782972,2020-04-02T11:26:22.972Z,buy,1.49e-06,13665.0,0.02036085
VITE/BTC,1585826782972,2020-04-02T11:26:22.972Z,buy,1.5e-06,653001.0,0.9795015
VITE/BTC,1585826784056,2020-04-02T11:26:24.056Z,sell,1.48e-06,100.0,0.000148
VITE/BTC,1585826787977,2020-04-02T11:26:27.977Z,sell,1.49e-06,461.0,0.00068689
VITE/BTC,1585826789498,2020-04-02T11:26:29.498Z,buy,1.5e-06,1545.0,0.0023175
VITE/BTC,1585826789501,2020-04-02T11:26:29.501Z,buy,1.5e-06,3585.0,0.0053775
VITE/BTC,1585826789578,2020-04-02T11:26:29.578Z,buy,1.5e-06,2587.0,0.0038805
VITE/BTC,1585826789709,2020-04-02T11:26:29.709Z,buy,1.5e-06,2545.0,0.0038175
VITE/BTC,1585826789716,2020-04-02T11:26:29.716Z,buy,1.5e-06,4586.0,0.006879
VITE/BTC,1585826789838,2020-04-02T11:26:29.838Z,buy,1.5e-06,2477.0,0.0037155
VITE/BTC,1585826789954,2020-04-02T11:26:29.954Z,buy,1.5e-06,1545.0,0.0023175
VITE/BTC,1585826789974,2020-04-02T11:26:29.974Z,buy,1.5e-06,3585.0,0.0053775
VITE/BTC,1585826790013,2020-04-02T11:26:30.013Z,buy,1.5e-06,2587.0,0.0038805
VITE/BTC,1585826790852,2020-04-02T11:26:30.852Z,buy,1.5e-06,4586.0,0.006879
VITE/BTC,1585826790910,2020-04-02T11:26:30.910Z,buy,1.5e-06,2545.0,0.0038175
VITE/BTC,1585826790935,2020-04-02T11:26:30.935Z,buy,1.5e-06,2477.0,0.0037155
VITE/BTC,1585826796681,2020-04-02T11:26:36.681Z,buy,1.5e-06,1545.0,0.0023175
VITE/BTC,1585826796901,2020-04-02T11:26:36.901Z,buy,1.5e-06,3585.0,0.0053775
VITE/BTC,1585826796949,2020-04-02T11:26:36.949Z,buy,1.5e-06,2587.0,0.0038805
VITE/BTC,1585826796988,2020-04-02T11:26:36.988Z,sell,1.49e-06,44425.0,0.06619325
VITE/BTC,1585826797031,2020-04-02T11:26:37.031Z,buy,1.5e-06,4586.0,0.006879
VITE/BTC,1585826797735,2020-04-02T11:26:37.735Z,buy,1.5e-06,2545.0,0.0038175
VITE/BTC,1585826797746,2020-04-02T11:26:37.746Z,buy,1.5e-06,2477.0,0.0037155
VITE/BTC,1585826797879,2020-04-02T11:26:37.879Z,buy,1.5e-06,2545.0,0.0038175
VITE/BTC,1585826798013,2020-04-02T11:26:38.013Z,buy,1.5e-06,1545.0,0.0023175
VITE/BTC,1585826798078,2020-04-02T11:26:38.078Z,buy,1.5e-06,3585.0,0.0053775
VITE/BTC,1585826798516,2020-04-02T11:26:38.516Z,buy,1.5e-06,2477.0,0.0037155
VITE/BTC,1585826798842,2020-04-02T11:26:38.842Z,sell,1.49e-06,10611.0,0.01581039
VITE/BTC,1585826799370,2020-04-02T11:26:39.370Z,buy,1.5e-06,1541545.0,2.3123175
VITE/BTC,1585826799441,2020-04-02T11:26:39.441Z,buy,1.5e-06,3585.0,0.0053775
VITE/BTC,1585826799491,2020-04-02T11:26:39.491Z,buy,1.5e-06,2587.0,0.0038805
VITE/BTC,1585826799665,2020-04-02T11:26:39.665Z,buy,1.5e-06,2545.0,0.0038175
VITE/BTC,1585826799985,2020-04-02T11:26:39.985Z,buy,1.5e-06,2477.0,0.0037155
VITE/BTC,1585826800164,2020-04-02T11:26:40.164Z,buy,1.5e-06,4586.0,0.006879
VITE/BTC,1585826802166,2020-04-02T11:26:42.166Z,buy,1.5e-06,859.0,0.0012885
VITE/BTC,1585826803673,2020-04-02T11:26:43.673Z,buy,1.5e-06,209307.0,0.3139605
VITE/BTC,1585826805801,2020-04-02T11:26:45.801Z,buy,1.5e-06,68.0,0.000102
VITE/BTC,1585826805843,2020-04-02T11:26:45.843Z,buy,1.5e-06,25111.0,0.0376665
VITE/BTC,1585826806006,2020-04-02T11:26:46.006Z,buy,1.5e-06,25111.0,0.0376665
VITE/BTC,1585826806180,2020-04-02T11:26:46.180Z,buy,1.5e-06,25111.0,0.0376665
VITE/BTC,1585826807108,2020-04-02T11:26:47.108Z,buy,1.5e-06,1545.0,0.0023175
VITE/BTC,1585826807116,2020-04-02T11:26:47.116Z,buy,1.5e-06,123281.0,0.1849215
VITE/BTC,1585826807367,2020-04-02T11:26:47.367Z,buy,1.5e-06,166375.0,0.2495625
VITE/BTC,1585826807707,2020-04-02T11:26:47.707Z,buy,1.5e-06,2477.0,0.0037155
VITE/BTC,1585826807911,2020-04-02T11:26:47.911Z,buy,1.5e-06,3585.0,0.0053775
VITE/BTC,1585826807941,2020-04-02T11:26:47.941Z,buy,1.5e-06,2587.0,0.0038805
VITE/BTC,1585826808099,2020-04-02T11:26:48.099Z,buy,1.5e-06,2545.0,0.0038175
VITE/BTC,1585826808117,2020-04-02T11:26:48.117Z,buy,1.5e-06,4586.0,0.006879
VITE/BTC,1585826808289,2020-04-02T11:26:48.289Z,buy,1.5e-06,11703.0,0.0175545
VITE/BTC,1585826808509,2020-04-02T11:26:48.509Z,buy,1.5e-06,25111.0,0.0376665
VITE/BTC,1585826808693,2020-04-02T11:26:48.693Z,buy,1.5e-06,1545.0,0.0023175
VITE/BTC,1585826808758,2020-04-02T11:26:48.758Z,buy,1.5e-06,3585.0,0.0053775
VITE/BTC,1585826809873,2020-04-02T11:26:49.873Z,buy,1.5e-06,3755.0,0.0056325
VITE/BTC,1585826810916,2020-04-02T11:26:50.916Z,buy,1.5e-06,4586.0,0.006879
VITE/BTC,1585826811000,2020-04-02T11:26:51.000Z,buy,1.5e-06,2545.0,0.0038175
VITE/BTC,1585826811289,2020-04-02T11:26:51.289Z,buy,1.5e-06,1545.0,0.0023175
VITE/BTC,1585826811409,2020-04-02T11:26:51.409Z,sell,1.49e-06,1960.0,0.0029203999999999
VITE/BTC,1585826811413,2020-04-02T11:26:51.413Z,buy,1.5e-06,3585.0,0.0053775
VITE/BTC,1585826811440,2020-04-02T11:26:51.440Z,buy,1.5e-06,2587.0,0.0038805
VITE/BTC,1585826811596,2020-04-02T11:26:51.596Z,buy,1.5e-06,2477.0,0.0037155
VITE/BTC,1585826812505,2020-04-02T11:26:52.505Z,buy,1.5e-06,3585.0,0.0053775
VITE/BTC,1585826812544,2020-04-02T11:26:52.544Z,buy,1.5e-06,2587.0,0.0038805
VITE/BTC,1585826812550,2020-04-02T11:26:52.550Z,buy,1.5e-06,4586.0,0.006879
VITE/BTC,1585826812581,2020-04-02T11:26:52.581Z,buy,1.5e-06,2545.0,0.0038175
VITE/BTC,1585826812779,2020-04-02T11:26:52.779Z,buy,1.5e-06,2477.0,0.0037155
VITE/BTC,1585826812966,2020-04-02T11:26:52.966Z,buy,1.5e-06,2477.0,0.0037155
VITE/BTC,1585826813025,2020-04-02T11:26:53.025Z,buy,1.5e-06,1545.0,0.0023175
VITE/BTC,1585826816287,2020-04-02T11:26:56.287Z,buy,1.5e-06,27865.0,0.0417975
VITE/BTC,1585826816465,2020-04-02T11:26:56.465Z,buy,1.5e-06,1545.0,0.0023175
VITE/BTC,1585826816712,2020-04-02T11:26:56.712Z,buy,1.5e-06,3585.0,0.0053775
VITE/BTC,1585826816758,2020-04-02T11:26:56.758Z,buy,1.5e-06,2587.0,0.0038805
VITE/BTC,1585826816864,2020-04-02T11:26:56.864Z,buy,1.5e-06,4586.0,0.006879
VITE/BTC,1585826816975,2020-04-02T11:26:56.975Z,buy,1.5e-06,2477.0,0.0037155
VITE/BTC,1585826816979,2020-04-02T11:26:56.979Z,buy,1.5e-06,2545.0,0.0038175
VITE/BTC,1585826817893,2020-04-02T11:26:57.893Z,buy,1.5e-06,3585.0,0.0053775
VITE/BTC,1585826817942,2020-04-02T11:26:57.942Z,buy,1.5e-06,2587.0,0.0038805
VITE/BTC,1585826818004,2020-04-02T11:26:58.004Z,buy,1.5e-06,4586.0,0.006879
VITE/BTC,1585826818117,2020-04-02T11:26:58.117Z,buy,1.5e-06,2545.0,0.0038175
VITE/BTC,1585826818179,2020-04-02T11:26:58.179Z,buy,1.5e-06,2477.0,0.0037155
VITE/BTC,1585826818249,2020-04-02T11:26:58.249Z,buy,1.5e-06,1545.0,0.0023175
VITE/BTC,1585826819077,2020-04-02T11:26:59.077Z,buy,1.5e-06,2477.0,0.0037155
VITE/BTC,1585826819139,2020-04-02T11:26:59.139Z,buy,1.5e-06,1545.0,0.0023175
VITE/BTC,1585826819219,2020-04-02T11:26:59.219Z,buy,1.5e-06,3585.0,0.0053775
VITE/BTC,1585826819280,2020-04-02T11:26:59.280Z,buy,1.5e-06,2587.0,0.0038805
VITE/BTC,1585826819397,2020-04-02T11:26:59.397Z,buy,1.5e-06,4586.0,0.006879
VITE/BTC,1585826819441,2020-04-02T11:26:59.441Z,buy,1.5e-06,2545.0,0.0038175
VITE/BTC,1585826821734,2020-04-02T11:27:01.734Z,buy,1.5e-06,1545.0,0.0023175
VITE/BTC,1585826821806,2020-04-02T11:27:01.806Z,buy,1.5e-06,3585.0,0.0053775
VITE/BTC,1585826822036,2020-04-02T11:27:02.036Z,sell,1.49e-06,70.0,0.0001043
VITE/BTC,1585826822098,2020-04-02T11:27:02.098Z,buy,1.5e-06,2587.0,0.0038805
VITE/BTC,1585826822181,2020-04-02T11:27:02.181Z,buy,1.5e-06,2545.0,0.0038175
VITE/BTC,1585826822276,2020-04-02T11:27:02.276Z,buy,1.5e-06,2477.0,0.0037155
VITE/BTC,1585826822660,2020-04-02T11:27:02.660Z,buy,1.5e-06,4586.0,0.006879
VITE/BTC,1585826823642,2020-04-02T11:27:03.642Z,buy,1.5e-06,2587.0,0.0038805
VITE/BTC,1585826823653,2020-04-02T11:27:03.653Z,buy,1.5e-06,3585.0,0.0053775
VITE/BTC,1585826823697,2020-04-02T11:27:03.697Z,buy,1.5e-06,2477.0,0.0037155
VITE/BTC,1585826824074,2020-04-02T11:27:04.074Z,buy,1.5e-06,1545.0,0.0023175
VITE/BTC,1585826824204,2020-04-02T11:27:04.204Z,buy,1.5e-06,4586.0,0.006879
VITE/BTC,1585826824233,2020-04-02T11:27:04.233Z,buy,1.5e-06,2545.0,0.0038175
VITE/BTC,1585826826043,2020-04-02T11:27:06.043Z,buy,1.5e-06,103382.0,0.155073
VITE/BTC,1585826826067,2020-04-02T11:27:06.067Z,sell,1.5e-06,1598.0,0.002397
VITE/BTC,1585826826082,2020-04-02T11:27:06.082Z,sell,1.5e-06,1598.0,0.002397
VITE/BTC,1585826826097,2020-04-02T11:27:06.097Z,sell,1.5e-06,1304.0,0.001956
VITE/BTC,1585826826154,2020-04-02T11:27:06.154Z,sell,1.5e-06,532.0,0.000798
VITE/BTC,1585826827195,2020-04-02T11:27:07.195Z,buy,1.51e-06,1545.0,0.00233295
VITE/BTC,1585826827453,2020-04-02T11:27:07.453Z,buy,1.51e-06,3585.0,0.00541335
VITE/BTC,1585826827563,2020-04-02T11:27:07.563Z,buy,1.51e-06,2587.0,0.00390637
VITE/BTC,1585826827587,2020-04-02T11:27:07.587Z,buy,1.51e-06,1987.0,0.00300037
VITE/BTC,1585826827626,2020-04-02T11:27:07.626Z,buy,1.51e-06,2545.0,0.00384295
VITE/BTC,1585826827698,2020-04-02T11:27:07.698Z,buy,1.51e-06,2477.0,0.00374027
VITE/BTC,1585826828101,2020-04-02T11:27:08.101Z,buy,1.51e-06,4586.0,0.00692486
VITE/BTC,1585826829258,2020-04-02T11:27:09.258Z,buy,1.51e-06,2545.0,0.00384295
VITE/BTC,1585826829496,2020-04-02T11:27:09.496Z,buy,1.51e-06,2477.0,0.00374027
VITE/BTC,1585826829517,2020-04-02T11:27:09.517Z,buy,1.51e-06,1545.0,0.00233295
VITE/BTC,1585826829621,2020-04-02T11:27:09.621Z,buy,1.51e-06,3585.0,0.00541335
VITE/BTC,1585826829625,2020-04-02T11:27:09.625Z,buy,1.51e-06,1322.0,0.00199622
VITE/BTC,1585826829650,2020-04-02T11:27:09.650Z,buy,1.51e-06,3585.0,0.00541335
VITE/BTC,1585826829671,2020-04-02T11:27:09.671Z,buy,1.51e-06,2587.0,0.00390637
VITE/BTC,1585826829717,2020-04-02T11:27:09.717Z,buy,1.51e-06,2587.0,0.00390637
VITE/BTC,1585826829735,2020-04-02T11:27:09.735Z,buy,1.51e-06,4586.0,0.00692486
VITE/BTC,1585826829810,2020-04-02T11:27:09.810Z,buy,1.51e-06,4586.0,0.00692486
VITE/BTC,1585826830100,2020-04-02T11:27:10.100Z,buy,1.51e-06,1545.0,0.00233295
VITE/BTC,1585826831268,2020-04-02T11:27:11.268Z,buy,1.51e-06,146.0,0.00022046
VITE/BTC,1585826831999,2020-04-02T11:27:11.999Z,buy,1.51e-06,2545.0,0.00384295
VITE/BTC,1585826832041,2020-04-02T11:27:12.041Z,buy,1.51e-06,2477.0,0.00374027
VITE/BTC,1585826832193,2020-04-02T11:27:12.193Z,buy,1.51e-06,3585.0,0.00541335
VITE/BTC,1585826832445,2020-04-02T11:27:12.445Z,buy,1.51e-06,4586.0,0.00692486
VITE/BTC,1585826832484,2020-04-02T11:27:12.484Z,buy,1.51e-06,4586.0,0.00692486
VITE/BTC,1585826832515,2020-04-02T11:27:12.515Z,buy,1.51e-06,2587.0,0.00390637
VITE/BTC,1585826832659,2020-04-02T11:27:12.659Z,buy,1.51e-06,1545.0,0.00233295
VITE/BTC,1585826833567,2020-04-02T11:27:13.567Z,buy,1.51e-06,3585.0,0.00541335
VITE/BTC,1585826833682,2020-04-02T11:27:13.682Z,buy,1.51e-06,4586.0,0.00692486
VITE/BTC,1585826833773,2020-04-02T11:27:13.773Z,buy,1.51e-06,2545.0,0.00384295
VITE/BTC,1585826834028,2020-04-02T11:27:14.028Z,buy,1.51e-06,1545.0,0.00233295
VITE/BTC,1585826834155,2020-04-02T11:27:14.155Z,buy,1.51e-06,2587.0,0.00390637
VITE/BTC,1585826834384,2020-04-02T11:27:14.384Z,buy,1.51e-06,2477.0,0.00374027
VITE/BTC,1585826834743,2020-04-02T11:27:14.743Z,sell,1.5e-06,1979.0,0.0029685
VITE/BTC,1585826834995,2020-04-02T11:27:14.995Z,buy,1.51e-06,206270.0,0.3114677
VITE/BTC,1585826836210,2020-04-02T11:27:16.210Z,buy,1.51e-06,1545.0,0.00233295
VITE/BTC,1585826836265,2020-04-02T11:27:16.265Z,buy,1.51e-06,3585.0,0.00541335
VITE/BTC,1585826836504,2020-04-02T11:27:16.504Z,buy,1.51e-06,2587.0,0.00390637
VITE/BTC,1585826836627,2020-04-02T11:27:16.627Z,buy,1.51e-06,2545.0,0.00384295
VITE/BTC,1585826836714,2020-04-02T11:27:16.714Z,buy,1.51e-06,2477.0,0.00374027
VITE/BTC,1585826836929,2020-04-02T11:27:16.929Z,buy,1.51e-06,4814.0,0.0072691399999999
VITE/BTC,1585826837122,2020-04-02T11:27:17.122Z,buy,1.51e-06,4586.0,0.00692486
VITE/BTC,1585826837980,2020-04-02T11:27:17.980Z,buy,1.51e-06,1545.0,0.00233295
VITE/BTC,1585826837994,2020-04-02T11:27:17.994Z,sell,1.5e-06,7731.0,0.0115965
VITE/BTC,1585826838128,2020-04-02T11:27:18.128Z,buy,1.51e-06,3585.0,0.00541335
VITE/BTC,1585826838210,2020-04-02T11:27:18.210Z,buy,1.51e-06,4586.0,0.00692486
VITE/BTC,1585826838281,2020-04-02T11:27:18.281Z,buy,1.51e-06,2545.0,0.00384295
VITE/BTC,1585826838363,2020-04-02T11:27:18.363Z,buy,1.51e-06,2477.0,0.00374027
VITE/BTC,1585826838671,2020-04-02T11:27:18.671Z,buy,1.51e-06,2587.0,0.00390637
VITE/BTC,1585826839495,2020-04-02T11:27:19.495Z,buy,1.51e-06,2587.0,0.00390637
VITE/BTC,1585826839636,2020-04-02T11:27:19.636Z,buy,1.51e-06,2545.0,0.00384295
VITE/BTC,1585826839701,2020-04-02T11:27:19.701Z,buy,1.51e-06,2477.0,0.00374027
VITE/BTC,1585826839848,2020-04-02T11:27:19.848Z,buy,1.51e-06,1545.0,0.00233295
VITE/BTC,1585826839891,2020-04-02T11:27:19.891Z,sell,1.5e-06,3154.0,0.004731
VITE/BTC,1585826840048,2020-04-02T11:27:20.048Z,buy,1.51e-06,3585.0,0.00541335
VITE/BTC,1585826840114,2020-04-02T11:27:20.114Z,buy,1.51e-06,4586.0,0.00692486
VITE/BTC,1585826840926,2020-04-02T11:27:20.926Z,buy,1.51e-06,131462.0,0.19850762
VITE/BTC,1585826842352,2020-04-02T11:27:22.352Z,buy,1.51e-06,3585.0,0.00541335
VITE/BTC,1585826842803,2020-04-02T11:27:22.803Z,buy,1.51e-06,2477.0,0.00374027
VITE/BTC,1585826842987,2020-04-02T11:27:22.987Z,buy,1.51e-06,2587.0,0.00390637
VITE/BTC,1585826843210,2020-04-02T11:27:23.210Z,buy,1.51e-06,4586.0,0.00692486
VITE/BTC,1585826843396,2020-04-02T11:27:23.396Z,buy,1.51e-06,2545.0,0.00384295
VITE/BTC,1585826844742,2020-04-02T11:27:24.742Z,buy,1.51e-06,4586.0,0.00692486
VITE/BTC,1585826844819,2020-04-02T11:27:24.819Z,buy,1.51e-06,2545.0,0.00384295
VITE/BTC,1585826844955,2020-04-02T11:27:24.955Z,buy,1.51e-06,1545.0,0.00233295
VITE/BTC,1585826845270,2020-04-02T11:27:25.270Z,buy,1.51e-06,2587.0,0.00390637
VITE/BTC,1585826845428,2020-04-02T11:27:25.428Z,buy,1.51e-06,2477.0,0.00374027
VITE/BTC,1585826845587,2020-04-02T11:27:25.587Z,buy,1.51e-06,3585.0,0.00541335
VITE/BTC,1585826846460,2020-04-02T11:27:26.460Z,buy,1.51e-06,2587.0,0.00390637
VITE/BTC,1585826846621,2020-04-02T11:27:26.621Z,buy,1.51e-06,2545.0,0.00384295
VITE/BTC,1585826846678,2020-04-02T11:27:26.678Z,buy,1.51e-06,2477.0,0.00374027
VITE/BTC,1585826846758,2020-04-02T11:27:26.758Z,buy,1.51e-06,1545.0,0.00233295
VITE/BTC,1585826846813,2020-04-02T11:27:26.813Z,buy,1.51e-06,3585.0,0.00541335
VITE/BTC,1585826847077,2020-04-02T11:27:27.077Z,buy,1.51e-06,4586.0,0.00692486
VITE/BTC,1585826848043,2020-04-02T11:27:28.043Z,buy,1.51e-06,2477.0,0.00374027
VITE/BTC,1585826848104,2020-04-02T11:27:28.104Z,buy,1.51e-06,1545.0,0.00233295
VITE/BTC,1585826848176,2020-04-02T11:27:28.176Z,buy,1.51e-06,3585.0,0.00541335
VITE/BTC,1585826848261,2020-04-02T11:27:28.261Z,buy,1.51e-06,2587.0,0.00390637
VITE/BTC,1585826848503,2020-04-02T11:27:28.503Z,buy,1.51e-06,2545.0,0.00384295
VITE/BTC,1585826851102,2020-04-02T11:27:31.102Z,buy,1.51e-06,150227.0,0.22684277
VITE/BTC,1585826852145,2020-04-02T11:27:32.145Z,buy,1.51e-06,2587.0,0.00390637
VITE/BTC,1585826852403,2020-04-02T11:27:32.403Z,buy,1.51e-06,1545.0,0.00233295
VITE/BTC,1585826852453,2020-04-02T11:27:32.453Z,buy,1.51e-06,1545.0,0.00233295
VITE/BTC,1585826852455,2020-04-02T11:27:32.455Z,buy,1.51e-06,2477.0,0.00374027
VITE/BTC,1585826852565,2020-04-02T11:27:32.565Z,buy,1.51e-06,3585.0,0.00541335
VITE/BTC,1585826852676,2020-04-02T11:27:32.676Z,buy,1.51e-06,2587.0,0.00390637
VITE/BTC,1585826852677,2020-04-02T11:27:32.677Z,buy,1.51e-06,3585.0,0.00541335
VITE/BTC,1585826852809,2020-04-02T11:27:32.809Z,buy,1.51e-06,4586.0,0.00692486
VITE/BTC,1585826852845,2020-04-02T11:27:32.845Z,buy,1.51e-06,2545.0,0.00384295
VITE/BTC,1585826853231,2020-04-02T11:27:33.231Z,buy,1.51e-06,4586.0,0.00692486
VITE/BTC,1585826854109,2020-04-02T11:27:34.109Z,buy,1.51e-06,1545.0,0.00233295
VITE/BTC,1585826854334,2020-04-02T11:27:34.334Z,buy,1.51e-06,4586.0,0.00692486
VITE/BTC,1585826854404,2020-04-02T11:27:34.404Z,buy,1.51e-06,2545.0,0.00384295
VITE/BTC,1585826854464,2020-04-02T11:27:34.464Z,buy,1.51e-06,2477.0,0.00374027
VITE/BTC,1585826854724,2020-04-02T11:27:34.724Z,buy,1.51e-06,3585.0,0.00541335
VITE/BTC,1585826854794,2020-04-02T11:27:34.794Z,buy,1.51e-06,2587.0,0.00390637
VITE/BTC,1585826858464,2020-04-02T11:27:38.464Z,buy,1.51e-06,44183.0,0.06671633
VITE/BTC,1585826859260,2020-04-02T11:27:39.260Z,buy,1.51e-06,1545.0,0.00233295
VITE/BTC,1585826859291,2020-04-02T11:27:39.291Z,buy,1.51e-06,3585.0,0.00541335
VITE/BTC,1585826859583,2020-04-02T11:27:39.583Z,buy,1.51e-06,2477.0,0.00374027
VITE/BTC,1585826859687,2020-04-02T11:27:39.687Z,buy,1.51e-06,1545.0,0.00233295
VITE/BTC,1585826859791,2020-04-02T11:27:39.791Z,buy,1.51e-06,3585.0,0.00541335
VITE/BTC,1585826859898,2020-04-02T11:27:39.898Z,buy,1.51e-06,2587.0,0.00390637
VITE/BTC,1585826860018,2020-04-02T11:27:40.018Z,buy,1.51e-06,4586.0,0.00692486
VITE/BTC,1585826860099,2020-04-02T11:27:40.099Z,buy,1.51e-06,2545.0,0.00384295
VITE/BTC,1585826860938,2020-04-02T11:27:40.938Z,buy,1.51e-06,3585.0,0.00541335
VITE/BTC,1585826861077,2020-04-02T11:27:41.077Z,buy,1.51e-06,4586.0,0.00692486
VITE/BTC,1585826861194,2020-04-02T11:27:41.194Z,buy,1.51e-06,2545.0,0.00384295
VITE/BTC,1585826861245,2020-04-02T11:27:41.245Z,buy,1.51e-06,2477.0,0.00374027
VITE/BTC,1585826861344,2020-04-02T11:27:41.344Z,buy,1.51e-06,55843.0,0.0843229299999999
VITE/BTC,1585826861556,2020-04-02T11:27:41.556Z,buy,1.51e-06,2587.0,0.00390637
VITE/BTC,1585826861853,2020-04-02T11:27:41.853Z,buy,1.51e-06,1545.0,0.00233295
VITE/BTC,1585826862747,2020-04-02T11:27:42.747Z,buy,1.51e-06,3585.0,0.00541335
VITE/BTC,1585826862814,2020-04-02T11:27:42.814Z,buy,1.51e-06,2587.0,0.00390637
VITE/BTC,1585826862908,2020-04-02T11:27:42.908Z,buy,1.51e-06,4586.0,0.00692486
VITE/BTC,1585826862972,2020-04-02T11:27:42.972Z,buy,1.51e-06,2545.0,0.00384295
VITE/BTC,1585826863048,2020-04-02T11:27:43.048Z,buy,1.51e-06,2477.0,0.00374027
VITE/BTC,1585826863454,2020-04-02T11:27:43.454Z,buy,1.51e-06,13961.0,0.02108111
VITE/BTC,1585826865122,2020-04-02T11:27:45.122Z,buy,1.51e-06,4586.0,0.00692486
VITE/BTC,1585826865225,2020-04-02T11:27:45.225Z,buy,1.51e-06,2545.0,0.00384295
VITE/BTC,1585826865276,2020-04-02T11:27:45.276Z,buy,1.51e-06,10470.0,0.0158097
VITE/BTC,1585826865351,2020-04-02T11:27:45.351Z,buy,1.51e-06,1545.0,0.00233295
VITE/BTC,1585826865603,2020-04-02T11:27:45.603Z,buy,1.51e-06,3585.0,0.00541335
VITE/BTC,1585826865645,2020-04-02T11:27:45.645Z,buy,1.51e-06,2587.0,0.00390637
VITE/BTC,1585826865824,2020-04-02T11:27:45.824Z,buy,1.51e-06,2477.0,0.00374027
VITE/BTC,1585826866702,2020-04-02T11:27:46.702Z,buy,1.51e-06,1545.0,0.00233295
VITE/BTC,1585826866789,2020-04-02T11:27:46.789Z,buy,1.51e-06,3585.0,0.00541335
VITE/BTC,1585826866863,2020-04-02T11:27:46.863Z,buy,1.51e-06,2587.0,0.00390637
VITE/BTC,1585826867002,2020-04-02T11:27:47.002Z,buy,1.51e-06,2545.0,0.00384295
VITE/BTC,1585826867238,2020-04-02T11:27:47.238Z,buy,1.51e-06,7853.0,0.01185803
VITE/BTC,1585826867472,2020-04-02T11:27:47.472Z,buy,1.51e-06,4586.0,0.00692486
VITE/BTC,1585826867633,2020-04-02T11:27:47.633Z,buy,1.51e-06,2477.0,0.00374027
VITE/BTC,1585826867824,2020-04-02T11:27:47.824Z,buy,1.51e-06,4586.0,0.00692486
VITE/BTC,1585826868641,2020-04-02T11:27:48.641Z,buy,1.51e-06,2587.0,0.00390637
VITE/BTC,1585826868803,2020-04-02T11:27:48.803Z,buy,1.51e-06,2545.0,0.00384295
VITE/BTC,1585826868875,2020-04-02T11:27:48.875Z,buy,1.51e-06,2477.0,0.00374027
VITE/BTC,1585826868943,2020-04-02T11:27:48.943Z,buy,1.51e-06,1545.0,0.00233295
VITE/BTC,1585826869023,2020-04-02T11:27:49.023Z,buy,1.51e-06,3585.0,0.00541335
VITE/BTC,1585826869280,2020-04-02T11:27:49.280Z,buy,1.51e-06,4586.0,0.00692486
VITE/BTC,1585826869612,2020-04-02T11:27:49.612Z,buy,1.51e-06,5890.0,0.0088939
VITE/BTC,1585826870147,2020-04-02T11:27:50.147Z,buy,1.51e-06,2545.0,0.00384295
VITE/BTC,1585826870231,2020-04-02T11:27:50.231Z,buy,1.51e-06,2477.0,0.00374027
VITE/BTC,1585826870869,2020-04-02T11:27:50.869Z,buy,1.51e-06,130355.0,0.1968360499999999
VITE/BTC,1585826871687,2020-04-02T11:27:51.687Z,sell,1.5e-06,209307.0,0.3139605
VITE/BTC,1585826873048,2020-04-02T11:27:53.048Z,buy,1.51e-06,4417.0,0.00666967
VITE/BTC,1585826873479,2020-04-02T11:27:53.479Z,sell,1.5e-06,218.0,0.000327
VITE/BTC,1585826874360,2020-04-02T11:27:54.360Z,sell,1.5e-06,2000.0,0.003
VITE/BTC,1585826875104,2020-04-02T11:27:55.104Z,buy,1.51e-06,3335.0,0.00503585
VITE/BTC,1585826876463,2020-04-02T11:27:56.463Z,sell,1.5e-06,25111.0,0.0376665
VITE/BTC,1585826876673,2020-04-02T11:27:56.673Z,sell,1.5e-06,25111.0,0.0376665
VITE/BTC,1585826876831,2020-04-02T11:27:56.831Z,buy,1.51e-06,2479.0,0.00374329
VITE/BTC,1585826876849,2020-04-02T11:27:56.849Z,sell,1.5e-06,25111.0,0.0376665
VITE/BTC,1585826877186,2020-04-02T11:27:57.186Z,sell,1.5e-06,25111.0,0.0376665
VITE/BTC,1585826878604,2020-04-02T11:27:58.604Z,buy,1.51e-06,1859.0,0.00280709
VITE/BTC,1585826880413,2020-04-02T11:28:00.413Z,buy,1.51e-06,1404.0,0.00212004
VITE/BTC,1585826882709,2020-04-02T11:28:02.709Z,sell,1.5e-06,8443.0,0.0126645
VITE/BTC,1585826884044,2020-04-02T11:28:04.044Z,sell,1.49e-06,41779.0,0.0622507099999999
VITE/BTC,1585826884044,2020-04-02T11:28:04.044Z,sell,1.49e-06,41303.0,0.0615414699999999
VITE/BTC,1585826884365,2020-04-02T11:28:04.365Z,buy,1.51e-06,3132.0,0.0047293199999999
VITE/BTC,1585826885816,2020-04-02T11:28:05.816Z,sell,1.49e-06,30821.0,0.04592329
VITE/BTC,1585826892486,2020-04-02T11:28:12.486Z,sell,1.49e-06,120000.0,0.1788
VITE/BTC,1585826897198,2020-04-02T11:28:17.198Z,sell,1.5e-06,1051.0,0.0015765
VITE/BTC,1585826897198,2020-04-02T11:28:17.198Z,sell,1.49e-06,4537.0,0.00676013
VITE/BTC,1585826899337,2020-04-02T11:28:19.337Z,sell,1.49e-06,1960.0,0.0029203999999999
VITE/BTC,1585826903090,2020-04-02T11:28:23.090Z,buy,1.51e-06,1545.0,0.00233295
VITE/BTC,1585826903196,2020-04-02T11:28:23.196Z,buy,1.51e-06,2587.0,0.00390637
VITE/BTC,1585826903437,2020-04-02T11:28:23.437Z,buy,1.51e-06,2477.0,0.00374027
VITE/BTC,1585826903514,2020-04-02T11:28:23.514Z,buy,1.51e-06,1545.0,0.00233295
VITE/BTC,1585826903594,2020-04-02T11:28:23.594Z,buy,1.51e-06,3585.0,0.00541335
VITE/BTC,1585826903690,2020-04-02T11:28:23.690Z,buy,1.51e-06,3585.0,0.00541335
VITE/BTC,1585826903833,2020-04-02T11:28:23.833Z,buy,1.51e-06,4586.0,0.00692486
VITE/BTC,1585826903897,2020-04-02T11:28:23.897Z,buy,1.51e-06,2545.0,0.00384295
VITE/BTC,1585826904853,2020-04-02T11:28:24.853Z,buy,1.51e-06,2587.0,0.00390637
VITE/BTC,1585826904949,2020-04-02T11:28:24.949Z,buy,1.51e-06,4586.0,0.00692486
VITE/BTC,1585826905020,2020-04-02T11:28:25.020Z,buy,1.51e-06,2545.0,0.00384295
VITE/BTC,1585826905331,2020-04-02T11:28:25.331Z,buy,1.51e-06,3585.0,0.00541335
VITE/BTC,1585826905624,2020-04-02T11:28:25.624Z,buy,1.51e-06,2477.0,0.00374027
VITE/BTC,1585826907184,2020-04-02T11:28:27.184Z,buy,1.51e-06,4586.0,0.00692486
VITE/BTC,1585826907247,2020-04-02T11:28:27.247Z,buy,1.51e-06,2545.0,0.00384295
VITE/BTC,1585826907405,2020-04-02T11:28:27.405Z,buy,1.51e-06,1545.0,0.00233295
VITE/BTC,1585826907636,2020-04-02T11:28:27.636Z,buy,1.51e-06,3585.0,0.00541335
VITE/BTC,1585826907769,2020-04-02T11:28:27.769Z,buy,1.51e-06,2587.0,0.00390637
VITE/BTC,1585826907859,2020-04-02T11:28:27.859Z,buy,1.51e-06,2477.0,0.00374027
VITE/BTC,1585826909226,2020-04-02T11:28:29.226Z,buy,1.51e-06,201448.0,0.30418648
VITE/BTC,1585826910079,2020-04-02T11:28:30.079Z,buy,1.51e-06,2477.0,0.00374027
VITE/BTC,1585826910133,2020-04-02T11:28:30.133Z,buy,1.51e-06,1545.0,0.00233295
VITE/BTC,1585826910202,2020-04-02T11:28:30.202Z,buy,1.51e-06,3585.0,0.00541335
VITE/BTC,1585826910657,2020-04-02T11:28:30.657Z,sell,1.49e-06,2000.0,0.00298
VITE/BTC,1585826910992,2020-04-02T11:28:30.992Z,buy,1.51e-06,2587.0,0.00390637
VITE/BTC,1585826911057,2020-04-02T11:28:31.057Z,buy,1.51e-06,4586.0,0.00692486
VITE/BTC,1585826911129,2020-04-02T11:28:31.129Z,buy,1.51e-06,2545.0,0.00384295
VITE/BTC,1585826911195,2020-04-02T11:28:31.195Z,buy,1.51e-06,2477.0,0.00374027
VITE/BTC,1585826913927,2020-04-02T11:28:33.927Z,buy,1.51e-06,108793.0,0.16427743
VITE/BTC,1585826913927,2020-04-02T11:28:33.927Z,buy,1.52e-06,258698.0,0.39322096
VITE/BTC,1585826915578,2020-04-02T11:28:35.578Z,buy,1.52e-06,1545.0,0.0023484
VITE/BTC,1585826915817,2020-04-02T11:28:35.817Z,buy,1.52e-06,3585.0,0.0054492
VITE/BTC,1585826915871,2020-04-02T11:28:35.871Z,buy,1.52e-06,2587.0,0.00393224
VITE/BTC,1585826916034,2020-04-02T11:28:36.034Z,buy,1.52e-06,4586.0,0.00697072
VITE/BTC,1585826916068,2020-04-02T11:28:36.068Z,buy,1.52e-06,2545.0,0.0038684
VITE/BTC,1585826916167,2020-04-02T11:28:36.167Z,buy,1.52e-06,2477.0,0.00376504
VITE/BTC,1585826917011,2020-04-02T11:28:37.011Z,buy,1.52e-06,3585.0,0.0054492
VITE/BTC,1585826917084,2020-04-02T11:28:37.084Z,buy,1.52e-06,2587.0,0.00393224
VITE/BTC,1585826917155,2020-04-02T11:28:37.155Z,buy,1.52e-06,4586.0,0.00697072
VITE/BTC,1585826917304,2020-04-02T11:28:37.304Z,buy,1.52e-06,2477.0,0.00376504
VITE/BTC,1585826917413,2020-04-02T11:28:37.413Z,buy,1.52e-06,1545.0,0.0023484
VITE/BTC,1585826917787,2020-04-02T11:28:37.787Z,buy,1.52e-06,2545.0,0.0038684
VITE/BTC,1585826918005,2020-04-02T11:28:38.005Z,sell,1.51e-06,74.0,0.00011174
VITE/BTC,1585826918639,2020-04-02T11:28:38.639Z,buy,1.52e-06,2477.0,0.00376504
VITE/BTC,1585826918906,2020-04-02T11:28:38.906Z,buy,1.52e-06,2587.0,0.00393224
VITE/BTC,1585826918950,2020-04-02T11:28:38.950Z,buy,1.52e-06,4586.0,0.00697072
VITE/BTC,1585826919293,2020-04-02T11:28:39.293Z,buy,1.52e-06,1545.0,0.0023484
VITE/BTC,1585826919344,2020-04-02T11:28:39.344Z,buy,1.52e-06,3585.0,0.0054492
VITE/BTC,1585826920098,2020-04-02T11:28:40.098Z,buy,1.52e-06,215729.0,0.32790808
VITE/BTC,1585826921583,2020-04-02T11:28:41.583Z,buy,1.52e-06,1545.0,0.0023484
VITE/BTC,1585826921642,2020-04-02T11:28:41.642Z,buy,1.52e-06,3585.0,0.0054492
VITE/BTC,1585826921724,2020-04-02T11:28:41.724Z,buy,1.52e-06,2587.0,0.00393224
VITE/BTC,1585826922008,2020-04-02T11:28:42.008Z,buy,1.52e-06,4586.0,0.00697072
VITE/BTC,1585826922099,2020-04-02T11:28:42.099Z,buy,1.52e-06,2545.0,0.0038684
VITE/BTC,1585826922120,2020-04-02T11:28:42.120Z,buy,1.52e-06,2477.0,0.00376504
VITE/BTC,1585826923126,2020-04-02T11:28:43.126Z,buy,1.52e-06,317190.0,0.4821288
VITE/BTC,1585826923947,2020-04-02T11:28:43.947Z,buy,1.52e-06,1545.0,0.0023484
VITE/BTC,1585826924026,2020-04-02T11:28:44.026Z,buy,1.52e-06,3585.0,0.0054492
VITE/BTC,1585826924095,2020-04-02T11:28:44.095Z,buy,1.52e-06,2587.0,0.00393224
VITE/BTC,1585826924264,2020-04-02T11:28:44.264Z,buy,1.52e-06,2545.0,0.0038684
VITE/BTC,1585826924300,2020-04-02T11:28:44.300Z,buy,1.52e-06,2477.0,0.00376504
VITE/BTC,1585826924701,2020-04-02T11:28:44.701Z,buy,1.52e-06,4586.0,0.00697072
VITE/BTC,1585826925565,2020-04-02T11:28:45.565Z,buy,1.52e-06,414335.0,0.6297892
VITE/BTC,1585826925573,2020-04-02T11:28:45.573Z,sell,1.52e-06,37535.0,0.0570532
VITE/BTC,1585826925575,2020-04-02T11:28:45.575Z,sell,1.52e-06,14637.0,0.02224824
VITE/BTC,1585826925578,2020-04-02T11:28:45.578Z,sell,1.52e-06,37535.0,0.0570532
VITE/BTC,1585826925583,2020-04-02T11:28:45.583Z,sell,1.52e-06,3457.0,0.00525464
VITE/BTC,1585826925585,2020-04-02T11:28:45.585Z,buy,1.53e-06,2545.0,0.00389385
VITE/BTC,1585826925595,2020-04-02T11:28:45.595Z,sell,1.52e-06,1213.0,0.00184376
VITE/BTC,1585826925832,2020-04-02T11:28:45.832Z,buy,1.53e-06,37260.0,0.0570078
VITE/BTC,1585826925903,2020-04-02T11:28:45.903Z,buy,1.53e-06,1545.0,0.00236385
VITE/BTC,1585826925907,2020-04-02T11:28:45.907Z,buy,1.53e-06,2477.0,0.00378981
VITE/BTC,1585826925916,2020-04-02T11:28:45.916Z,buy,1.53e-06,2587.0,0.00395811
VITE/BTC,1585826925936,2020-04-02T11:28:45.936Z,buy,1.53e-06,3585.0,0.00548505
VITE/BTC,1585826926113,2020-04-02T11:28:46.113Z,buy,1.53e-06,4586.0,0.00701658
VITE/BTC,1585826927033,2020-04-02T11:28:47.033Z,sell,1.52e-06,684.0,0.00103968
VITE/BTC,1585826928353,2020-04-02T11:28:48.353Z,buy,1.53e-06,6010.0,0.0091953
VITE/BTC,1585826928365,2020-04-02T11:28:48.365Z,sell,1.52e-06,6003.0,0.00912456
VITE/BTC,1585826928804,2020-04-02T11:28:48.804Z,buy,1.53e-06,4586.0,0.00701658
VITE/BTC,1585826928818,2020-04-02T11:28:48.818Z,buy,1.53e-06,2587.0,0.00395811
VITE/BTC,1585826928870,2020-04-02T11:28:48.870Z,buy,1.53e-06,2545.0,0.00389385
VITE/BTC,1585826929116,2020-04-02T11:28:49.116Z,buy,1.53e-06,3585.0,0.00548505
VITE/BTC,1585826929431,2020-04-02T11:28:49.431Z,sell,1.52e-06,1304.0,0.00198208
VITE/BTC,1585826929505,2020-04-02T11:28:49.505Z,buy,1.53e-06,2477.0,0.00378981
VITE/BTC,1585826929655,2020-04-02T11:28:49.655Z,buy,1.53e-06,1545.0,0.00236385
VITE/BTC,1585826929674,2020-04-02T11:28:49.674Z,buy,1.53e-06,2587.0,0.00395811
VITE/BTC,1585826929691,2020-04-02T11:28:49.691Z,buy,1.53e-06,4586.0,0.00701658
VITE/BTC,1585826929730,2020-04-02T11:28:49.730Z,buy,1.53e-06,2545.0,0.00389385
VITE/BTC,1585826929795,2020-04-02T11:28:49.795Z,buy,1.53e-06,2477.0,0.00378981
VITE/BTC,1585826930449,2020-04-02T11:28:50.449Z,sell,1.52e-06,6388.0,0.00970976
VITE/BTC,1585826932011,2020-04-02T11:28:52.011Z,sell,1.51e-06,1032.0,0.00155832
VITE/BTC,1585826932352,2020-04-02T11:28:52.352Z,sell,1.51e-06,774.0,0.00116874
VITE/BTC,1585826933415,2020-04-02T11:28:53.415Z,sell,1.51e-06,998.0,0.00150698
VITE/BTC,1585826933713,2020-04-02T11:28:53.713Z,buy,1.52e-06,1545.0,0.0023484
VITE/BTC,1585826933738,2020-04-02T11:28:53.738Z,buy,1.52e-06,3585.0,0.0054492
VITE/BTC,1585826933777,2020-04-02T11:28:53.777Z,buy,1.52e-06,1545.0,0.0023484
VITE/BTC,1585826933866,2020-04-02T11:28:53.866Z,buy,1.52e-06,3585.0,0.0054492
VITE/BTC,1585826933925,2020-04-02T11:28:53.925Z,buy,1.52e-06,784.0,0.00119168
VITE/BTC,1585826933925,2020-04-02T11:28:53.925Z,buy,1.53e-06,1803.0,0.00275859
VITE/BTC,1585826933969,2020-04-02T11:28:53.969Z,buy,1.53e-06,2545.0,0.00389385
VITE/BTC,1585826934030,2020-04-02T11:28:54.030Z,buy,1.53e-06,4586.0,0.00701658
VITE/BTC,1585826934095,2020-04-02T11:28:54.095Z,buy,1.53e-06,2545.0,0.00389385
VITE/BTC,1585826934148,2020-04-02T11:28:54.148Z,buy,1.53e-06,2477.0,0.00378981
VITE/BTC,1585826934166,2020-04-02T11:28:54.166Z,buy,1.53e-06,1545.0,0.00236385
VITE/BTC,1585826934229,2020-04-02T11:28:54.229Z,buy,1.52e-06,74.0,0.00011248
VITE/BTC,1585826934229,2020-04-02T11:28:54.229Z,buy,1.53e-06,3511.0,0.00537183
VITE/BTC,1585826934362,2020-04-02T11:28:54.362Z,buy,1.53e-06,2587.0,0.00395811
VITE/BTC,1585826934533,2020-04-02T11:28:54.533Z,buy,1.53e-06,4586.0,0.00701658
VITE/BTC,1585826934592,2020-04-02T11:28:54.592Z,buy,1.53e-06,2477.0,0.00378981
VITE/BTC,1585826936090,2020-04-02T11:28:56.090Z,sell,1.51e-06,6256.0,0.00944656
VITE/BTC,1585826936117,2020-04-02T11:28:56.117Z,buy,1.52e-06,1545.0,0.0023484
VITE/BTC,1585826936268,2020-04-02T11:28:56.268Z,buy,1.52e-06,2157.0,0.00327864
VITE/BTC,1585826936268,2020-04-02T11:28:56.268Z,buy,1.53e-06,430.0,0.0006579
VITE/BTC,1585826936360,2020-04-02T11:28:56.360Z,buy,1.53e-06,4586.0,0.00701658
VITE/BTC,1585826936422,2020-04-02T11:28:56.422Z,buy,1.53e-06,2545.0,0.00389385
VITE/BTC,1585826936748,2020-04-02T11:28:56.748Z,buy,1.52e-06,2000.0,0.00304
VITE/BTC,1585826936748,2020-04-02T11:28:56.748Z,buy,1.53e-06,1585.0,0.0024250499999999
VITE/BTC,1585826936748,2020-04-02T11:28:56.748Z,buy,1.52e-06,2000.0,0.00304
VITE/BTC,1585826936748,2020-04-02T11:28:56.748Z,buy,1.53e-06,1585.0,0.0024250499999999
VITE/BTC,1585826937042,2020-04-02T11:28:57.042Z,buy,1.53e-06,2477.0,0.00378981
VITE/BTC,1585826937415,2020-04-02T11:28:57.415Z,sell,1.51e-06,2074.0,0.00313174
VITE/BTC,1585826937421,2020-04-02T11:28:57.421Z,sell,1.5e-06,19515.0,0.0292725
VITE/BTC,1585826937421,2020-04-02T11:28:57.421Z,sell,1.5e-06,1843.0,0.0027645
VITE/BTC,1585826938444,2020-04-02T11:28:58.444Z,sell,1.51e-06,984.0,0.00148584
VITE/BTC,1585826938573,2020-04-02T11:28:58.573Z,buy,1.52e-06,2074.0,0.00315248
VITE/BTC,1585826938573,2020-04-02T11:28:58.573Z,buy,1.53e-06,236354.0,0.36162162
VITE/BTC,1585826939271,2020-04-02T11:28:59.271Z,buy,1.52e-06,730.0,0.0011096
VITE/BTC,1585826939271,2020-04-02T11:28:59.271Z,buy,1.53e-06,815.0,0.00124695
VITE/BTC,1585826939360,2020-04-02T11:28:59.360Z,buy,1.53e-06,3585.0,0.00548505
VITE/BTC,1585826939580,2020-04-02T11:28:59.580Z,buy,1.53e-06,2587.0,0.00395811
VITE/BTC,1585826939650,2020-04-02T11:28:59.650Z,buy,1.53e-06,4586.0,0.00701658
VITE/BTC,1585826939711,2020-04-02T11:28:59.711Z,buy,1.53e-06,2545.0,0.00389385
VITE/BTC,1585826940135,2020-04-02T11:29:00.135Z,sell,1.51e-06,2128.0,0.0032132799999999
VITE/BTC,1585826940342,2020-04-02T11:29:00.342Z,buy,1.52e-06,2477.0,0.00376504
VITE/BTC,1585826940623,2020-04-02T11:29:00.623Z,buy,1.52e-06,1545.0,0.0023484
VITE/BTC,1585826940688,2020-04-02T11:29:00.688Z,buy,1.52e-06,3585.0,0.0054492
VITE/BTC,1585826941090,2020-04-02T11:29:01.090Z,buy,1.52e-06,2477.0,0.00376504
VITE/BTC,1585826941597,2020-04-02T11:29:01.597Z,sell,1.51e-06,24185.0,0.03651935
VITE/BTC,1585826941986,2020-04-02T11:29:01.986Z,buy,1.52e-06,1545.0,0.0023484
VITE/BTC,1585826942352,2020-04-02T11:29:02.352Z,buy,1.52e-06,4586.0,0.00697072
VITE/BTC,1585826942594,2020-04-02T11:29:02.594Z,buy,1.52e-06,3585.0,0.0054492
VITE/BTC,1585826942657,2020-04-02T11:29:02.657Z,buy,1.52e-06,2587.0,0.00393224
VITE/BTC,1585826942995,2020-04-02T11:29:02.995Z,buy,1.52e-06,2025.0,0.003078
VITE/BTC,1585826942995,2020-04-02T11:29:02.995Z,buy,1.53e-06,520.0,0.0007955999999999
VITE/BTC,1585826943128,2020-04-02T11:29:03.128Z,buy,1.53e-06,2477.0,0.00378981
VITE/BTC,1585826944462,2020-04-02T11:29:04.462Z,buy,1.53e-06,234361.0,0.35857233
VITE/BTC,1585826945484,2020-04-02T11:29:05.484Z,buy,1.52e-06,2128.0,0.00323456
VITE/BTC,1585826945484,2020-04-02T11:29:05.484Z,buy,1.53e-06,1457.0,0.00222921
VITE/BTC,1585826945877,2020-04-02T11:29:05.877Z,buy,1.53e-06,2545.0,0.00389385
VITE/BTC,1585826945942,2020-04-02T11:29:05.942Z,buy,1.53e-06,2477.0,0.00378981
VITE/BTC,1585826945951,2020-04-02T11:29:05.951Z,buy,1.53e-06,1545.0,0.00236385
VITE/BTC,1585826946095,2020-04-02T11:29:06.095Z,buy,1.53e-06,1545.0,0.00236385
VITE/BTC,1585826946330,2020-04-02T11:29:06.330Z,buy,1.53e-06,4586.0,0.00701658
VITE/BTC,1585826946391,2020-04-02T11:29:06.391Z,buy,1.53e-06,2587.0,0.00395811
VITE/BTC,1585826947293,2020-04-02T11:29:07.293Z,buy,1.53e-06,234009.0,0.35803377
VITE/BTC,1585826947524,2020-04-02T11:29:07.524Z,sell,1.51e-06,2877.0,0.00434427
VITE/BTC,1585826948076,2020-04-02T11:29:08.076Z,buy,1.53e-06,1545.0,0.00236385
VITE/BTC,1585826948209,2020-04-02T11:29:08.209Z,buy,1.53e-06,2587.0,0.00395811
VITE/BTC,1585826948298,2020-04-02T11:29:08.298Z,buy,1.53e-06,4586.0,0.00701658
VITE/BTC,1585826948390,2020-04-02T11:29:08.390Z,buy,1.53e-06,2545.0,0.00389385
VITE/BTC,1585826948607,2020-04-02T11:29:08.607Z,buy,1.53e-06,2477.0,0.00378981
VITE/BTC,1585826948711,2020-04-02T11:29:08.711Z,buy,1.53e-06,3585.0,0.00548505
VITE/BTC,1585826949154,2020-04-02T11:29:09.154Z,sell,1.52e-06,14682.0,0.02231664
VITE/BTC,1585826949333,2020-04-02T11:29:09.333Z,buy,1.52e-06,10151.0,0.01542952
VITE/BTC,1585826949339,2020-04-02T11:29:09.339Z,sell,1.52e-06,15779.0,0.02398408
VITE/BTC,1585826949653,2020-04-02T11:29:09.653Z,buy,1.53e-06,4586.0,0.00701658
VITE/BTC,1585826949725,2020-04-02T11:29:09.725Z,buy,1.53e-06,2545.0,0.00389385
VITE/BTC,1585826950105,2020-04-02T11:29:10.105Z,buy,1.53e-06,3585.0,0.00548505
VITE/BTC,1585826950116,2020-04-02T11:29:10.116Z,buy,1.53e-06,2587.0,0.00395811
VITE/BTC,1585826950207,2020-04-02T11:29:10.207Z,buy,1.53e-06,2587.0,0.00395811
VITE/BTC,1585826950342,2020-04-02T11:29:10.342Z,buy,1.53e-06,2477.0,0.00378981
VITE/BTC,1585826950431,2020-04-02T11:29:10.431Z,buy,1.53e-06,1545.0,0.00236385
VITE/BTC,1585826950808,2020-04-02T11:29:10.808Z,sell,1.52e-06,111.0,0.00016872
VITE/BTC,1585826950808,2020-04-02T11:29:10.808Z,sell,1.51e-06,2074.0,0.00313174
VITE/BTC,1585826951453,2020-04-02T11:29:11.453Z,buy,1.53e-06,4586.0,0.00701658
VITE/BTC,1585826951531,2020-04-02T11:29:11.531Z,buy,1.53e-06,2545.0,0.00389385
VITE/BTC,1585826951613,2020-04-02T11:29:11.613Z,buy,1.53e-06,2477.0,0.00378981
VITE/BTC,1585826951756,2020-04-02T11:29:11.756Z,buy,1.53e-06,3585.0,0.00548505
VITE/BTC,1585826951776,2020-04-02T11:29:11.776Z,buy,1.53e-06,1545.0,0.00236385
VITE/BTC,1585826951847,2020-04-02T11:29:11.847Z,buy,1.53e-06,2587.0,0.00395811
VITE/BTC,1585826951852,2020-04-02T11:29:11.852Z,buy,1.53e-06,3585.0,0.00548505
VITE/BTC,1585826951956,2020-04-02T11:29:11.956Z,buy,1.53e-06,2587.0,0.00395811
VITE/BTC,1585826952693,2020-04-02T11:29:12.693Z,buy,1.53e-06,140379.0,0.2147798699999999
VITE/BTC,1585826953136,2020-04-02T11:29:13.136Z,sell,1.52e-06,5010.0,0.0076152
VITE/BTC,1585826953688,2020-04-02T11:29:13.688Z,buy,1.53e-06,1545.0,0.00236385
VITE/BTC,1585826953843,2020-04-02T11:29:13.843Z,buy,1.53e-06,2587.0,0.00395811
VITE/BTC,1585826954001,2020-04-02T11:29:14.001Z,buy,1.53e-06,2545.0,0.00389385
VITE/BTC,1585826954056,2020-04-02T11:29:14.056Z,buy,1.53e-06,2477.0,0.00378981
VITE/BTC,1585826954314,2020-04-02T11:29:14.314Z,buy,1.53e-06,3585.0,0.00548505
VITE/BTC,1585826954449,2020-04-02T11:29:14.449Z,buy,1.53e-06,4586.0,0.00701658
VITE/BTC,1585826956465,2020-04-02T11:29:16.465Z,buy,1.53e-06,389902.0,0.59655006
VITE/BTC,1585826957565,2020-04-02T11:29:17.565Z,buy,1.53e-06,4586.0,0.00701658
VITE/BTC,1585826957721,2020-04-02T11:29:17.721Z,buy,1.53e-06,2545.0,0.00389385
VITE/BTC,1585826957876,2020-04-02T11:29:17.876Z,buy,1.53e-06,2587.0,0.00395811
VITE/BTC,1585826958034,2020-04-02T11:29:18.034Z,buy,1.53e-06,4586.0,0.00701658
VITE/BTC,1585826958141,2020-04-02T11:29:18.141Z,buy,1.53e-06,2545.0,0.00389385
VITE/BTC,1585826958278,2020-04-02T11:29:18.278Z,buy,1.53e-06,2477.0,0.00378981
VITE/BTC,1585826958312,2020-04-02T11:29:18.312Z,buy,1.53e-06,1545.0,0.00236385
VITE/BTC,1585826958435,2020-04-02T11:29:18.435Z,buy,1.53e-06,3585.0,0.00548505
VITE/BTC,1585826958460,2020-04-02T11:29:18.460Z,buy,1.53e-06,2587.0,0.00395811
VITE/BTC,1585826959568,2020-04-02T11:29:19.568Z,buy,1.53e-06,2587.0,0.00395811
VITE/BTC,1585826959660,2020-04-02T11:29:19.660Z,buy,1.53e-06,4586.0,0.00701658
VITE/BTC,1585826959966,2020-04-02T11:29:19.966Z,buy,1.53e-06,2477.0,0.00378981
VITE/BTC,1585826960025,2020-04-02T11:29:20.025Z,buy,1.53e-06,1545.0,0.00236385
VITE/BTC,1585826960064,2020-04-02T11:29:20.064Z,buy,1.53e-06,3585.0,0.00548505
VITE/BTC,1585826961749,2020-04-02T11:29:21.749Z,buy,1.53e-06,3585.0,0.00548505
VITE/BTC,1585826961962,2020-04-02T11:29:21.962Z,buy,1.53e-06,4586.0,0.00701658
VITE/BTC,1585826962273,2020-04-02T11:29:22.273Z,buy,1.53e-06,2477.0,0.00378981
VITE/BTC,1585826962276,2020-04-02T11:29:22.276Z,buy,1.53e-06,1545.0,0.00236385
VITE/BTC,1585826962377,2020-04-02T11:29:22.377Z,buy,1.53e-06,2587.0,0.00395811
VITE/BTC,1585826962508,2020-04-02T11:29:22.508Z,buy,1.53e-06,2545.0,0.00389385
VITE/BTC,1585826963554,2020-04-02T11:29:23.554Z,buy,1.53e-06,3585.0,0.00548505
VITE/BTC,1585826963633,2020-04-02T11:29:23.633Z,buy,1.53e-06,2587.0,0.00395811
VITE/BTC,1585826963704,2020-04-02T11:29:23.704Z,buy,1.53e-06,4586.0,0.00701658
VITE/BTC,1585826963958,2020-04-02T11:29:23.958Z,buy,1.53e-06,2477.0,0.00378981
VITE/BTC,1585826964016,2020-04-02T11:29:24.016Z,buy,1.53e-06,1545.0,0.00236385
VITE/BTC,1585826964435,2020-04-02T11:29:24.435Z,buy,1.53e-06,67.0,0.0001025099999999
VITE/BTC,1585826964686,2020-04-02T11:29:24.686Z,buy,1.53e-06,1961.0,0.00300033
VITE/BTC,1585826966287,2020-04-02T11:29:26.287Z,buy,1.53e-06,22851.0,0.03496203
VITE/BTC,1585826966287,2020-04-02T11:29:26.287Z,buy,1.54e-06,146242.0,0.22521268
VITE/BTC,1585826966956,2020-04-02T11:29:26.956Z,buy,1.54e-06,1545.0,0.0023793
VITE/BTC,1585826967266,2020-04-02T11:29:27.266Z,buy,1.54e-06,2587.0,0.00398398
VITE/BTC,1585826967355,2020-04-02T11:29:27.355Z,buy,1.54e-06,4586.0,0.00706244
VITE/BTC,1585826967500,2020-04-02T11:29:27.500Z,buy,1.54e-06,2477.0,0.00381458
VITE/BTC,1585826967716,2020-04-02T11:29:27.716Z,buy,1.54e-06,4714.0,0.00725956
VITE/BTC,1585826967781,2020-04-02T11:29:27.781Z,buy,1.54e-06,3585.0,0.0055209
VITE/BTC,1585826968020,2020-04-02T11:29:28.020Z,buy,1.54e-06,2545.0,0.0039193
VITE/BTC,1585826968607,2020-04-02T11:29:28.607Z,sell,1.52e-06,1813.0,0.00275576
VITE/BTC,1585826968897,2020-04-02T11:29:28.897Z,buy,1.54e-06,2587.0,0.00398398
VITE/BTC,1585826968994,2020-04-02T11:29:28.994Z,buy,1.54e-06,4586.0,0.00706244
VITE/BTC,1585826969083,2020-04-02T11:29:29.083Z,sell,1.52e-06,26125.0,0.03971
VITE/BTC,1585826969131,2020-04-02T11:29:29.131Z,buy,1.52e-06,2477.0,0.00376504
VITE/BTC,1585826969188,2020-04-02T11:29:29.188Z,buy,1.52e-06,1545.0,0.0023484
VITE/BTC,1585826969613,2020-04-02T11:29:29.613Z,buy,1.52e-06,2545.0,0.0038684
VITE/BTC,1585826969839,2020-04-02T11:29:29.839Z,buy,1.52e-06,3585.0,0.0054492
VITE/BTC,1585826971157,2020-04-02T11:29:31.157Z,buy,1.52e-06,25111.0,0.03816872
VITE/BTC,1585826971366,2020-04-02T11:29:31.366Z,buy,1.52e-06,2477.0,0.00376504
VITE/BTC,1585826971750,2020-04-02T11:29:31.750Z,buy,1.52e-06,1977.0,0.00300504
VITE/BTC,1585826972029,2020-04-02T11:29:32.029Z,sell,1.52e-06,1321.0,0.00200792
VITE/BTC,1585826972923,2020-04-02T11:29:32.923Z,buy,1.53e-06,25111.0,0.03841983
VITE/BTC,1585826972923,2020-04-02T11:29:32.923Z,buy,1.54e-06,68080.0,0.1048432
VITE/BTC,1585826974641,2020-04-02T11:29:34.641Z,buy,1.54e-06,3585.0,0.0055209
VITE/BTC,1585826974861,2020-04-02T11:29:34.861Z,buy,1.54e-06,1545.0,0.0023793
VITE/BTC,1585826974977,2020-04-02T11:29:34.977Z,buy,1.54e-06,3585.0,0.0055209
VITE/BTC,1585826975147,2020-04-02T11:29:35.147Z,buy,1.54e-06,2587.0,0.00398398
VITE/BTC,1585826975242,2020-04-02T11:29:35.242Z,buy,1.54e-06,4586.0,0.00706244
VITE/BTC,1585826975314,2020-04-02T11:29:35.314Z,buy,1.54e-06,2545.0,0.0039193
VITE/BTC,1585826975384,2020-04-02T11:29:35.384Z,buy,1.54e-06,2477.0,0.00381458
VITE/BTC,1585826975440,2020-04-02T11:29:35.440Z,buy,1.54e-06,1545.0,0.0023793
VITE/BTC,1585826975633,2020-04-02T11:29:35.633Z,buy,1.54e-06,2587.0,0.00398398
VITE/BTC,1585826975663,2020-04-02T11:29:35.663Z,buy,1.54e-06,4586.0,0.00706244
VITE/BTC,1585826981268,2020-04-02T11:29:41.268Z,buy,1.53e-06,1545.0,0.00236385
VITE/BTC,1585826981631,2020-04-02T11:29:41.631Z,buy,1.53e-06,2587.0,0.00395811
VITE/BTC,1585826981632,2020-04-02T11:29:41.632Z,buy,1.53e-06,4586.0,0.00701658
VITE/BTC,1585826981759,2020-04-02T11:29:41.759Z,buy,1.53e-06,2545.0,0.00389385
VITE/BTC,1585826981848,2020-04-02T11:29:41.848Z,buy,1.54e-06,2477.0,0.00381458
VITE/BTC,1585826982103,2020-04-02T11:29:42.103Z,buy,1.54e-06,3585.0,0.0055209
VITE/BTC,1585826982967,2020-04-02T11:29:42.967Z,buy,1.54e-06,2477.0,0.00381458
VITE/BTC,1585826983115,2020-04-02T11:29:43.115Z,buy,1.54e-06,3585.0,0.0055209
VITE/BTC,1585826983285,2020-04-02T11:29:43.285Z,buy,1.54e-06,4586.0,0.00706244
VITE/BTC,1585826983358,2020-04-02T11:29:43.358Z,buy,1.54e-06,2545.0,0.0039193
VITE/BTC,1585826983604,2020-04-02T11:29:43.604Z,buy,1.54e-06,1545.0,0.0023793
VITE/BTC,1585826983741,2020-04-02T11:29:43.741Z,buy,1.54e-06,2587.0,0.00398398
VITE/BTC,1585826984639,2020-04-02T11:29:44.639Z,buy,1.54e-06,4586.0,0.00706244
VITE/BTC,1585826984690,2020-04-02T11:29:44.690Z,buy,1.54e-06,2545.0,0.0039193
VITE/BTC,1585826984791,2020-04-02T11:29:44.791Z,buy,1.54e-06,2477.0,0.00381458
VITE/BTC,1585826984858,2020-04-02T11:29:44.858Z,buy,1.54e-06,1545.0,0.0023793
VITE/BTC,1585826985091,2020-04-02T11:29:45.091Z,buy,1.54e-06,3585.0,0.0055209
VITE/BTC,1585826987301,2020-04-02T11:29:47.301Z,buy,1.54e-06,243459.0,0.37492686
VITE/BTC,1585826987558,2020-04-02T11:29:47.558Z,buy,1.54e-06,849067.0,1.30756318
VITE/BTC,1585826988650,2020-04-02T11:29:48.650Z,buy,1.54e-06,3585.0,0.0055209
VITE/BTC,1585826988679,2020-04-02T11:29:48.679Z,buy,1.54e-06,2587.0,0.00398398
VITE/BTC,1585826988727,2020-04-02T11:29:48.727Z,buy,1.54e-06,4586.0,0.00706244
VITE/BTC,1585826988871,2020-04-02T11:29:48.871Z,buy,1.54e-06,2477.0,0.00381458
VITE/BTC,1585826988891,2020-04-02T11:29:48.891Z,buy,1.54e-06,2545.0,0.0039193
VITE/BTC,1585826988908,2020-04-02T11:29:48.908Z,buy,1.54e-06,1545.0,0.0023793
