symbol,timestamp,datetime,side,price,amount,btc_volume
WABI/BTC,1563732000920,2019-07-21T18:00:00.920Z,buy,1.461e-05,18.0,0.00026298
WABI/BTC,1563732001929,2019-07-21T18:00:01.929Z,buy,1.46e-05,15.0,0.000219
WABI/BTC,1563732001929,2019-07-21T18:00:01.929Z,buy,1.46e-05,518.0,0.0075628
WABI/BTC,1563732010059,2019-07-21T18:00:10.059Z,buy,1.461e-05,477.0,0.00696897
WABI/BTC,1563732016040,2019-07-21T18:00:16.040Z,buy,1.461e-05,480.0,0.0070128
WABI/BTC,1563732029071,2019-07-21T18:00:29.071Z,sell,1.461e-05,1000.0,0.01461
WABI/BTC,1563732029881,2019-07-21T18:00:29.881Z,sell,1.46e-05,239.0,0.0034894
WABI/BTC,1563732030921,2019-07-21T18:00:30.921Z,buy,1.466e-05,2.0,2.932e-05
WABI/BTC,1563732034847,2019-07-21T18:00:34.847Z,sell,1.46e-05,1203.0,0.0175638
WABI/BTC,1563732034870,2019-07-21T18:00:34.870Z,buy,1.462e-05,2.0,2.924e-05
WABI/BTC,1563732034968,2019-07-21T18:00:34.968Z,buy,1.461e-05,183.0,0.00267363
WABI/BTC,1563732036218,2019-07-21T18:00:36.218Z,buy,1.459e-05,60.0,0.0008753999999999
WABI/BTC,1563732042525,2019-07-21T18:00:42.525Z,sell,1.454e-05,507.0,0.00737178
WABI/BTC,1563732046532,2019-07-21T18:00:46.532Z,sell,1.454e-05,1740.0,0.0252996
WABI/BTC,1563732046532,2019-07-21T18:00:46.532Z,sell,1.453e-05,3317.0,0.04819601
WABI/BTC,1563732048067,2019-07-21T18:00:48.067Z,buy,1.456e-05,274.0,0.0039894399999999
WABI/BTC,1563732048773,2019-07-21T18:00:48.773Z,buy,1.456e-05,274.0,0.0039894399999999
WABI/BTC,1563732050241,2019-07-21T18:00:50.241Z,buy,1.456e-05,112.0,0.00163072
WABI/BTC,1563732058292,2019-07-21T18:00:58.292Z,buy,1.461e-05,10.0,0.0001461
WABI/BTC,1563732058292,2019-07-21T18:00:58.292Z,buy,1.466e-05,273.0,0.00400218
WABI/BTC,1563732078826,2019-07-21T18:01:18.826Z,buy,1.465e-05,54.0,0.0007911
WABI/BTC,1563732078826,2019-07-21T18:01:18.826Z,buy,1.467e-05,403.0,0.00591201
WABI/BTC,1563732078826,2019-07-21T18:01:18.826Z,buy,1.468e-05,147.0,0.00215796
WABI/BTC,1563732078826,2019-07-21T18:01:18.826Z,buy,1.469e-05,377.0,0.00553813
WABI/BTC,1563732078826,2019-07-21T18:01:18.826Z,buy,1.47e-05,19.0,0.0002793
WABI/BTC,1563732093306,2019-07-21T18:01:33.306Z,buy,1.465e-05,206.0,0.0030179
WABI/BTC,1563732093417,2019-07-21T18:01:33.417Z,buy,1.464e-05,158.0,0.00231312
WABI/BTC,1563732095876,2019-07-21T18:01:35.876Z,sell,1.461e-05,10.0,0.0001461
WABI/BTC,1563732095876,2019-07-21T18:01:35.876Z,sell,1.457e-05,364.0,0.00530348
WABI/BTC,1563732095876,2019-07-21T18:01:35.876Z,sell,1.456e-05,336.0,0.0048921599999999
WABI/BTC,1563732139898,2019-07-21T18:02:19.898Z,sell,1.458e-05,123.0,0.0017933399999999
WABI/BTC,1563732139898,2019-07-21T18:02:19.898Z,sell,1.457e-05,268.0,0.0039047599999999
WABI/BTC,1563732139898,2019-07-21T18:02:19.898Z,sell,1.456e-05,409.0,0.00595504
WABI/BTC,1563732149366,2019-07-21T18:02:29.366Z,sell,1.458e-05,1000.0,0.01458
WABI/BTC,1563732149366,2019-07-21T18:02:29.366Z,sell,1.456e-05,15042.0,0.21901152
WABI/BTC,1563732178832,2019-07-21T18:02:58.832Z,sell,1.457e-05,310.0,0.0045167
WABI/BTC,1563732182668,2019-07-21T18:03:02.668Z,sell,1.456e-05,274.0,0.0039894399999999
WABI/BTC,1563732241453,2019-07-21T18:04:01.453Z,sell,1.454e-05,1332.0,0.01936728
WABI/BTC,1563732268784,2019-07-21T18:04:28.784Z,sell,1.453e-05,9.0,0.00013077
WABI/BTC,1563732282376,2019-07-21T18:04:42.376Z,sell,1.453e-05,1.0,1.453e-05
WABI/BTC,1563732282505,2019-07-21T18:04:42.505Z,buy,1.453e-05,60.0,0.0008717999999999
WABI/BTC,1563732283960,2019-07-21T18:04:43.960Z,buy,1.453e-05,2.0,2.906e-05
WABI/BTC,1563732308692,2019-07-21T18:05:08.692Z,sell,1.452e-05,262.0,0.00380424
WABI/BTC,1563732323569,2019-07-21T18:05:23.569Z,sell,1.451e-05,105.0,0.00152355
WABI/BTC,1563732323569,2019-07-21T18:05:23.569Z,sell,1.45e-05,355.0,0.0051475
WABI/BTC,1563732323569,2019-07-21T18:05:23.569Z,sell,1.45e-05,7145.0,0.1036025
WABI/BTC,1563732323569,2019-07-21T18:05:23.569Z,sell,1.45e-05,7145.0,0.1036025
WABI/BTC,1563732324611,2019-07-21T18:05:24.611Z,buy,1.451e-05,2.0,2.902e-05
WABI/BTC,1563732324739,2019-07-21T18:05:24.739Z,sell,1.45e-05,8.0,0.000116
WABI/BTC,1563732344595,2019-07-21T18:05:44.595Z,sell,1.45e-05,4182.0,0.060639
WABI/BTC,1563732353093,2019-07-21T18:05:53.093Z,sell,1.45e-05,540.0,0.00783
WABI/BTC,1563732363727,2019-07-21T18:06:03.727Z,buy,1.45e-05,372.0,0.005394
WABI/BTC,1563732363727,2019-07-21T18:06:03.727Z,buy,1.451e-05,717.0,0.01040367
WABI/BTC,1563732363861,2019-07-21T18:06:03.861Z,sell,1.452e-05,1702.0,0.02471304
WABI/BTC,1563732363865,2019-07-21T18:06:03.865Z,sell,1.452e-05,4084.0,0.05929968
WABI/BTC,1563732369879,2019-07-21T18:06:09.879Z,sell,1.449e-05,487.0,0.00705663
WABI/BTC,1563732397523,2019-07-21T18:06:37.523Z,sell,1.449e-05,4912.0,0.07117488
WABI/BTC,1563732402093,2019-07-21T18:06:42.093Z,buy,1.449e-05,3154.0,0.04570146
WABI/BTC,1563732410907,2019-07-21T18:06:50.907Z,sell,1.449e-05,439.0,0.00636111
WABI/BTC,1563732417881,2019-07-21T18:06:57.881Z,sell,1.45e-05,1099.0,0.0159355
WABI/BTC,1563732417883,2019-07-21T18:06:57.883Z,buy,1.452e-05,1781.0,0.02586012
WABI/BTC,1563732425091,2019-07-21T18:07:05.091Z,sell,1.449e-05,155.0,0.00224595
WABI/BTC,1563732446470,2019-07-21T18:07:26.470Z,buy,1.453e-05,98.0,0.00142394
WABI/BTC,1563732446538,2019-07-21T18:07:26.538Z,buy,1.46e-05,68.0,0.0009928
WABI/BTC,1563732446552,2019-07-21T18:07:26.552Z,buy,1.46e-05,210.0,0.003066
WABI/BTC,1563732448267,2019-07-21T18:07:28.267Z,buy,1.458e-05,370.0,0.0053945999999999
WABI/BTC,1563732472633,2019-07-21T18:07:52.633Z,buy,1.458e-05,90.0,0.0013122
WABI/BTC,1563732492706,2019-07-21T18:08:12.706Z,buy,1.454e-05,60.0,0.0008724
WABI/BTC,1563732611322,2019-07-21T18:10:11.322Z,sell,1.456e-05,58.0,0.00084448
WABI/BTC,1563732667264,2019-07-21T18:11:07.264Z,buy,1.461e-05,409.0,0.00597549
WABI/BTC,1563732667264,2019-07-21T18:11:07.264Z,buy,1.462e-05,205.0,0.0029971
WABI/BTC,1563732667264,2019-07-21T18:11:07.264Z,buy,1.463e-05,105.0,0.00153615
WABI/BTC,1563732667264,2019-07-21T18:11:07.264Z,buy,1.464e-05,361.0,0.00528504
WABI/BTC,1563732667264,2019-07-21T18:11:07.264Z,buy,1.465e-05,1216.0,0.0178144
WABI/BTC,1563732667264,2019-07-21T18:11:07.264Z,buy,1.466e-05,3972.0,0.05822952
WABI/BTC,1563732667264,2019-07-21T18:11:07.264Z,buy,1.467e-05,123.0,0.00180441
WABI/BTC,1563732667264,2019-07-21T18:11:07.264Z,buy,1.468e-05,10.0,0.0001468
WABI/BTC,1563732667264,2019-07-21T18:11:07.264Z,buy,1.47e-05,664.0,0.0097608
WABI/BTC,1563732667264,2019-07-21T18:11:07.264Z,buy,1.471e-05,1982.0,0.02915522
WABI/BTC,1563732667264,2019-07-21T18:11:07.264Z,buy,1.472e-05,204.0,0.00300288
WABI/BTC,1563732667264,2019-07-21T18:11:07.264Z,buy,1.473e-05,135.0,0.00198855
WABI/BTC,1563732667264,2019-07-21T18:11:07.264Z,buy,1.476e-05,378.0,0.00557928
WABI/BTC,1563732667264,2019-07-21T18:11:07.264Z,buy,1.477e-05,3253.0,0.0480468099999999
WABI/BTC,1563732667264,2019-07-21T18:11:07.264Z,buy,1.478e-05,4739.0,0.07004242
WABI/BTC,1563732667264,2019-07-21T18:11:07.264Z,buy,1.484e-05,10.0,0.0001484
WABI/BTC,1563732667264,2019-07-21T18:11:07.264Z,buy,1.485e-05,3133.0,0.04652505
WABI/BTC,1563732667264,2019-07-21T18:11:07.264Z,buy,1.489e-05,6875.0,0.10236875
WABI/BTC,1563732667264,2019-07-21T18:11:07.264Z,buy,1.491e-05,10.0,0.0001491
WABI/BTC,1563732667264,2019-07-21T18:11:07.264Z,buy,1.494e-05,93.0,0.00138942
WABI/BTC,1563732667264,2019-07-21T18:11:07.264Z,buy,1.496e-05,4989.0,0.07463544
WABI/BTC,1563732667264,2019-07-21T18:11:07.264Z,buy,1.498e-05,1521.0,0.02278458
WABI/BTC,1563732667467,2019-07-21T18:11:07.467Z,sell,1.471e-05,60.0,0.0008826
WABI/BTC,1563732671407,2019-07-21T18:11:11.407Z,sell,1.484e-05,10.0,0.0001484
WABI/BTC,1563732673370,2019-07-21T18:11:13.370Z,sell,1.483e-05,60.0,0.0008898
WABI/BTC,1563732673464,2019-07-21T18:11:13.464Z,sell,1.483e-05,125.0,0.00185375
WABI/BTC,1563732673578,2019-07-21T18:11:13.578Z,sell,1.483e-05,50.0,0.0007415
WABI/BTC,1563732673934,2019-07-21T18:11:13.934Z,sell,1.483e-05,438.0,0.00649554
WABI/BTC,1563732693397,2019-07-21T18:11:33.397Z,buy,1.482e-05,7.0,0.00010374
WABI/BTC,1563732695129,2019-07-21T18:11:35.129Z,buy,1.482e-05,38.0,0.00056316
WABI/BTC,1563732700326,2019-07-21T18:11:40.326Z,sell,1.476e-05,20.0,0.0002951999999999
WABI/BTC,1563732700326,2019-07-21T18:11:40.326Z,sell,1.47e-05,290.0,0.004263
WABI/BTC,1563732708096,2019-07-21T18:11:48.096Z,sell,1.47e-05,308.0,0.0045276
WABI/BTC,1563732708224,2019-07-21T18:11:48.224Z,sell,1.47e-05,36.0,0.0005292
WABI/BTC,1563732735087,2019-07-21T18:12:15.087Z,buy,1.476e-05,1819.0,0.0268484399999999
WABI/BTC,1563732735087,2019-07-21T18:12:15.087Z,buy,1.482e-05,344.0,0.00509808
WABI/BTC,1563732735087,2019-07-21T18:12:15.087Z,buy,1.483e-05,6228.0,0.09236124
WABI/BTC,1563732735087,2019-07-21T18:12:15.087Z,buy,1.484e-05,58.0,0.00086072
WABI/BTC,1563732735087,2019-07-21T18:12:15.087Z,buy,1.485e-05,1958.0,0.0290763
WABI/BTC,1563732735087,2019-07-21T18:12:15.087Z,buy,1.487e-05,479.0,0.00712273
WABI/BTC,1563732743939,2019-07-21T18:12:23.939Z,sell,1.482e-05,535.0,0.0079287
WABI/BTC,1563732747463,2019-07-21T18:12:27.463Z,buy,1.484e-05,535.0,0.0079394
WABI/BTC,1563732749123,2019-07-21T18:12:29.123Z,sell,1.485e-05,705.0,0.01046925
WABI/BTC,1563732749130,2019-07-21T18:12:29.130Z,sell,1.485e-05,334.0,0.0049599
WABI/BTC,1563732757158,2019-07-21T18:12:37.158Z,buy,1.487e-05,2.0,2.974e-05
WABI/BTC,1563732760075,2019-07-21T18:12:40.075Z,buy,1.485e-05,10.0,0.0001485
WABI/BTC,1563732760075,2019-07-21T18:12:40.075Z,buy,1.486e-05,7.0,0.00010402
WABI/BTC,1563732760075,2019-07-21T18:12:40.075Z,buy,1.487e-05,112.0,0.00166544
WABI/BTC,1563732763059,2019-07-21T18:12:43.059Z,buy,1.487e-05,2.0,2.974e-05
WABI/BTC,1563732764145,2019-07-21T18:12:44.145Z,sell,1.484e-05,283.0,0.00419972
WABI/BTC,1563732769590,2019-07-21T18:12:49.590Z,buy,1.487e-05,66.0,0.00098142
WABI/BTC,1563732769921,2019-07-21T18:12:49.921Z,sell,1.485e-05,34.0,0.0005049
WABI/BTC,1563732770148,2019-07-21T18:12:50.148Z,sell,1.485e-05,378.0,0.0056133
WABI/BTC,1563732776440,2019-07-21T18:12:56.440Z,buy,1.483e-05,394.0,0.00584302
WABI/BTC,1563732779200,2019-07-21T18:12:59.200Z,buy,1.483e-05,269.0,0.00398927
WABI/BTC,1563732787174,2019-07-21T18:13:07.174Z,sell,1.48e-05,535.0,0.007918
WABI/BTC,1563732802186,2019-07-21T18:13:22.186Z,buy,1.483e-05,2.0,2.966e-05
WABI/BTC,1563732808927,2019-07-21T18:13:28.927Z,buy,1.483e-05,533.0,0.00790439
WABI/BTC,1563732814501,2019-07-21T18:13:34.501Z,sell,1.484e-05,19.0,0.00028196
WABI/BTC,1563732819780,2019-07-21T18:13:39.780Z,sell,1.484e-05,60.0,0.0008904
WABI/BTC,1563732856336,2019-07-21T18:14:16.336Z,buy,1.485e-05,7.0,0.00010395
WABI/BTC,1563732857062,2019-07-21T18:14:17.062Z,buy,1.487e-05,409.0,0.00608183
WABI/BTC,1563732868088,2019-07-21T18:14:28.088Z,buy,1.491e-05,20.0,0.0002982
WABI/BTC,1563732868088,2019-07-21T18:14:28.088Z,buy,1.493e-05,675.0,0.01007775
WABI/BTC,1563732876581,2019-07-21T18:14:36.581Z,sell,1.487e-05,411.0,0.00611157
WABI/BTC,1563732876581,2019-07-21T18:14:36.581Z,sell,1.486e-05,489.0,0.00726654
WABI/BTC,1563732877719,2019-07-21T18:14:37.719Z,buy,1.493e-05,419.0,0.00625567
WABI/BTC,1563732887330,2019-07-21T18:14:47.330Z,buy,1.488e-05,817.0,0.01215696
WABI/BTC,1563732887330,2019-07-21T18:14:47.330Z,buy,1.493e-05,1123.0,0.01676639
WABI/BTC,1563732887502,2019-07-21T18:14:47.502Z,buy,1.493e-05,79.0,0.00117947
WABI/BTC,1563732888519,2019-07-21T18:14:48.519Z,buy,1.492e-05,411.0,0.00613212
WABI/BTC,1563732888519,2019-07-21T18:14:48.519Z,buy,1.493e-05,945.0,0.01410885
WABI/BTC,1563732893558,2019-07-21T18:14:53.558Z,buy,1.49e-05,3273.0,0.0487677
WABI/BTC,1563732893559,2019-07-21T18:14:53.559Z,sell,1.488e-05,597.0,0.00888336
WABI/BTC,1563732893958,2019-07-21T18:14:53.958Z,sell,1.487e-05,450.0,0.0066915
WABI/BTC,1563732901213,2019-07-21T18:15:01.213Z,sell,1.487e-05,411.0,0.00611157
WABI/BTC,1563732902309,2019-07-21T18:15:02.309Z,buy,1.491e-05,179.0,0.0026688899999999
WABI/BTC,1563732921014,2019-07-21T18:15:21.014Z,buy,1.491e-05,316.0,0.00471156
WABI/BTC,1563732932103,2019-07-21T18:15:32.103Z,sell,1.486e-05,621.0,0.00922806
WABI/BTC,1563732952237,2019-07-21T18:15:52.237Z,sell,1.486e-05,3338.0,0.04960268
WABI/BTC,1563732955012,2019-07-21T18:15:55.012Z,buy,1.491e-05,202.0,0.00301182
WABI/BTC,1563732968839,2019-07-21T18:16:08.839Z,buy,1.491e-05,34.0,0.00050694
WABI/BTC,1563733007120,2019-07-21T18:16:47.120Z,buy,1.49e-05,41.0,0.0006108999999999
WABI/BTC,1563733007120,2019-07-21T18:16:47.120Z,buy,1.491e-05,24.0,0.00035784
WABI/BTC,1563733017479,2019-07-21T18:16:57.479Z,buy,1.49e-05,411.0,0.0061239
WABI/BTC,1563733025841,2019-07-21T18:17:05.841Z,sell,1.49e-05,5235.0,0.0780015
WABI/BTC,1563733061263,2019-07-21T18:17:41.263Z,sell,1.487e-05,74.0,0.00110038
WABI/BTC,1563733061263,2019-07-21T18:17:41.263Z,sell,1.485e-05,1676.0,0.0248886
WABI/BTC,1563733061263,2019-07-21T18:17:41.263Z,sell,1.484e-05,1178.0,0.01748152
WABI/BTC,1563733061263,2019-07-21T18:17:41.263Z,sell,1.483e-05,1130.0,0.0167579
WABI/BTC,1563733065382,2019-07-21T18:17:45.382Z,sell,1.484e-05,60.0,0.0008904
WABI/BTC,1563733065382,2019-07-21T18:17:45.382Z,sell,1.483e-05,5.0,7.415e-05
WABI/BTC,1563733105215,2019-07-21T18:18:25.215Z,buy,1.488e-05,2328.0,0.03464064
WABI/BTC,1563733152107,2019-07-21T18:19:12.107Z,sell,1.483e-05,5000.0,0.07415
WABI/BTC,1563733156047,2019-07-21T18:19:16.047Z,sell,1.483e-05,310.0,0.0045973
WABI/BTC,1563733156141,2019-07-21T18:19:16.141Z,sell,1.483e-05,4490.0,0.0665867
WABI/BTC,1563733163861,2019-07-21T18:19:23.861Z,sell,1.483e-05,695.0,0.01030685
WABI/BTC,1563733168261,2019-07-21T18:19:28.261Z,buy,1.486e-05,337.0,0.00500782
WABI/BTC,1563733169758,2019-07-21T18:19:29.758Z,sell,1.483e-05,78.0,0.00115674
WABI/BTC,1563733170368,2019-07-21T18:19:30.368Z,buy,1.486e-05,337.0,0.00500782
WABI/BTC,1563733182462,2019-07-21T18:19:42.462Z,sell,1.483e-05,11800.0,0.174994
WABI/BTC,1563733183244,2019-07-21T18:19:43.244Z,sell,1.483e-05,1717.0,0.02546311
WABI/BTC,1563733191203,2019-07-21T18:19:51.203Z,sell,1.483e-05,1780.0,0.0263974
WABI/BTC,1563733191384,2019-07-21T18:19:51.384Z,buy,1.483e-05,44.0,0.00065252
WABI/BTC,1563733201383,2019-07-21T18:20:01.383Z,buy,1.478e-05,60.0,0.0008868
WABI/BTC,1563733201429,2019-07-21T18:20:01.429Z,buy,1.477e-05,60.0,0.0008862
WABI/BTC,1563733232069,2019-07-21T18:20:32.069Z,sell,1.476e-05,268.0,0.00395568
WABI/BTC,1563733232069,2019-07-21T18:20:32.069Z,sell,1.469e-05,328.0,0.00481832
WABI/BTC,1563733232069,2019-07-21T18:20:32.069Z,sell,1.468e-05,17.0,0.00024956
WABI/BTC,1563733232069,2019-07-21T18:20:32.069Z,sell,1.466e-05,400.0,0.005864
WABI/BTC,1563733232069,2019-07-21T18:20:32.069Z,sell,1.465e-05,1418.0,0.0207737
WABI/BTC,1563733232069,2019-07-21T18:20:32.069Z,sell,1.464e-05,3000.0,0.04392
WABI/BTC,1563733232069,2019-07-21T18:20:32.069Z,sell,1.463e-05,895.0,0.01309385
WABI/BTC,1563733232069,2019-07-21T18:20:32.069Z,sell,1.462e-05,2700.0,0.039474
WABI/BTC,1563733232069,2019-07-21T18:20:32.069Z,sell,1.461e-05,1849.0,0.02701389
WABI/BTC,1563733233608,2019-07-21T18:20:33.608Z,sell,1.462e-05,268.0,0.00391816
WABI/BTC,1563733238747,2019-07-21T18:20:38.747Z,buy,1.461e-05,259.0,0.00378399
WABI/BTC,1563733248705,2019-07-21T18:20:48.705Z,sell,1.462e-05,535.0,0.0078217
WABI/BTC,1563733248705,2019-07-21T18:20:48.705Z,sell,1.461e-05,5105.0,0.07458405
WABI/BTC,1563733271030,2019-07-21T18:21:11.030Z,buy,1.465e-05,257.0,0.00376505
WABI/BTC,1563733278106,2019-07-21T18:21:18.106Z,buy,1.465e-05,71.0,0.00104015
WABI/BTC,1563733278415,2019-07-21T18:21:18.415Z,sell,1.465e-05,60.0,0.000879
WABI/BTC,1563733280404,2019-07-21T18:21:20.404Z,sell,1.465e-05,1938.0,0.0283917
WABI/BTC,1563733283235,2019-07-21T18:21:23.235Z,buy,1.466e-05,1083.0,0.01587678
WABI/BTC,1563733284282,2019-07-21T18:21:24.282Z,sell,1.466e-05,33.0,0.00048378
WABI/BTC,1563733339835,2019-07-21T18:22:19.835Z,sell,1.462e-05,416.0,0.00608192
WABI/BTC,1563733339835,2019-07-21T18:22:19.835Z,sell,1.461e-05,3078.0,0.04496958
WABI/BTC,1563733361967,2019-07-21T18:22:41.967Z,sell,1.462e-05,535.0,0.0078217
WABI/BTC,1563733361967,2019-07-21T18:22:41.967Z,sell,1.461e-05,22.0,0.00032142
WABI/BTC,1563733388204,2019-07-21T18:23:08.204Z,buy,1.463e-05,10.0,0.0001463
WABI/BTC,1563733388461,2019-07-21T18:23:08.461Z,sell,1.461e-05,310.0,0.0045291
WABI/BTC,1563733405845,2019-07-21T18:23:25.845Z,sell,1.461e-05,7.0,0.00010227
WABI/BTC,1563733406379,2019-07-21T18:23:26.379Z,sell,1.461e-05,7.0,0.00010227
WABI/BTC,1563733422421,2019-07-21T18:23:42.421Z,buy,1.464e-05,1871.0,0.02739144
WABI/BTC,1563733450378,2019-07-21T18:24:10.378Z,buy,1.465e-05,487.0,0.00713455
WABI/BTC,1563733468117,2019-07-21T18:24:28.117Z,buy,1.465e-05,24.0,0.0003516
WABI/BTC,1563733484581,2019-07-21T18:24:44.581Z,buy,1.468e-05,860.0,0.0126248
WABI/BTC,1563733487578,2019-07-21T18:24:47.578Z,buy,1.468e-05,860.0,0.0126248
WABI/BTC,1563733493017,2019-07-21T18:24:53.017Z,buy,1.47e-05,99.0,0.0014553
WABI/BTC,1563733510993,2019-07-21T18:25:10.993Z,buy,1.47e-05,2.0,2.94e-05
WABI/BTC,1563733520268,2019-07-21T18:25:20.268Z,buy,1.47e-05,2.0,2.94e-05
WABI/BTC,1563733555084,2019-07-21T18:25:55.084Z,sell,1.464e-05,80.0,0.0011712
WABI/BTC,1563733564316,2019-07-21T18:26:04.316Z,sell,1.464e-05,415.0,0.0060756
WABI/BTC,1563733564316,2019-07-21T18:26:04.316Z,sell,1.463e-05,4476.0,0.06548388
WABI/BTC,1563733585034,2019-07-21T18:26:25.034Z,buy,1.465e-05,7.0,0.00010255
WABI/BTC,1563733612680,2019-07-21T18:26:52.680Z,buy,1.467e-05,1070.0,0.0156969
WABI/BTC,1563733624163,2019-07-21T18:27:04.163Z,sell,1.468e-05,310.0,0.0045508
WABI/BTC,1563733629776,2019-07-21T18:27:09.776Z,sell,1.468e-05,12.0,0.00017616
WABI/BTC,1563733666665,2019-07-21T18:27:46.665Z,sell,1.468e-05,164.0,0.00240752
WABI/BTC,1563733714944,2019-07-21T18:28:34.944Z,sell,1.469e-05,1851.0,0.02719119
WABI/BTC,1563733719069,2019-07-21T18:28:39.069Z,buy,1.47e-05,2.0,2.94e-05
WABI/BTC,1563733743149,2019-07-21T18:29:03.149Z,buy,1.469e-05,265.0,0.0038928499999999
WABI/BTC,1563733743149,2019-07-21T18:29:03.149Z,buy,1.47e-05,4058.0,0.0596526
WABI/BTC,1563733771095,2019-07-21T18:29:31.095Z,buy,1.471e-05,167.0,0.00245657
WABI/BTC,1563733795532,2019-07-21T18:29:55.532Z,sell,1.47e-05,179.0,0.0026313
WABI/BTC,1563733801620,2019-07-21T18:30:01.620Z,buy,1.471e-05,597.0,0.00878187
WABI/BTC,1563733815713,2019-07-21T18:30:15.713Z,buy,1.471e-05,1051.0,0.01546021
WABI/BTC,1563733827416,2019-07-21T18:30:27.416Z,buy,1.471e-05,784.0,0.01153264
WABI/BTC,1563733834184,2019-07-21T18:30:34.184Z,sell,1.471e-05,1045.0,0.01537195
WABI/BTC,1563733840967,2019-07-21T18:30:40.967Z,sell,1.47e-05,10192.0,0.1498224
WABI/BTC,1563733841013,2019-07-21T18:30:41.013Z,sell,1.468e-05,115.0,0.0016882
WABI/BTC,1563733846826,2019-07-21T18:30:46.826Z,sell,1.468e-05,2067.0,0.03034356
WABI/BTC,1563733870215,2019-07-21T18:31:10.215Z,sell,1.468e-05,310.0,0.0045508
WABI/BTC,1563733889064,2019-07-21T18:31:29.064Z,sell,1.468e-05,167.0,0.00245156
WABI/BTC,1563733931581,2019-07-21T18:32:11.581Z,sell,1.468e-05,1027.0,0.01507636
WABI/BTC,1563733944705,2019-07-21T18:32:24.705Z,buy,1.471e-05,2.0,2.942e-05
WABI/BTC,1563733945549,2019-07-21T18:32:25.549Z,sell,1.469e-05,1565.0,0.02298985
WABI/BTC,1563733945594,2019-07-21T18:32:25.594Z,buy,1.471e-05,2.0,2.942e-05
WABI/BTC,1563733951941,2019-07-21T18:32:31.941Z,buy,1.471e-05,2.0,2.942e-05
WABI/BTC,1563733970845,2019-07-21T18:32:50.845Z,sell,1.468e-05,101.0,0.00148268
WABI/BTC,1563733970932,2019-07-21T18:32:50.932Z,sell,1.468e-05,1062.0,0.01559016
WABI/BTC,1563734047100,2019-07-21T18:34:07.100Z,sell,1.468e-05,12.0,0.00017616
WABI/BTC,1563734080545,2019-07-21T18:34:40.545Z,sell,1.468e-05,2009.0,0.02949212
WABI/BTC,1563734096326,2019-07-21T18:34:56.326Z,sell,1.464e-05,1845.0,0.0270108
WABI/BTC,1563734121638,2019-07-21T18:35:21.638Z,sell,1.463e-05,273.0,0.00399399
WABI/BTC,1563734121638,2019-07-21T18:35:21.638Z,sell,1.461e-05,37.0,0.00054057
WABI/BTC,1563734137549,2019-07-21T18:35:37.549Z,sell,1.462e-05,316.0,0.00461992
WABI/BTC,1563734171224,2019-07-21T18:36:11.224Z,sell,1.462e-05,1727.0,0.02524874
WABI/BTC,1563734171228,2019-07-21T18:36:11.228Z,buy,1.466e-05,1874.0,0.02747284
WABI/BTC,1563734214779,2019-07-21T18:36:54.779Z,buy,1.468e-05,504.0,0.00739872
WABI/BTC,1563734218247,2019-07-21T18:36:58.247Z,buy,1.469e-05,42.0,0.00061698
WABI/BTC,1563734218396,2019-07-21T18:36:58.396Z,sell,1.469e-05,11.0,0.00016159
WABI/BTC,1563734222525,2019-07-21T18:37:02.525Z,buy,1.47e-05,321.0,0.0047187
WABI/BTC,1563734236290,2019-07-21T18:37:16.290Z,buy,1.471e-05,474.0,0.00697254
WABI/BTC,1563734251524,2019-07-21T18:37:31.524Z,buy,1.471e-05,1055.0,0.01551905
WABI/BTC,1563734251524,2019-07-21T18:37:31.524Z,buy,1.472e-05,40.0,0.0005888
WABI/BTC,1563734263012,2019-07-21T18:37:43.012Z,sell,1.471e-05,1280.0,0.0188288
WABI/BTC,1563734284972,2019-07-21T18:38:04.972Z,sell,1.466e-05,25.0,0.0003665
WABI/BTC,1563734289108,2019-07-21T18:38:09.108Z,buy,1.469e-05,332.0,0.00487708
WABI/BTC,1563734289108,2019-07-21T18:38:09.108Z,buy,1.47e-05,321.0,0.0047187
WABI/BTC,1563734296188,2019-07-21T18:38:16.188Z,sell,1.471e-05,87.0,0.00127977
WABI/BTC,1563734296889,2019-07-21T18:38:16.889Z,sell,1.471e-05,102.0,0.00150042
WABI/BTC,1563734315603,2019-07-21T18:38:35.603Z,buy,1.467e-05,356.0,0.00522252
WABI/BTC,1563734318448,2019-07-21T18:38:38.448Z,buy,1.467e-05,1071.0,0.01571157
WABI/BTC,1563734361142,2019-07-21T18:39:21.142Z,sell,1.466e-05,310.0,0.0045446
WABI/BTC,1563734373699,2019-07-21T18:39:33.699Z,sell,1.468e-05,1744.0,0.02560192
WABI/BTC,1563734373699,2019-07-21T18:39:33.699Z,sell,1.468e-05,1400.0,0.020552
WABI/BTC,1563734401012,2019-07-21T18:40:01.012Z,buy,1.468e-05,2.0,2.936e-05
WABI/BTC,1563734401792,2019-07-21T18:40:01.792Z,buy,1.468e-05,149.0,0.00218732
WABI/BTC,1563734404341,2019-07-21T18:40:04.341Z,buy,1.468e-05,450.0,0.006606
WABI/BTC,1563734446407,2019-07-21T18:40:46.407Z,sell,1.467e-05,259.0,0.00379953
WABI/BTC,1563734463862,2019-07-21T18:41:03.862Z,buy,1.468e-05,10.0,0.0001468
WABI/BTC,1563734463862,2019-07-21T18:41:03.862Z,buy,1.469e-05,25.0,0.00036725
WABI/BTC,1563734463862,2019-07-21T18:41:03.862Z,buy,1.472e-05,136.0,0.00200192
WABI/BTC,1563734464201,2019-07-21T18:41:04.201Z,sell,1.467e-05,199.0,0.00291933
WABI/BTC,1563734515310,2019-07-21T18:41:55.310Z,sell,1.467e-05,224.0,0.00328608
WABI/BTC,1563734557299,2019-07-21T18:42:37.299Z,buy,1.464e-05,1088.0,0.01592832
WABI/BTC,1563734557805,2019-07-21T18:42:37.805Z,buy,1.467e-05,528.0,0.00774576
WABI/BTC,1563734562921,2019-07-21T18:42:42.921Z,buy,1.467e-05,478.0,0.00701226
WABI/BTC,1563734611707,2019-07-21T18:43:31.707Z,sell,1.462e-05,310.0,0.0045322
WABI/BTC,1563734635812,2019-07-21T18:43:55.812Z,sell,1.462e-05,1049.0,0.01533638
WABI/BTC,1563734654717,2019-07-21T18:44:14.717Z,buy,1.465e-05,2.0,2.93e-05
WABI/BTC,1563734696268,2019-07-21T18:44:56.268Z,sell,1.463e-05,417.0,0.00610071
WABI/BTC,1563734696270,2019-07-21T18:44:56.270Z,buy,1.464e-05,2986.0,0.04371504
WABI/BTC,1563734799942,2019-07-21T18:46:39.942Z,sell,1.464e-05,2676.0,0.03917664
WABI/BTC,1563734799945,2019-07-21T18:46:39.945Z,sell,1.462e-05,260.0,0.0038012
WABI/BTC,1563734851762,2019-07-21T18:47:31.762Z,buy,1.463e-05,2626.0,0.03841838
WABI/BTC,1563734851764,2019-07-21T18:47:31.764Z,sell,1.462e-05,366.0,0.00535092
WABI/BTC,1563734855368,2019-07-21T18:47:35.368Z,buy,1.464e-05,2.0,2.928e-05
WABI/BTC,1563734859050,2019-07-21T18:47:39.050Z,sell,1.461e-05,84.0,0.00122724
WABI/BTC,1563734859050,2019-07-21T18:47:39.050Z,sell,1.46e-05,226.0,0.0032996
WABI/BTC,1563734859267,2019-07-21T18:47:39.267Z,buy,1.464e-05,7.0,0.00010248
WABI/BTC,1563734859267,2019-07-21T18:47:39.267Z,buy,1.467e-05,3551.0,0.05209317
WABI/BTC,1563734963089,2019-07-21T18:49:23.089Z,buy,1.466e-05,547.0,0.00801902
WABI/BTC,1563734963089,2019-07-21T18:49:23.089Z,buy,1.467e-05,3576.0,0.05245992
WABI/BTC,1563734980507,2019-07-21T18:49:40.507Z,buy,1.469e-05,9.0,0.00013221
WABI/BTC,1563734980507,2019-07-21T18:49:40.507Z,buy,1.47e-05,162.0,0.0023814
WABI/BTC,1563734980620,2019-07-21T18:49:40.620Z,sell,1.47e-05,51.0,0.0007497
WABI/BTC,1563734993866,2019-07-21T18:49:53.866Z,sell,1.471e-05,660.0,0.0097086
WABI/BTC,1563735061944,2019-07-21T18:51:01.944Z,buy,1.472e-05,370.0,0.0054464
WABI/BTC,1563735065728,2019-07-21T18:51:05.728Z,buy,1.472e-05,7.0,0.00010304
WABI/BTC,1563735096149,2019-07-21T18:51:36.149Z,buy,1.474e-05,2.0,2.948e-05
WABI/BTC,1563735112758,2019-07-21T18:51:52.758Z,buy,1.474e-05,2.0,2.948e-05
WABI/BTC,1563735123954,2019-07-21T18:52:03.954Z,sell,1.473e-05,117.0,0.0017234099999999
WABI/BTC,1563735134792,2019-07-21T18:52:14.792Z,buy,1.473e-05,183.0,0.00269559
WABI/BTC,1563735134792,2019-07-21T18:52:14.792Z,buy,1.474e-05,496.0,0.0073110399999999
WABI/BTC,1563735167051,2019-07-21T18:52:47.051Z,buy,1.473e-05,11.0,0.00016203
WABI/BTC,1563735167051,2019-07-21T18:52:47.051Z,buy,1.474e-05,559.0,0.00823966
WABI/BTC,1563735171181,2019-07-21T18:52:51.181Z,sell,1.474e-05,7.0,0.00010318
WABI/BTC,1563735214564,2019-07-21T18:53:34.564Z,buy,1.475e-05,169.0,0.0024927499999999
WABI/BTC,1563735221892,2019-07-21T18:53:41.892Z,buy,1.476e-05,123.0,0.00181548
WABI/BTC,1563735221985,2019-07-21T18:53:41.985Z,sell,1.476e-05,56.0,0.00082656
WABI/BTC,1563735230686,2019-07-21T18:53:50.686Z,buy,1.478e-05,1268.0,0.01874104
WABI/BTC,1563735245410,2019-07-21T18:54:05.410Z,buy,1.478e-05,2.0,2.956e-05
WABI/BTC,1563735256509,2019-07-21T18:54:16.509Z,sell,1.477e-05,422.0,0.0062329399999999
WABI/BTC,1563735267647,2019-07-21T18:54:27.647Z,buy,1.477e-05,135.0,0.00199395
WABI/BTC,1563735267647,2019-07-21T18:54:27.647Z,buy,1.478e-05,251.0,0.00370978
WABI/BTC,1563735285544,2019-07-21T18:54:45.544Z,buy,1.477e-05,8.0,0.00011816
WABI/BTC,1563735285544,2019-07-21T18:54:45.544Z,buy,1.478e-05,85.0,0.0012563
WABI/BTC,1563735285544,2019-07-21T18:54:45.544Z,buy,1.479e-05,293.0,0.00433347
WABI/BTC,1563735291516,2019-07-21T18:54:51.516Z,buy,1.479e-05,2920.0,0.0431868
WABI/BTC,1563735296250,2019-07-21T18:54:56.250Z,sell,1.479e-05,274.0,0.00405246
WABI/BTC,1563735321119,2019-07-21T18:55:21.119Z,sell,1.479e-05,2124.0,0.03141396
WABI/BTC,1563735391534,2019-07-21T18:56:31.534Z,buy,1.479e-05,2.0,2.958e-05
WABI/BTC,1563735452512,2019-07-21T18:57:32.512Z,sell,1.476e-05,195.0,0.0028782
WABI/BTC,1563735456549,2019-07-21T18:57:36.549Z,buy,1.477e-05,66.0,0.0009748199999999
WABI/BTC,1563735488647,2019-07-21T18:58:08.647Z,sell,1.476e-05,199.0,0.00293724
WABI/BTC,1563735488647,2019-07-21T18:58:08.647Z,sell,1.475e-05,5.0,7.375e-05
WABI/BTC,1563735510784,2019-07-21T18:58:30.784Z,sell,1.475e-05,15.0,0.0002212499999999
WABI/BTC,1563735524109,2019-07-21T18:58:44.109Z,buy,1.476e-05,2.0,2.952e-05
WABI/BTC,1563735552132,2019-07-21T18:59:12.132Z,buy,1.476e-05,2.0,2.952e-05
WABI/BTC,1563735559336,2019-07-21T18:59:19.336Z,sell,1.475e-05,500.0,0.007375
WABI/BTC,1563735565899,2019-07-21T18:59:25.899Z,buy,1.476e-05,36.0,0.0005313599999999
WABI/BTC,1563735565899,2019-07-21T18:59:25.899Z,buy,1.477e-05,2885.0,0.0426114499999999
WABI/BTC,1563735566451,2019-07-21T18:59:26.451Z,sell,1.477e-05,8.0,0.00011816
WABI/BTC,1563735571768,2019-07-21T18:59:31.768Z,sell,1.477e-05,4427.0,0.06538679
WABI/BTC,1563735578165,2019-07-21T18:59:38.165Z,sell,1.477e-05,782.0,0.0115501399999999
WABI/BTC,1563735578165,2019-07-21T18:59:38.165Z,sell,1.477e-05,782.0,0.0115501399999999
WABI/BTC,1563735631461,2019-07-21T19:00:31.461Z,buy,1.477e-05,1106.0,0.01633562
WABI/BTC,1563735634396,2019-07-21T19:00:34.396Z,buy,1.479e-05,339.0,0.00501381
WABI/BTC,1563735634401,2019-07-21T19:00:34.401Z,buy,1.479e-05,342.0,0.00505818
WABI/BTC,1563735635454,2019-07-21T19:00:35.454Z,sell,1.478e-05,732.0,0.01081896
WABI/BTC,1563735635454,2019-07-21T19:00:35.454Z,sell,1.477e-05,2589.0,0.03823953
WABI/BTC,1563735691850,2019-07-21T19:01:31.850Z,sell,1.477e-05,30.0,0.0004431
WABI/BTC,1563735706619,2019-07-21T19:01:46.619Z,buy,1.48e-05,411.0,0.0060828
WABI/BTC,1563735706619,2019-07-21T19:01:46.619Z,buy,1.481e-05,856.0,0.01267736
WABI/BTC,1563735706761,2019-07-21T19:01:46.761Z,sell,1.482e-05,401.0,0.00594282
WABI/BTC,1563735709934,2019-07-21T19:01:49.934Z,sell,1.482e-05,640.0,0.0094848
WABI/BTC,1563735710034,2019-07-21T19:01:50.034Z,sell,1.482e-05,123.0,0.00182286
WABI/BTC,1563735710072,2019-07-21T19:01:50.072Z,sell,1.482e-05,378.0,0.00560196
WABI/BTC,1563735711614,2019-07-21T19:01:51.614Z,sell,1.482e-05,110.0,0.0016302
WABI/BTC,1563735712830,2019-07-21T19:01:52.830Z,buy,1.482e-05,164.0,0.00243048
WABI/BTC,1563735716853,2019-07-21T19:01:56.853Z,sell,1.482e-05,274.0,0.00406068
WABI/BTC,1563735730049,2019-07-21T19:02:10.049Z,buy,1.485e-05,2.0,2.97e-05
WABI/BTC,1563735737365,2019-07-21T19:02:17.365Z,sell,1.482e-05,1239.0,0.01836198
WABI/BTC,1563735739123,2019-07-21T19:02:19.123Z,buy,1.482e-05,2108.0,0.03124056
WABI/BTC,1563735796294,2019-07-21T19:03:16.294Z,sell,1.479e-05,1453.0,0.02148987
WABI/BTC,1563735796299,2019-07-21T19:03:16.299Z,buy,1.483e-05,804.0,0.01192332
WABI/BTC,1563735889725,2019-07-21T19:04:49.725Z,buy,1.483e-05,220.0,0.0032626
WABI/BTC,1563735889725,2019-07-21T19:04:49.725Z,buy,1.484e-05,140.0,0.0020776
WABI/BTC,1563736058334,2019-07-21T19:07:38.334Z,sell,1.478e-05,48.0,0.00070944
WABI/BTC,1563736058334,2019-07-21T19:07:38.334Z,sell,1.477e-05,25.0,0.00036925
WABI/BTC,1563736058334,2019-07-21T19:07:38.334Z,sell,1.472e-05,74.0,0.00108928
WABI/BTC,1563736058334,2019-07-21T19:07:38.334Z,sell,1.471e-05,357.0,0.00525147
WABI/BTC,1563736058334,2019-07-21T19:07:38.334Z,sell,1.47e-05,293.0,0.0043071
WABI/BTC,1563736058334,2019-07-21T19:07:38.334Z,sell,1.469e-05,410.0,0.0060229
WABI/BTC,1563736058334,2019-07-21T19:07:38.334Z,sell,1.468e-05,1020.0,0.0149736
WABI/BTC,1563736058334,2019-07-21T19:07:38.334Z,sell,1.467e-05,8419.0,0.12350673
WABI/BTC,1563736058397,2019-07-21T19:07:38.397Z,buy,1.467e-05,60.0,0.0008802
WABI/BTC,1563736063809,2019-07-21T19:07:43.809Z,sell,1.466e-05,74.0,0.00108484
WABI/BTC,1563736078806,2019-07-21T19:07:58.806Z,buy,1.463e-05,19.0,0.00027797
WABI/BTC,1563736083230,2019-07-21T19:08:03.230Z,buy,1.465e-05,10.0,0.0001465
WABI/BTC,1563736083230,2019-07-21T19:08:03.230Z,buy,1.467e-05,34.0,0.00049878
WABI/BTC,1563736083230,2019-07-21T19:08:03.230Z,buy,1.468e-05,83.0,0.00121844
WABI/BTC,1563736163069,2019-07-21T19:09:23.069Z,sell,1.461e-05,917.0,0.01339737
WABI/BTC,1563736190815,2019-07-21T19:09:50.815Z,sell,1.461e-05,421.0,0.00615081
WABI/BTC,1563736190832,2019-07-21T19:09:50.832Z,buy,1.461e-05,41.0,0.00059901
WABI/BTC,1563736190873,2019-07-21T19:09:50.873Z,buy,1.461e-05,41.0,0.00059901
WABI/BTC,1563736213028,2019-07-21T19:10:13.028Z,buy,1.467e-05,2.0,2.934e-05
WABI/BTC,1563736225194,2019-07-21T19:10:25.194Z,buy,1.467e-05,70.0,0.0010269
WABI/BTC,1563736229140,2019-07-21T19:10:29.140Z,buy,1.467e-05,53.0,0.00077751
WABI/BTC,1563736236574,2019-07-21T19:10:36.574Z,buy,1.461e-05,706.0,0.01031466
WABI/BTC,1563736257418,2019-07-21T19:10:57.418Z,buy,1.464e-05,7.0,0.00010248
WABI/BTC,1563736257418,2019-07-21T19:10:57.418Z,buy,1.465e-05,112.0,0.0016408
WABI/BTC,1563736314363,2019-07-21T19:11:54.363Z,buy,1.464e-05,2.0,2.928e-05
WABI/BTC,1563736325615,2019-07-21T19:12:05.615Z,sell,1.461e-05,70.0,0.0010227
WABI/BTC,1563736327186,2019-07-21T19:12:07.186Z,sell,1.46e-05,849.0,0.0123954
WABI/BTC,1563736328252,2019-07-21T19:12:08.252Z,buy,1.459e-05,120.0,0.0017507999999999
WABI/BTC,1563736335627,2019-07-21T19:12:15.627Z,buy,1.459e-05,178.0,0.00259702
WABI/BTC,1563736335627,2019-07-21T19:12:15.627Z,buy,1.46e-05,3543.0,0.0517278
WABI/BTC,1563736336507,2019-07-21T19:12:16.507Z,sell,1.458e-05,209.0,0.00304722
WABI/BTC,1563736336507,2019-07-21T19:12:16.507Z,sell,1.455e-05,658.0,0.0095739
WABI/BTC,1563736336507,2019-07-21T19:12:16.507Z,sell,1.453e-05,3154.0,0.04582762
WABI/BTC,1563736336507,2019-07-21T19:12:16.507Z,sell,1.452e-05,1455.0,0.0211266
WABI/BTC,1563736336507,2019-07-21T19:12:16.507Z,sell,1.451e-05,1957.0,0.02839607
WABI/BTC,1563736336507,2019-07-21T19:12:16.507Z,sell,1.45e-05,953.0,0.0138185
WABI/BTC,1563736336507,2019-07-21T19:12:16.507Z,sell,1.449e-05,1927.0,0.02792223
WABI/BTC,1563736336507,2019-07-21T19:12:16.507Z,sell,1.448e-05,2738.0,0.03964624
WABI/BTC,1563736336507,2019-07-21T19:12:16.507Z,sell,1.447e-05,755.0,0.01092485
WABI/BTC,1563736336559,2019-07-21T19:12:16.559Z,buy,1.454e-05,60.0,0.0008724
WABI/BTC,1563736337890,2019-07-21T19:12:17.890Z,buy,1.453e-05,9.0,0.00013077
WABI/BTC,1563736337890,2019-07-21T19:12:17.890Z,buy,1.454e-05,1.0,1.454e-05
WABI/BTC,1563736339247,2019-07-21T19:12:19.247Z,buy,1.451e-05,135.0,0.00195885
WABI/BTC,1563736343843,2019-07-21T19:12:23.843Z,buy,1.454e-05,637.0,0.00926198
WABI/BTC,1563736346969,2019-07-21T19:12:26.969Z,sell,1.455e-05,880.0,0.012804
WABI/BTC,1563736349685,2019-07-21T19:12:29.685Z,sell,1.455e-05,304.0,0.0044231999999999
WABI/BTC,1563736378774,2019-07-21T19:12:58.774Z,sell,1.45e-05,755.0,0.0109475
WABI/BTC,1563736378774,2019-07-21T19:12:58.774Z,sell,1.449e-05,1380.0,0.0199962
WABI/BTC,1563736378774,2019-07-21T19:12:58.774Z,sell,1.446e-05,583.0,0.00843018
WABI/BTC,1563736378774,2019-07-21T19:12:58.774Z,sell,1.445e-05,3106.0,0.0448817
WABI/BTC,1563736378774,2019-07-21T19:12:58.774Z,sell,1.444e-05,8516.0,0.12297104
WABI/BTC,1563736381445,2019-07-21T19:13:01.445Z,sell,1.445e-05,404.0,0.0058378
WABI/BTC,1563736393271,2019-07-21T19:13:13.271Z,buy,1.45e-05,61.0,0.0008845
WABI/BTC,1563736393271,2019-07-21T19:13:13.271Z,buy,1.452e-05,230.0,0.0033396
WABI/BTC,1563736402186,2019-07-21T19:13:22.186Z,buy,1.452e-05,29.0,0.00042108
WABI/BTC,1563736402186,2019-07-21T19:13:22.186Z,buy,1.454e-05,2000.0,0.0290799999999999
WABI/BTC,1563736402186,2019-07-21T19:13:22.186Z,buy,1.455e-05,5330.0,0.0775515
WABI/BTC,1563736420254,2019-07-21T19:13:40.254Z,buy,1.452e-05,60.0,0.0008712
WABI/BTC,1563736420254,2019-07-21T19:13:40.254Z,buy,1.453e-05,192.0,0.00278976
WABI/BTC,1563736420256,2019-07-21T19:13:40.256Z,buy,1.453e-05,45.0,0.00065385
WABI/BTC,1563736421255,2019-07-21T19:13:41.255Z,buy,1.457e-05,188.0,0.00273916
WABI/BTC,1563736434188,2019-07-21T19:13:54.188Z,sell,1.455e-05,155.0,0.00225525
WABI/BTC,1563736493316,2019-07-21T19:14:53.316Z,sell,1.455e-05,263.0,0.00382665
WABI/BTC,1563736493316,2019-07-21T19:14:53.316Z,sell,1.454e-05,1214.0,0.01765156
WABI/BTC,1563736493316,2019-07-21T19:14:53.316Z,sell,1.453e-05,807.0,0.01172571
WABI/BTC,1563736493316,2019-07-21T19:14:53.316Z,sell,1.448e-05,1626.0,0.02354448
WABI/BTC,1563736493316,2019-07-21T19:14:53.316Z,sell,1.447e-05,3444.0,0.04983468
WABI/BTC,1563736493316,2019-07-21T19:14:53.316Z,sell,1.446e-05,1881.0,0.02719926
WABI/BTC,1563736493316,2019-07-21T19:14:53.316Z,sell,1.445e-05,2510.0,0.0362695
WABI/BTC,1563736493316,2019-07-21T19:14:53.316Z,sell,1.444e-05,19476.0,0.28123344
WABI/BTC,1563736493316,2019-07-21T19:14:53.316Z,sell,1.443e-05,1074.0,0.01549782
WABI/BTC,1563736493316,2019-07-21T19:14:53.316Z,sell,1.441e-05,103.0,0.00148423
WABI/BTC,1563736493316,2019-07-21T19:14:53.316Z,sell,1.44e-05,9729.0,0.1400976
WABI/BTC,1563736493338,2019-07-21T19:14:53.338Z,buy,1.44e-05,969.0,0.0139536
WABI/BTC,1563736493341,2019-07-21T19:14:53.341Z,buy,1.44e-05,1014.0,0.0146016
WABI/BTC,1563736493348,2019-07-21T19:14:53.348Z,buy,1.44e-05,6161.0,0.0887184
WABI/BTC,1563736493350,2019-07-21T19:14:53.350Z,buy,1.44e-05,12324.0,0.1774656
WABI/BTC,1563736493706,2019-07-21T19:14:53.706Z,sell,1.44e-05,726.0,0.0104543999999999
WABI/BTC,1563736493706,2019-07-21T19:14:53.706Z,sell,1.439e-05,997.0,0.01434683
WABI/BTC,1563736493706,2019-07-21T19:14:53.706Z,sell,1.439e-05,181.0,0.00260459
WABI/BTC,1563736493706,2019-07-21T19:14:53.706Z,sell,1.438e-05,240.0,0.0034511999999999
WABI/BTC,1563736493706,2019-07-21T19:14:53.706Z,sell,1.437e-05,1607.0,0.02309259
WABI/BTC,1563736494440,2019-07-21T19:14:54.440Z,buy,1.448e-05,7.0,0.00010136
WABI/BTC,1563736496376,2019-07-21T19:14:56.376Z,buy,1.439e-05,103.0,0.0014821699999999
WABI/BTC,1563736496757,2019-07-21T19:14:56.757Z,buy,1.439e-05,3271.0,0.04706969
WABI/BTC,1563736496791,2019-07-21T19:14:56.791Z,sell,1.444e-05,418.0,0.00603592
WABI/BTC,1563736497091,2019-07-21T19:14:57.091Z,sell,1.444e-05,81.0,0.00116964
WABI/BTC,1563736497431,2019-07-21T19:14:57.431Z,buy,1.444e-05,2459.0,0.03550796
WABI/BTC,1563736498054,2019-07-21T19:14:58.054Z,sell,1.439e-05,1226.0,0.01764214
WABI/BTC,1563736498054,2019-07-21T19:14:58.054Z,sell,1.438e-05,1213.0,0.01744294
WABI/BTC,1563736504652,2019-07-21T19:15:04.652Z,buy,1.446e-05,2.0,2.892e-05
WABI/BTC,1563736515240,2019-07-21T19:15:15.240Z,buy,1.444e-05,1226.0,0.01770344
WABI/BTC,1563736515646,2019-07-21T19:15:15.646Z,buy,1.443e-05,2861.0,0.04128423
WABI/BTC,1563736521330,2019-07-21T19:15:21.330Z,buy,1.445e-05,11128.0,0.1607996
WABI/BTC,1563736525266,2019-07-21T19:15:25.266Z,buy,1.444e-05,260.0,0.0037544
WABI/BTC,1563736539202,2019-07-21T19:15:39.202Z,buy,1.445e-05,247.0,0.00356915
WABI/BTC,1563736539487,2019-07-21T19:15:39.487Z,buy,1.445e-05,261.0,0.00377145
WABI/BTC,1563736539648,2019-07-21T19:15:39.648Z,sell,1.444e-05,8.0,0.00011552
WABI/BTC,1563736540099,2019-07-21T19:15:40.099Z,buy,1.444e-05,208.0,0.00300352
WABI/BTC,1563736555339,2019-07-21T19:15:55.339Z,buy,1.446e-05,623.0,0.00900858
WABI/BTC,1563736560374,2019-07-21T19:16:00.374Z,buy,1.447e-05,13129.0,0.18997663
WABI/BTC,1563736561275,2019-07-21T19:16:01.275Z,buy,1.447e-05,3915.0,0.05665005
WABI/BTC,1563736563264,2019-07-21T19:16:03.264Z,buy,1.447e-05,207.0,0.00299529
WABI/BTC,1563736564260,2019-07-21T19:16:04.260Z,buy,1.447e-05,2222.0,0.03215234
WABI/BTC,1563736567735,2019-07-21T19:16:07.735Z,buy,1.447e-05,410.0,0.0059327
WABI/BTC,1563736568260,2019-07-21T19:16:08.260Z,buy,1.447e-05,24.0,0.00034728
WABI/BTC,1563736574261,2019-07-21T19:16:14.261Z,buy,1.448e-05,359.0,0.00519832
WABI/BTC,1563736580281,2019-07-21T19:16:20.281Z,buy,1.448e-05,16.0,0.00023168
WABI/BTC,1563736580281,2019-07-21T19:16:20.281Z,buy,1.449e-05,189.0,0.00273861
WABI/BTC,1563736607252,2019-07-21T19:16:47.252Z,buy,1.448e-05,22.0,0.00031856
WABI/BTC,1563736607266,2019-07-21T19:16:47.266Z,buy,1.449e-05,85.0,0.00123165
WABI/BTC,1563736607481,2019-07-21T19:16:47.481Z,buy,1.448e-05,9.0,0.00013032
WABI/BTC,1563736612646,2019-07-21T19:16:52.646Z,buy,1.45e-05,500.0,0.00725
WABI/BTC,1563736613115,2019-07-21T19:16:53.115Z,buy,1.45e-05,559.0,0.0081055
WABI/BTC,1563736613275,2019-07-21T19:16:53.275Z,buy,1.451e-05,838.0,0.01215938
WABI/BTC,1563736613460,2019-07-21T19:16:53.460Z,buy,1.451e-05,1150.0,0.0166865
WABI/BTC,1563736615737,2019-07-21T19:16:55.737Z,sell,1.451e-05,60.0,0.0008706
WABI/BTC,1563736617299,2019-07-21T19:16:57.299Z,sell,1.451e-05,66.0,0.00095766
WABI/BTC,1563736622083,2019-07-21T19:17:02.083Z,sell,1.452e-05,518.0,0.00752136
WABI/BTC,1563736638289,2019-07-21T19:17:18.289Z,sell,1.451e-05,711.0,0.01031661
WABI/BTC,1563736639935,2019-07-21T19:17:19.935Z,buy,1.455e-05,2.0,2.91e-05
WABI/BTC,1563736736258,2019-07-21T19:18:56.258Z,buy,1.454e-05,1177.0,0.01711358
WABI/BTC,1563736748278,2019-07-21T19:19:08.278Z,sell,1.454e-05,95.0,0.0013813
WABI/BTC,1563736807278,2019-07-21T19:20:07.278Z,buy,1.452e-05,2.0,2.904e-05
WABI/BTC,1563736853139,2019-07-21T19:20:53.139Z,buy,1.452e-05,2.0,2.904e-05
WABI/BTC,1563736853859,2019-07-21T19:20:53.859Z,buy,1.449e-05,365.0,0.00528885
WABI/BTC,1563736854078,2019-07-21T19:20:54.078Z,buy,1.449e-05,1070.0,0.0155043
WABI/BTC,1563736854223,2019-07-21T19:20:54.223Z,buy,1.449e-05,767.0,0.01111383
WABI/BTC,1563736882654,2019-07-21T19:21:22.654Z,sell,1.448e-05,120.0,0.0017376
WABI/BTC,1563736962305,2019-07-21T19:22:42.305Z,buy,1.452e-05,1638.0,0.02378376
WABI/BTC,1563736970302,2019-07-21T19:22:50.302Z,buy,1.449e-05,103.0,0.00149247
WABI/BTC,1563737007393,2019-07-21T19:23:27.393Z,buy,1.45e-05,84.0,0.001218
WABI/BTC,1563737075507,2019-07-21T19:24:35.507Z,buy,1.453e-05,9.0,0.00013077
WABI/BTC,1563737076227,2019-07-21T19:24:36.227Z,buy,1.454e-05,10.0,0.0001454
WABI/BTC,1563737076303,2019-07-21T19:24:36.303Z,sell,1.453e-05,650.0,0.0094445
WABI/BTC,1563737078316,2019-07-21T19:24:38.316Z,buy,1.454e-05,2.0,2.908e-05
WABI/BTC,1563737079562,2019-07-21T19:24:39.562Z,buy,1.454e-05,2.0,2.908e-05
WABI/BTC,1563737110175,2019-07-21T19:25:10.175Z,sell,1.447e-05,1688.0,0.02442536
WABI/BTC,1563737110713,2019-07-21T19:25:10.713Z,buy,1.446e-05,7.0,0.00010122
WABI/BTC,1563737113596,2019-07-21T19:25:13.596Z,sell,1.443e-05,60.0,0.0008658
WABI/BTC,1563737113596,2019-07-21T19:25:13.596Z,sell,1.442e-05,43.0,0.00062006
WABI/BTC,1563737260243,2019-07-21T19:27:40.243Z,buy,1.447e-05,250.0,0.0036175
WABI/BTC,1563737260322,2019-07-21T19:27:40.322Z,sell,1.447e-05,244.0,0.00353068
WABI/BTC,1563737260396,2019-07-21T19:27:40.396Z,buy,1.451e-05,2.0,2.902e-05
WABI/BTC,1563737381297,2019-07-21T19:29:41.297Z,buy,1.449e-05,564.0,0.00817236
WABI/BTC,1563737383382,2019-07-21T19:29:43.382Z,buy,1.449e-05,11.0,0.00015939
WABI/BTC,1563737404285,2019-07-21T19:30:04.285Z,buy,1.449e-05,1819.0,0.02635731
WABI/BTC,1563737406355,2019-07-21T19:30:06.355Z,buy,1.45e-05,928.0,0.013456
WABI/BTC,1563737428213,2019-07-21T19:30:28.213Z,buy,1.451e-05,2.0,2.902e-05
WABI/BTC,1563737429265,2019-07-21T19:30:29.265Z,buy,1.451e-05,136.0,0.00197336
WABI/BTC,1563737429267,2019-07-21T19:30:29.267Z,buy,1.451e-05,410.0,0.0059491
WABI/BTC,1563737430350,2019-07-21T19:30:30.350Z,buy,1.451e-05,266.0,0.00385966
WABI/BTC,1563737459862,2019-07-21T19:30:59.862Z,buy,1.452e-05,136.0,0.00197472
WABI/BTC,1563737459974,2019-07-21T19:30:59.974Z,buy,1.452e-05,173.0,0.00251196
WABI/BTC,1563737460076,2019-07-21T19:31:00.076Z,buy,1.452e-05,206.0,0.00299112
WABI/BTC,1563737460178,2019-07-21T19:31:00.178Z,buy,1.452e-05,206.0,0.00299112
WABI/BTC,1563737460253,2019-07-21T19:31:00.253Z,buy,1.452e-05,1319.0,0.01915188
WABI/BTC,1563737460937,2019-07-21T19:31:00.937Z,buy,1.453e-05,233.0,0.00338549
WABI/BTC,1563737461256,2019-07-21T19:31:01.256Z,buy,1.453e-05,1052.0,0.01528556
WABI/BTC,1563737498852,2019-07-21T19:31:38.852Z,buy,1.455e-05,11.0,0.00016005
WABI/BTC,1563737498852,2019-07-21T19:31:38.852Z,buy,1.456e-05,962.0,0.01400672
WABI/BTC,1563737498852,2019-07-21T19:31:38.852Z,buy,1.458e-05,1875.0,0.0273374999999999
WABI/BTC,1563737499348,2019-07-21T19:31:39.348Z,sell,1.458e-05,1358.0,0.01979964
WABI/BTC,1563737515959,2019-07-21T19:31:55.959Z,sell,1.453e-05,155.0,0.00225215
WABI/BTC,1563737554020,2019-07-21T19:32:34.020Z,buy,1.458e-05,1380.0,0.0201204
WABI/BTC,1563737554040,2019-07-21T19:32:34.040Z,buy,1.459e-05,263.0,0.00383717
WABI/BTC,1563737554040,2019-07-21T19:32:34.040Z,buy,1.46e-05,509.0,0.0074314
WABI/BTC,1563737562692,2019-07-21T19:32:42.692Z,buy,1.46e-05,87.0,0.0012702
WABI/BTC,1563737562802,2019-07-21T19:32:42.802Z,buy,1.46e-05,649.0,0.0094754
WABI/BTC,1563737563079,2019-07-21T19:32:43.079Z,buy,1.461e-05,1260.0,0.0184086
WABI/BTC,1563737582104,2019-07-21T19:33:02.104Z,buy,1.461e-05,2.0,2.922e-05
WABI/BTC,1563737582173,2019-07-21T19:33:02.173Z,buy,1.461e-05,220.0,0.0032142
WABI/BTC,1563737618251,2019-07-21T19:33:38.251Z,sell,1.458e-05,11.0,0.00016038
WABI/BTC,1563737764058,2019-07-21T19:36:04.058Z,buy,1.459e-05,18.0,0.00026262
WABI/BTC,1563737764058,2019-07-21T19:36:04.058Z,buy,1.461e-05,55.0,0.00080355
WABI/BTC,1563737790826,2019-07-21T19:36:30.826Z,buy,1.46e-05,1046.0,0.0152716
WABI/BTC,1563737807297,2019-07-21T19:36:47.297Z,sell,1.458e-05,155.0,0.0022599
WABI/BTC,1563737854676,2019-07-21T19:37:34.676Z,buy,1.461e-05,2.0,2.922e-05
WABI/BTC,1563737891285,2019-07-21T19:38:11.285Z,sell,1.458e-05,427.0,0.00622566
WABI/BTC,1563737900259,2019-07-21T19:38:20.259Z,buy,1.46e-05,1483.0,0.0216518
WABI/BTC,1563737936847,2019-07-21T19:38:56.847Z,sell,1.458e-05,169.0,0.00246402
WABI/BTC,1563737943374,2019-07-21T19:39:03.374Z,buy,1.46e-05,2.0,2.92e-05
WABI/BTC,1563737981043,2019-07-21T19:39:41.043Z,buy,1.459e-05,7.0,0.00010213
WABI/BTC,1563737981043,2019-07-21T19:39:41.043Z,buy,1.461e-05,165.0,0.00241065
WABI/BTC,1563737985375,2019-07-21T19:39:45.375Z,sell,1.461e-05,3336.0,0.04873896
WABI/BTC,1563737992366,2019-07-21T19:39:52.366Z,sell,1.459e-05,535.0,0.00780565
WABI/BTC,1563738010372,2019-07-21T19:40:10.372Z,sell,1.454e-05,1227.0,0.0178405799999999
WABI/BTC,1563738036112,2019-07-21T19:40:36.112Z,buy,1.458e-05,98.0,0.00142884
WABI/BTC,1563738036118,2019-07-21T19:40:36.118Z,buy,1.458e-05,100.0,0.0014579999999999
WABI/BTC,1563738039421,2019-07-21T19:40:39.421Z,sell,1.453e-05,142.0,0.00206326
WABI/BTC,1563738108346,2019-07-21T19:41:48.346Z,sell,1.454e-05,10.0,0.0001454
WABI/BTC,1563738108608,2019-07-21T19:41:48.608Z,sell,1.453e-05,2513.0,0.03651389
WABI/BTC,1563738129433,2019-07-21T19:42:09.433Z,sell,1.453e-05,487.0,0.00707611
WABI/BTC,1563738148798,2019-07-21T19:42:28.798Z,sell,1.453e-05,73.0,0.00106069
WABI/BTC,1563738155007,2019-07-21T19:42:35.007Z,buy,1.457e-05,1304.0,0.01899928
WABI/BTC,1563738161152,2019-07-21T19:42:41.152Z,sell,1.453e-05,155.0,0.00225215
WABI/BTC,1563738201475,2019-07-21T19:43:21.475Z,sell,1.454e-05,535.0,0.0077789
WABI/BTC,1563738201475,2019-07-21T19:43:21.475Z,sell,1.453e-05,324.0,0.00470772
WABI/BTC,1563738287896,2019-07-21T19:44:47.896Z,buy,1.455e-05,791.0,0.01150905
WABI/BTC,1563738287896,2019-07-21T19:44:47.896Z,buy,1.456e-05,185.0,0.0026936
WABI/BTC,1563738290397,2019-07-21T19:44:50.397Z,sell,1.455e-05,791.0,0.01150905
WABI/BTC,1563738316394,2019-07-21T19:45:16.394Z,sell,1.455e-05,54.0,0.0007857
WABI/BTC,1563738383325,2019-07-21T19:46:23.325Z,buy,1.456e-05,345.0,0.0050232
WABI/BTC,1563738392408,2019-07-21T19:46:32.408Z,buy,1.455e-05,549.0,0.00798795
WABI/BTC,1563738456994,2019-07-21T19:47:36.994Z,sell,1.454e-05,667.0,0.0096981799999999
WABI/BTC,1563738597180,2019-07-21T19:49:57.180Z,buy,1.454e-05,300.0,0.0043619999999999
WABI/BTC,1563738597180,2019-07-21T19:49:57.180Z,buy,1.455e-05,373.0,0.0054271499999999
WABI/BTC,1563738597180,2019-07-21T19:49:57.180Z,buy,1.46e-05,367.0,0.0053582
WABI/BTC,1563738597180,2019-07-21T19:49:57.180Z,buy,1.461e-05,1449.0,0.02116989
WABI/BTC,1563738597180,2019-07-21T19:49:57.180Z,buy,1.462e-05,5143.0,0.07519066
WABI/BTC,1563738597180,2019-07-21T19:49:57.180Z,buy,1.463e-05,285.0,0.00416955
WABI/BTC,1563738617230,2019-07-21T19:50:17.230Z,sell,1.457e-05,155.0,0.00225835
WABI/BTC,1563738629366,2019-07-21T19:50:29.366Z,buy,1.461e-05,2.0,2.922e-05
WABI/BTC,1563738634887,2019-07-21T19:50:34.887Z,buy,1.461e-05,2.0,2.922e-05
WABI/BTC,1563738669844,2019-07-21T19:51:09.844Z,buy,1.46e-05,9.0,0.0001314
WABI/BTC,1563738669844,2019-07-21T19:51:09.844Z,buy,1.461e-05,101.0,0.00147561
WABI/BTC,1563738669844,2019-07-21T19:51:09.844Z,buy,1.463e-05,637.0,0.00931931
WABI/BTC,1563738669844,2019-07-21T19:51:09.844Z,buy,1.465e-05,260.0,0.003809
WABI/BTC,1563738669844,2019-07-21T19:51:09.844Z,buy,1.468e-05,934.0,0.01371112
WABI/BTC,1563738673346,2019-07-21T19:51:13.346Z,buy,1.46e-05,1493.0,0.0217978
WABI/BTC,1563738673357,2019-07-21T19:51:13.357Z,buy,1.462e-05,543.0,0.00793866
WABI/BTC,1563738675006,2019-07-21T19:51:15.006Z,buy,1.463e-05,428.0,0.00626164
WABI/BTC,1563738675006,2019-07-21T19:51:15.006Z,buy,1.466e-05,210.0,0.0030786
WABI/BTC,1563738791812,2019-07-21T19:53:11.812Z,buy,1.462e-05,11.0,0.00016082
WABI/BTC,1563738880120,2019-07-21T19:54:40.120Z,buy,1.461e-05,214.0,0.00312654
WABI/BTC,1563738883601,2019-07-21T19:54:43.601Z,sell,1.455e-05,155.0,0.00225525
WABI/BTC,1563738883601,2019-07-21T19:54:43.601Z,sell,1.455e-05,186.0,0.0027063
WABI/BTC,1563738928745,2019-07-21T19:55:28.745Z,buy,1.455e-05,12.0,0.0001746
WABI/BTC,1563738929451,2019-07-21T19:55:29.451Z,buy,1.455e-05,453.0,0.00659115
WABI/BTC,1563738929911,2019-07-21T19:55:29.911Z,buy,1.455e-05,12.0,0.0001746
WABI/BTC,1563738964887,2019-07-21T19:56:04.887Z,buy,1.455e-05,2.0,2.91e-05
WABI/BTC,1563738969856,2019-07-21T19:56:09.856Z,buy,1.455e-05,2.0,2.91e-05
WABI/BTC,1563739010806,2019-07-21T19:56:50.806Z,sell,1.454e-05,398.0,0.00578692
WABI/BTC,1563739104241,2019-07-21T19:58:24.241Z,sell,1.454e-05,102.0,0.00148308
WABI/BTC,1563739108951,2019-07-21T19:58:28.951Z,buy,1.451e-05,103.0,0.00149453
WABI/BTC,1563739109062,2019-07-21T19:58:29.062Z,buy,1.451e-05,103.0,0.00149453
WABI/BTC,1563739109163,2019-07-21T19:58:29.163Z,buy,1.451e-05,103.0,0.00149453
WABI/BTC,1563739109263,2019-07-21T19:58:29.263Z,buy,1.451e-05,103.0,0.00149453
WABI/BTC,1563739109371,2019-07-21T19:58:29.371Z,buy,1.451e-05,103.0,0.00149453
WABI/BTC,1563739109585,2019-07-21T19:58:29.585Z,buy,1.451e-05,103.0,0.00149453
WABI/BTC,1563739109603,2019-07-21T19:58:29.603Z,buy,1.451e-05,309.0,0.00448359
WABI/BTC,1563739109685,2019-07-21T19:58:29.685Z,buy,1.451e-05,93.0,0.00134943
WABI/BTC,1563739118968,2019-07-21T19:58:38.968Z,sell,1.449e-05,136.0,0.00197064
WABI/BTC,1563739120929,2019-07-21T19:58:40.929Z,buy,1.454e-05,33.0,0.00047982
WABI/BTC,1563739120929,2019-07-21T19:58:40.929Z,buy,1.454e-05,33.0,0.00047982
WABI/BTC,1563739212503,2019-07-21T20:00:12.503Z,buy,1.454e-05,2.0,2.908e-05
WABI/BTC,1563739229257,2019-07-21T20:00:29.257Z,buy,1.453e-05,369.0,0.0053615699999999
WABI/BTC,1563739489760,2019-07-21T20:04:49.760Z,buy,1.453e-05,2896.0,0.04207888
WABI/BTC,1563739526255,2019-07-21T20:05:26.255Z,buy,1.452e-05,924.0,0.01341648
WABI/BTC,1563739534499,2019-07-21T20:05:34.499Z,sell,1.451e-05,359.0,0.00520909
WABI/BTC,1563739572785,2019-07-21T20:06:12.785Z,sell,1.451e-05,393.0,0.00570243
WABI/BTC,1563739596510,2019-07-21T20:06:36.510Z,buy,1.453e-05,17.0,0.00024701
WABI/BTC,1563739596510,2019-07-21T20:06:36.510Z,buy,1.454e-05,511.0,0.0074299399999999
WABI/BTC,1563739713158,2019-07-21T20:08:33.158Z,buy,1.454e-05,2.0,2.908e-05
WABI/BTC,1563739806934,2019-07-21T20:10:06.934Z,buy,1.453e-05,11.0,0.00015983
WABI/BTC,1563739812976,2019-07-21T20:10:12.976Z,buy,1.454e-05,14.0,0.0002035599999999
WABI/BTC,1563739816107,2019-07-21T20:10:16.107Z,buy,1.454e-05,9.0,0.00013086
WABI/BTC,1563739850210,2019-07-21T20:10:50.210Z,sell,1.453e-05,174.0,0.00252822
WABI/BTC,1563739878075,2019-07-21T20:11:18.075Z,buy,1.454e-05,516.0,0.00750264
WABI/BTC,1563739889072,2019-07-21T20:11:29.072Z,sell,1.453e-05,182.0,0.00264446
WABI/BTC,1563739889072,2019-07-21T20:11:29.072Z,sell,1.452e-05,10.0,0.0001452
WABI/BTC,1563739889072,2019-07-21T20:11:29.072Z,sell,1.45e-05,168.0,0.002436
WABI/BTC,1563739906526,2019-07-21T20:11:46.526Z,sell,1.451e-05,173.0,0.00251023
WABI/BTC,1563739955023,2019-07-21T20:12:35.023Z,buy,1.453e-05,2.0,2.906e-05
WABI/BTC,1563739955514,2019-07-21T20:12:35.514Z,buy,1.453e-05,2.0,2.906e-05
WABI/BTC,1563739973518,2019-07-21T20:12:53.518Z,buy,1.453e-05,2.0,2.906e-05
WABI/BTC,1563739994493,2019-07-21T20:13:14.493Z,sell,1.452e-05,7.0,0.00010164
WABI/BTC,1563740005579,2019-07-21T20:13:25.579Z,buy,1.453e-05,178.0,0.00258634
WABI/BTC,1563740007677,2019-07-21T20:13:27.677Z,buy,1.453e-05,178.0,0.00258634
WABI/BTC,1563740010239,2019-07-21T20:13:30.239Z,sell,1.452e-05,10.0,0.0001452
WABI/BTC,1563740045701,2019-07-21T20:14:05.701Z,sell,1.452e-05,5182.0,0.07524264
WABI/BTC,1563740045701,2019-07-21T20:14:05.701Z,sell,1.451e-05,9224.0,0.13384024
WABI/BTC,1563740061642,2019-07-21T20:14:21.642Z,sell,1.45e-05,7.0,0.0001015
WABI/BTC,1563740061642,2019-07-21T20:14:21.642Z,sell,1.449e-05,7436.0,0.10774764
WABI/BTC,1563740062672,2019-07-21T20:14:22.672Z,buy,1.448e-05,328.0,0.00474944
WABI/BTC,1563740063820,2019-07-21T20:14:23.820Z,buy,1.448e-05,37.0,0.00053576
WABI/BTC,1563740064630,2019-07-21T20:14:24.630Z,buy,1.448e-05,103.0,0.00149144
WABI/BTC,1563740064720,2019-07-21T20:14:24.720Z,buy,1.448e-05,103.0,0.00149144
WABI/BTC,1563740064829,2019-07-21T20:14:24.829Z,buy,1.448e-05,103.0,0.00149144
WABI/BTC,1563740064941,2019-07-21T20:14:24.941Z,buy,1.448e-05,69.0,0.00099912
WABI/BTC,1563740081382,2019-07-21T20:14:41.382Z,buy,1.444e-05,367.0,0.00529948
WABI/BTC,1563740081559,2019-07-21T20:14:41.559Z,buy,1.444e-05,275.0,0.003971
WABI/BTC,1563740082534,2019-07-21T20:14:42.534Z,buy,1.445e-05,162.0,0.0023409
WABI/BTC,1563740109537,2019-07-21T20:15:09.537Z,buy,1.445e-05,183.0,0.00264435
WABI/BTC,1563740147013,2019-07-21T20:15:47.013Z,sell,1.444e-05,21.0,0.00030324
WABI/BTC,1563740229825,2019-07-21T20:17:09.825Z,sell,1.443e-05,10.0,0.0001443
WABI/BTC,1563740232839,2019-07-21T20:17:12.839Z,sell,1.442e-05,10.0,0.0001441999999999
WABI/BTC,1563740294572,2019-07-21T20:18:14.572Z,sell,1.441e-05,657.0,0.00946737
WABI/BTC,1563740294572,2019-07-21T20:18:14.572Z,sell,1.439e-05,60.0,0.0008634
WABI/BTC,1563740294572,2019-07-21T20:18:14.572Z,sell,1.438e-05,154.0,0.0022145199999999
WABI/BTC,1563740294572,2019-07-21T20:18:14.572Z,sell,1.436e-05,1227.0,0.01761972
WABI/BTC,1563740294572,2019-07-21T20:18:14.572Z,sell,1.435e-05,6824.0,0.0979244
WABI/BTC,1563740296390,2019-07-21T20:18:16.390Z,buy,1.447e-05,2.0,2.894e-05
WABI/BTC,1563740486460,2019-07-21T20:21:26.460Z,sell,1.444e-05,38.0,0.00054872
WABI/BTC,1563740488014,2019-07-21T20:21:28.014Z,buy,1.446e-05,2.0,2.892e-05
WABI/BTC,1563740524097,2019-07-21T20:22:04.097Z,buy,1.446e-05,2.0,2.892e-05
WABI/BTC,1563740581928,2019-07-21T20:23:01.928Z,buy,1.445e-05,766.0,0.0110687
WABI/BTC,1563740692242,2019-07-21T20:24:52.242Z,sell,1.444e-05,225.0,0.003249
WABI/BTC,1563740808658,2019-07-21T20:26:48.658Z,sell,1.444e-05,7.0,0.00010108
WABI/BTC,1563740912595,2019-07-21T20:28:32.595Z,sell,1.444e-05,183.0,0.00264252
WABI/BTC,1563741103445,2019-07-21T20:31:43.445Z,buy,1.445e-05,2.0,2.89e-05
WABI/BTC,1563741306294,2019-07-21T20:35:06.294Z,sell,1.444e-05,11.0,0.00015884
WABI/BTC,1563741307612,2019-07-21T20:35:07.612Z,buy,1.445e-05,2.0,2.89e-05
WABI/BTC,1563741339065,2019-07-21T20:35:39.065Z,buy,1.445e-05,2.0,2.89e-05
WABI/BTC,1563741346902,2019-07-21T20:35:46.902Z,buy,1.445e-05,210.0,0.0030345
WABI/BTC,1563741390264,2019-07-21T20:36:30.264Z,sell,1.444e-05,552.0,0.00797088
WABI/BTC,1563741435150,2019-07-21T20:37:15.150Z,buy,1.446e-05,2.0,2.892e-05
WABI/BTC,1563741560979,2019-07-21T20:39:20.979Z,buy,1.445e-05,2.0,2.89e-05
WABI/BTC,1563741694764,2019-07-21T20:41:34.764Z,buy,1.445e-05,951.0,0.01374195
WABI/BTC,1563741738652,2019-07-21T20:42:18.652Z,buy,1.445e-05,2727.0,0.03940515
WABI/BTC,1563741775658,2019-07-21T20:42:55.658Z,buy,1.445e-05,167.0,0.00241315
WABI/BTC,1563741775664,2019-07-21T20:42:55.664Z,sell,1.444e-05,205.0,0.0029602
WABI/BTC,1563741776343,2019-07-21T20:42:56.343Z,sell,1.444e-05,95.0,0.0013718
WABI/BTC,1563741776408,2019-07-21T20:42:56.408Z,buy,1.444e-05,60.0,0.0008664
WABI/BTC,1563741776656,2019-07-21T20:42:56.656Z,buy,1.444e-05,212.0,0.00306128
WABI/BTC,1563741794779,2019-07-21T20:43:14.779Z,sell,1.443e-05,138.0,0.00199134
WABI/BTC,1563741795813,2019-07-21T20:43:15.813Z,buy,1.443e-05,277.0,0.00399711
WABI/BTC,1563741801664,2019-07-21T20:43:21.664Z,buy,1.443e-05,97.0,0.00139971
WABI/BTC,1563741803761,2019-07-21T20:43:23.761Z,buy,1.445e-05,276.0,0.0039882
WABI/BTC,1563741809437,2019-07-21T20:43:29.437Z,buy,1.444e-05,8.0,0.00011552
WABI/BTC,1563741809662,2019-07-21T20:43:29.662Z,buy,1.445e-05,236.0,0.0034102
WABI/BTC,1563741843718,2019-07-21T20:44:03.718Z,buy,1.447e-05,21.0,0.00030387
WABI/BTC,1563741843718,2019-07-21T20:44:03.718Z,buy,1.453e-05,186.0,0.00270258
WABI/BTC,1563741871600,2019-07-21T20:44:31.600Z,buy,1.451e-05,2.0,2.902e-05
WABI/BTC,1563741889362,2019-07-21T20:44:49.362Z,buy,1.451e-05,2.0,2.902e-05
WABI/BTC,1563741930163,2019-07-21T20:45:30.163Z,buy,1.451e-05,2.0,2.902e-05
WABI/BTC,1563741943865,2019-07-21T20:45:43.865Z,buy,1.45e-05,2.0,2.9e-05
WABI/BTC,1563741964666,2019-07-21T20:46:04.666Z,buy,1.45e-05,2.0,2.9e-05
WABI/BTC,1563741971339,2019-07-21T20:46:11.339Z,buy,1.451e-05,2.0,2.902e-05
WABI/BTC,1563741994200,2019-07-21T20:46:34.200Z,buy,1.451e-05,2.0,2.902e-05
WABI/BTC,1563742021781,2019-07-21T20:47:01.781Z,sell,1.447e-05,322.0,0.00465934
WABI/BTC,1563742046682,2019-07-21T20:47:26.682Z,buy,1.448e-05,2.0,2.896e-05
WABI/BTC,1563742101116,2019-07-21T20:48:21.116Z,buy,1.449e-05,2.0,2.898e-05
WABI/BTC,1563742250699,2019-07-21T20:50:50.699Z,buy,1.447e-05,490.0,0.0070903
WABI/BTC,1563742250854,2019-07-21T20:50:50.854Z,buy,1.447e-05,905.0,0.01309535
WABI/BTC,1563742279900,2019-07-21T20:51:19.900Z,sell,1.447e-05,3437.0,0.04973339
WABI/BTC,1563742316074,2019-07-21T20:51:56.074Z,sell,1.447e-05,30.0,0.0004341
WABI/BTC,1563742328387,2019-07-21T20:52:08.387Z,buy,1.45e-05,8.0,0.000116
WABI/BTC,1563742329377,2019-07-21T20:52:09.377Z,buy,1.45e-05,8.0,0.000116
WABI/BTC,1563742330378,2019-07-21T20:52:10.378Z,buy,1.45e-05,8.0,0.000116
WABI/BTC,1563742331376,2019-07-21T20:52:11.376Z,buy,1.451e-05,381.0,0.00552831
WABI/BTC,1563742332380,2019-07-21T20:52:12.380Z,buy,1.452e-05,611.0,0.00887172
WABI/BTC,1563742333385,2019-07-21T20:52:13.385Z,buy,1.453e-05,82.0,0.00119146
WABI/BTC,1563742367660,2019-07-21T20:52:47.660Z,sell,1.447e-05,640.0,0.0092608
WABI/BTC,1563742368821,2019-07-21T20:52:48.821Z,buy,1.448e-05,10.0,0.0001448
WABI/BTC,1563742376700,2019-07-21T20:52:56.700Z,buy,1.454e-05,2.0,2.908e-05
WABI/BTC,1563742516023,2019-07-21T20:55:16.023Z,buy,1.453e-05,8.0,0.00011624
WABI/BTC,1563742543129,2019-07-21T20:55:43.129Z,sell,1.448e-05,108.0,0.00156384
WABI/BTC,1563742587875,2019-07-21T20:56:27.875Z,sell,1.448e-05,393.0,0.00569064
WABI/BTC,1563742587971,2019-07-21T20:56:27.971Z,buy,1.452e-05,2.0,2.904e-05
WABI/BTC,1563742643098,2019-07-21T20:57:23.098Z,sell,1.448e-05,108.0,0.00156384
WABI/BTC,1563742653090,2019-07-21T20:57:33.090Z,buy,1.452e-05,2.0,2.904e-05
WABI/BTC,1563742660892,2019-07-21T20:57:40.892Z,sell,1.448e-05,362.0,0.00524176
WABI/BTC,1563742660892,2019-07-21T20:57:40.892Z,sell,1.447e-05,52.0,0.00075244
WABI/BTC,1563742715911,2019-07-21T20:58:35.911Z,buy,1.452e-05,60.0,0.0008712
WABI/BTC,1563742715911,2019-07-21T20:58:35.911Z,buy,1.452e-05,60.0,0.0008712
WABI/BTC,1563742721325,2019-07-21T20:58:41.325Z,buy,1.452e-05,10.0,0.0001452
WABI/BTC,1563742797227,2019-07-21T20:59:57.227Z,buy,1.448e-05,326.0,0.00472048
WABI/BTC,1563742797230,2019-07-21T20:59:57.230Z,buy,1.451e-05,461.0,0.00668911
WABI/BTC,1563742971316,2019-07-21T21:02:51.316Z,sell,1.447e-05,148.0,0.00214156
WABI/BTC,1563742971516,2019-07-21T21:02:51.516Z,sell,1.447e-05,289.0,0.00418183
WABI/BTC,1563742992749,2019-07-21T21:03:12.749Z,sell,1.447e-05,3762.0,0.05443614
WABI/BTC,1563743024645,2019-07-21T21:03:44.645Z,buy,1.451e-05,2.0,2.902e-05
WABI/BTC,1563743054605,2019-07-21T21:04:14.605Z,sell,1.447e-05,276.0,0.00399372
WABI/BTC,1563743055711,2019-07-21T21:04:15.711Z,sell,1.447e-05,277.0,0.00400819
WABI/BTC,1563743136224,2019-07-21T21:05:36.224Z,buy,1.45e-05,31.0,0.0004495
WABI/BTC,1563743137754,2019-07-21T21:05:37.754Z,buy,1.45e-05,2.0,2.9e-05
WABI/BTC,1563743154669,2019-07-21T21:05:54.669Z,buy,1.448e-05,1160.0,0.0167968
WABI/BTC,1563743154679,2019-07-21T21:05:54.679Z,buy,1.449e-05,201.0,0.00291249
WABI/BTC,1563743156699,2019-07-21T21:05:56.699Z,sell,1.447e-05,215.0,0.00311105
WABI/BTC,1563743196778,2019-07-21T21:06:36.778Z,sell,1.447e-05,643.0,0.00930421
WABI/BTC,1563743197824,2019-07-21T21:06:37.824Z,sell,1.447e-05,743.0,0.01075121
WABI/BTC,1563743206369,2019-07-21T21:06:46.369Z,sell,1.445e-05,7.0,0.00010115
WABI/BTC,1563743219137,2019-07-21T21:06:59.137Z,buy,1.445e-05,59.0,0.00085255
WABI/BTC,1563743274366,2019-07-21T21:07:54.366Z,sell,1.439e-05,365.0,0.0052523499999999
WABI/BTC,1563743274366,2019-07-21T21:07:54.366Z,sell,1.438e-05,4520.0,0.0649976
WABI/BTC,1563743274407,2019-07-21T21:07:54.407Z,buy,1.438e-05,22.0,0.00031636
WABI/BTC,1563743308520,2019-07-21T21:08:28.520Z,sell,1.437e-05,1066.0,0.01531842
WABI/BTC,1563743308520,2019-07-21T21:08:28.520Z,sell,1.434e-05,521.0,0.00747114
WABI/BTC,1563743308520,2019-07-21T21:08:28.520Z,sell,1.433e-05,19.0,0.00027227
WABI/BTC,1563743308520,2019-07-21T21:08:28.520Z,sell,1.432e-05,2889.0,0.04137048
WABI/BTC,1563743311836,2019-07-21T21:08:31.836Z,buy,1.439e-05,42.0,0.00060438
WABI/BTC,1563743318446,2019-07-21T21:08:38.446Z,buy,1.437e-05,21.0,0.00030177
WABI/BTC,1563743326834,2019-07-21T21:08:46.834Z,buy,1.435e-05,22.0,0.0003157
WABI/BTC,1563743326934,2019-07-21T21:08:46.934Z,buy,1.435e-05,38.0,0.0005453
WABI/BTC,1563743327025,2019-07-21T21:08:47.025Z,buy,1.435e-05,32.0,0.0004592
WABI/BTC,1563743327789,2019-07-21T21:08:47.789Z,buy,1.435e-05,138.0,0.0019803
WABI/BTC,1563743328790,2019-07-21T21:08:48.790Z,buy,1.434e-05,492.0,0.00705528
WABI/BTC,1563743330787,2019-07-21T21:08:50.787Z,buy,1.433e-05,107.0,0.00153331
WABI/BTC,1563743330787,2019-07-21T21:08:50.787Z,buy,1.434e-05,187.0,0.00268158
WABI/BTC,1563743331785,2019-07-21T21:08:51.785Z,buy,1.433e-05,118.0,0.00169094
WABI/BTC,1563743331785,2019-07-21T21:08:51.785Z,buy,1.434e-05,5.0,7.17e-05
WABI/BTC,1563743332359,2019-07-21T21:08:52.359Z,buy,1.433e-05,33.0,0.00047289
WABI/BTC,1563743336509,2019-07-21T21:08:56.509Z,sell,1.432e-05,459.0,0.00657288
WABI/BTC,1563743382737,2019-07-21T21:09:42.737Z,sell,1.434e-05,419.0,0.00600846
WABI/BTC,1563743383732,2019-07-21T21:09:43.732Z,buy,1.434e-05,570.0,0.0081738
WABI/BTC,1563743383732,2019-07-21T21:09:43.732Z,buy,1.434e-05,101.0,0.00144834
WABI/BTC,1563743386263,2019-07-21T21:09:46.263Z,sell,1.434e-05,334.0,0.00478956
WABI/BTC,1563743414277,2019-07-21T21:10:14.277Z,buy,1.44e-05,10.0,0.000144
WABI/BTC,1563743433786,2019-07-21T21:10:33.786Z,buy,1.44e-05,560.0,0.008064
WABI/BTC,1563743698422,2019-07-21T21:14:58.422Z,buy,1.439e-05,267.0,0.00384213
WABI/BTC,1563743698425,2019-07-21T21:14:58.425Z,buy,1.439e-05,511.0,0.0073532899999999
WABI/BTC,1563743738437,2019-07-21T21:15:38.437Z,sell,1.439e-05,63.0,0.00090657
WABI/BTC,1563743823793,2019-07-21T21:17:03.793Z,buy,1.436e-05,116.0,0.00166576
WABI/BTC,1563743823799,2019-07-21T21:17:03.799Z,buy,1.44e-05,419.0,0.0060336
WABI/BTC,1563743918854,2019-07-21T21:18:38.854Z,buy,1.439e-05,365.0,0.0052523499999999
WABI/BTC,1563743918854,2019-07-21T21:18:38.854Z,buy,1.44e-05,3884.0,0.0559295999999999
WABI/BTC,1563743931145,2019-07-21T21:18:51.145Z,buy,1.441e-05,2.0,2.882e-05
WABI/BTC,1563743931245,2019-07-21T21:18:51.245Z,sell,1.44e-05,7.0,0.0001008
WABI/BTC,1563743932828,2019-07-21T21:18:52.828Z,sell,1.44e-05,1607.0,0.0231408
WABI/BTC,1563743948217,2019-07-21T21:19:08.217Z,sell,1.44e-05,664.0,0.0095616
WABI/BTC,1563744077653,2019-07-21T21:21:17.653Z,buy,1.44e-05,110.0,0.001584
WABI/BTC,1563744096849,2019-07-21T21:21:36.849Z,buy,1.44e-05,75.0,0.00108
WABI/BTC,1563744112570,2019-07-21T21:21:52.570Z,sell,1.437e-05,967.0,0.01389579
WABI/BTC,1563744114378,2019-07-21T21:21:54.378Z,buy,1.438e-05,616.0,0.0088580799999999
WABI/BTC,1563744114379,2019-07-21T21:21:54.379Z,buy,1.439e-05,303.0,0.00436017
WABI/BTC,1563744154856,2019-07-21T21:22:34.856Z,buy,1.44e-05,613.0,0.0088272
WABI/BTC,1563744236955,2019-07-21T21:23:56.955Z,buy,1.441e-05,2.0,2.882e-05
WABI/BTC,1563744237857,2019-07-21T21:23:57.857Z,buy,1.441e-05,2.0,2.882e-05
WABI/BTC,1563744275839,2019-07-21T21:24:35.839Z,buy,1.441e-05,13.0,0.0001873299999999
WABI/BTC,1563744275839,2019-07-21T21:24:35.839Z,buy,1.445e-05,660.0,0.009537
WABI/BTC,1563744282274,2019-07-21T21:24:42.274Z,buy,1.444e-05,388.0,0.00560272
WABI/BTC,1563744282276,2019-07-21T21:24:42.276Z,sell,1.443e-05,1232.0,0.01777776
WABI/BTC,1563744354218,2019-07-21T21:25:54.218Z,buy,1.444e-05,2.0,2.888e-05
WABI/BTC,1563744434623,2019-07-21T21:27:14.623Z,buy,1.444e-05,70.0,0.0010108
WABI/BTC,1563744471097,2019-07-21T21:27:51.097Z,buy,1.444e-05,100.0,0.001444
WABI/BTC,1563744485764,2019-07-21T21:28:05.764Z,buy,1.445e-05,2.0,2.89e-05
WABI/BTC,1563744488613,2019-07-21T21:28:08.613Z,sell,1.444e-05,51.0,0.00073644
WABI/BTC,1563744492825,2019-07-21T21:28:12.825Z,sell,1.444e-05,522.0,0.00753768
WABI/BTC,1563744622617,2019-07-21T21:30:22.617Z,buy,1.444e-05,200.0,0.002888
WABI/BTC,1563744659852,2019-07-21T21:30:59.852Z,buy,1.444e-05,71.0,0.00102524
WABI/BTC,1563744716933,2019-07-21T21:31:56.933Z,buy,1.444e-05,537.0,0.00775428
WABI/BTC,1563744748905,2019-07-21T21:32:28.905Z,buy,1.445e-05,246.0,0.0035547
WABI/BTC,1563744763803,2019-07-21T21:32:43.803Z,buy,1.445e-05,702.0,0.0101439
WABI/BTC,1563744765777,2019-07-21T21:32:45.777Z,buy,1.445e-05,227.0,0.00328015
WABI/BTC,1563744886930,2019-07-21T21:34:46.930Z,buy,1.445e-05,1470.0,0.0212415
WABI/BTC,1563744909925,2019-07-21T21:35:09.925Z,buy,1.446e-05,24.0,0.00034704
WABI/BTC,1563744925140,2019-07-21T21:35:25.140Z,buy,1.446e-05,679.0,0.00981834
WABI/BTC,1563745020697,2019-07-21T21:37:00.697Z,buy,1.447e-05,8.0,0.00011576
WABI/BTC,1563745029789,2019-07-21T21:37:09.789Z,buy,1.448e-05,302.0,0.00437296
WABI/BTC,1563745030779,2019-07-21T21:37:10.779Z,buy,1.448e-05,286.0,0.00414128
WABI/BTC,1563745030779,2019-07-21T21:37:10.779Z,buy,1.453e-05,338.0,0.00491114
WABI/BTC,1563745031967,2019-07-21T21:37:11.967Z,buy,1.451e-05,237.0,0.00343887
WABI/BTC,1563745031967,2019-07-21T21:37:11.967Z,buy,1.452e-05,385.0,0.0055902
WABI/BTC,1563745135503,2019-07-21T21:38:55.503Z,sell,1.447e-05,362.0,0.00523814
WABI/BTC,1563745135503,2019-07-21T21:38:55.503Z,sell,1.446e-05,372.0,0.00537912
WABI/BTC,1563745153423,2019-07-21T21:39:13.423Z,buy,1.45e-05,2.0,2.9e-05
WABI/BTC,1563745191606,2019-07-21T21:39:51.606Z,buy,1.45e-05,16.0,0.000232
WABI/BTC,1563745193810,2019-07-21T21:39:53.810Z,buy,1.449e-05,222.0,0.00321678
WABI/BTC,1563745438709,2019-07-21T21:43:58.709Z,buy,1.449e-05,122.0,0.00176778
WABI/BTC,1563745538646,2019-07-21T21:45:38.646Z,buy,1.449e-05,2.0,2.898e-05
WABI/BTC,1563745659041,2019-07-21T21:47:39.041Z,buy,1.448e-05,124.0,0.00179552
WABI/BTC,1563745685880,2019-07-21T21:48:05.880Z,buy,1.447e-05,632.0,0.00914504
WABI/BTC,1563745798171,2019-07-21T21:49:58.171Z,buy,1.449e-05,2.0,2.898e-05
WABI/BTC,1563745862187,2019-07-21T21:51:02.187Z,buy,1.449e-05,86.0,0.00124614
WABI/BTC,1563745863011,2019-07-21T21:51:03.011Z,sell,1.449e-05,1410.0,0.0204309
WABI/BTC,1563745870891,2019-07-21T21:51:10.891Z,buy,1.45e-05,142.0,0.002059
WABI/BTC,1563745970248,2019-07-21T21:52:50.248Z,buy,1.45e-05,2.0,2.9e-05
WABI/BTC,1563745989766,2019-07-21T21:53:09.766Z,buy,1.45e-05,9.0,0.0001305
WABI/BTC,1563746027771,2019-07-21T21:53:47.771Z,buy,1.45e-05,211.0,0.0030595
WABI/BTC,1563746027894,2019-07-21T21:53:47.894Z,sell,1.45e-05,26.0,0.000377
WABI/BTC,1563746033037,2019-07-21T21:53:53.037Z,sell,1.45e-05,84.0,0.001218
WABI/BTC,1563746141775,2019-07-21T21:55:41.775Z,sell,1.45e-05,316.0,0.004582
WABI/BTC,1563746245062,2019-07-21T21:57:25.062Z,sell,1.45e-05,231.0,0.0033495
WABI/BTC,1563746245062,2019-07-21T21:57:25.062Z,sell,1.444e-05,416.0,0.00600704
WABI/BTC,1563746245062,2019-07-21T21:57:25.062Z,sell,1.443e-05,399.0,0.00575757
WABI/BTC,1563746285053,2019-07-21T21:58:05.053Z,buy,1.45e-05,2.0,2.9e-05
WABI/BTC,1563746285053,2019-07-21T21:58:05.053Z,buy,1.45e-05,2.0,2.9e-05
WABI/BTC,1563746323234,2019-07-21T21:58:43.234Z,buy,1.45e-05,9.0,0.0001305
WABI/BTC,1563746325414,2019-07-21T21:58:45.414Z,sell,1.445e-05,553.0,0.00799085
WABI/BTC,1563746325421,2019-07-21T21:58:45.421Z,buy,1.449e-05,193.0,0.00279657
WABI/BTC,1563746368247,2019-07-21T21:59:28.247Z,sell,1.449e-05,71.0,0.00102879
WABI/BTC,1563746415240,2019-07-21T22:00:15.240Z,buy,1.45e-05,1068.0,0.015486
WABI/BTC,1563746415240,2019-07-21T22:00:15.240Z,buy,1.452e-05,64.0,0.00092928
WABI/BTC,1563746417330,2019-07-21T22:00:17.330Z,buy,1.454e-05,9.0,0.00013086
WABI/BTC,1563746417330,2019-07-21T22:00:17.330Z,buy,1.455e-05,378.0,0.0054999
WABI/BTC,1563746485271,2019-07-21T22:01:25.271Z,buy,1.455e-05,453.0,0.00659115
WABI/BTC,1563746485740,2019-07-21T22:01:25.740Z,sell,1.456e-05,19.0,0.00027664
WABI/BTC,1563746497148,2019-07-21T22:01:37.148Z,sell,1.457e-05,607.0,0.00884399
WABI/BTC,1563746518624,2019-07-21T22:01:58.624Z,sell,1.457e-05,319.0,0.0046478299999999
WABI/BTC,1563746528929,2019-07-21T22:02:08.929Z,buy,1.459e-05,11.0,0.00016049
WABI/BTC,1563746528929,2019-07-21T22:02:08.929Z,buy,1.46e-05,12.0,0.0001752
WABI/BTC,1563746528929,2019-07-21T22:02:08.929Z,buy,1.463e-05,138.0,0.00201894
WABI/BTC,1563746530616,2019-07-21T22:02:10.616Z,buy,1.463e-05,160.0,0.0023408
WABI/BTC,1563746566461,2019-07-21T22:02:46.461Z,sell,1.451e-05,1102.0,0.01599002
WABI/BTC,1563746582279,2019-07-21T22:03:02.279Z,buy,1.451e-05,657.0,0.00953307
WABI/BTC,1563746589455,2019-07-21T22:03:09.455Z,sell,1.454e-05,138.0,0.00200652
WABI/BTC,1563746648624,2019-07-21T22:04:08.624Z,buy,1.461e-05,611.0,0.00892671
WABI/BTC,1563746663780,2019-07-21T22:04:23.780Z,buy,1.459e-05,415.0,0.00605485
WABI/BTC,1563746663780,2019-07-21T22:04:23.780Z,buy,1.461e-05,338.0,0.00493818
WABI/BTC,1563746663780,2019-07-21T22:04:23.780Z,buy,1.462e-05,3396.0,0.04964952
WABI/BTC,1563746663780,2019-07-21T22:04:23.780Z,buy,1.463e-05,2041.0,0.02985983
WABI/BTC,1563746663813,2019-07-21T22:04:23.813Z,sell,1.463e-05,137.0,0.00200431
WABI/BTC,1563746663829,2019-07-21T22:04:23.829Z,sell,1.463e-05,60.0,0.0008778
WABI/BTC,1563746673110,2019-07-21T22:04:33.110Z,buy,1.465e-05,35.0,0.00051275
WABI/BTC,1563746678607,2019-07-21T22:04:38.607Z,sell,1.463e-05,155.0,0.00226765
WABI/BTC,1563746679763,2019-07-21T22:04:39.763Z,sell,1.463e-05,55339.0,0.80960957
WABI/BTC,1563746680437,2019-07-21T22:04:40.437Z,buy,1.467e-05,9.0,0.00013203
WABI/BTC,1563746680437,2019-07-21T22:04:40.437Z,buy,1.468e-05,800.0,0.011744
WABI/BTC,1563746680437,2019-07-21T22:04:40.437Z,buy,1.469e-05,1391.0,0.02043379
WABI/BTC,1563746680437,2019-07-21T22:04:40.437Z,buy,1.47e-05,6492.0,0.0954324
WABI/BTC,1563746680491,2019-07-21T22:04:40.491Z,sell,1.47e-05,56.0,0.0008232
WABI/BTC,1563746680627,2019-07-21T22:04:40.627Z,buy,1.471e-05,31.0,0.0004560099999999
WABI/BTC,1563746680737,2019-07-21T22:04:40.737Z,sell,1.471e-05,32.0,0.00047072
WABI/BTC,1563746681588,2019-07-21T22:04:41.588Z,sell,1.472e-05,60.0,0.0008832
WABI/BTC,1563746683117,2019-07-21T22:04:43.117Z,buy,1.474e-05,7.0,0.00010318
WABI/BTC,1563746702862,2019-07-21T22:05:02.862Z,buy,1.472e-05,201.0,0.0029587199999999
WABI/BTC,1563746702862,2019-07-21T22:05:02.862Z,buy,1.473e-05,4413.0,0.06500349
WABI/BTC,1563746702862,2019-07-21T22:05:02.862Z,buy,1.474e-05,7.0,0.00010318
WABI/BTC,1563746702862,2019-07-21T22:05:02.862Z,buy,1.476e-05,263.0,0.00388188
WABI/BTC,1563746702862,2019-07-21T22:05:02.862Z,buy,1.478e-05,97.0,0.00143366
WABI/BTC,1563746702862,2019-07-21T22:05:02.862Z,buy,1.479e-05,447.0,0.00661113
WABI/BTC,1563746702862,2019-07-21T22:05:02.862Z,buy,1.48e-05,3017.0,0.0446516
WABI/BTC,1563746702925,2019-07-21T22:05:02.925Z,sell,1.48e-05,42.0,0.0006216
WABI/BTC,1563746703003,2019-07-21T22:05:03.003Z,sell,1.48e-05,17.0,0.0002516
WABI/BTC,1563746703851,2019-07-21T22:05:03.851Z,sell,1.48e-05,7.0,0.0001036
WABI/BTC,1563746706586,2019-07-21T22:05:06.586Z,buy,1.484e-05,319.0,0.00473396
WABI/BTC,1563746706586,2019-07-21T22:05:06.586Z,buy,1.485e-05,352.0,0.0052272
WABI/BTC,1563746707098,2019-07-21T22:05:07.098Z,sell,1.48e-05,815.0,0.012062
WABI/BTC,1563746709072,2019-07-21T22:05:09.072Z,sell,1.48e-05,32.0,0.0004736
WABI/BTC,1563746709616,2019-07-21T22:05:09.616Z,buy,1.485e-05,34.0,0.0005049
WABI/BTC,1563746715147,2019-07-21T22:05:15.147Z,sell,1.48e-05,40.0,0.000592
WABI/BTC,1563746716351,2019-07-21T22:05:16.351Z,sell,1.48e-05,301.0,0.0044548
WABI/BTC,1563746720698,2019-07-21T22:05:20.698Z,sell,1.48e-05,42.0,0.0006216
WABI/BTC,1563746727421,2019-07-21T22:05:27.421Z,sell,1.48e-05,55.0,0.000814
WABI/BTC,1563746727587,2019-07-21T22:05:27.587Z,sell,1.48e-05,59.0,0.0008732
WABI/BTC,1563746734477,2019-07-21T22:05:34.477Z,sell,1.48e-05,345.0,0.005106
WABI/BTC,1563746838808,2019-07-21T22:07:18.808Z,buy,1.484e-05,558.0,0.00828072
WABI/BTC,1563746855557,2019-07-21T22:07:35.557Z,buy,1.484e-05,1523.0,0.02260132
WABI/BTC,1563746855557,2019-07-21T22:07:35.557Z,buy,1.485e-05,3197.0,0.04747545
WABI/BTC,1563746855648,2019-07-21T22:07:35.648Z,buy,1.486e-05,60.0,0.0008916
WABI/BTC,1563746863104,2019-07-21T22:07:43.104Z,sell,1.483e-05,352.0,0.00522016
WABI/BTC,1563746863104,2019-07-21T22:07:43.104Z,sell,1.482e-05,344.0,0.00509808
WABI/BTC,1563746863104,2019-07-21T22:07:43.104Z,sell,1.473e-05,284.0,0.00418332
WABI/BTC,1563746864351,2019-07-21T22:07:44.351Z,sell,1.476e-05,14.0,0.00020664
WABI/BTC,1563746866951,2019-07-21T22:07:46.951Z,sell,1.476e-05,135.0,0.0019925999999999
WABI/BTC,1563746868344,2019-07-21T22:07:48.344Z,buy,1.48e-05,74.0,0.0010952
WABI/BTC,1563746868763,2019-07-21T22:07:48.763Z,sell,1.48e-05,196.0,0.0029008
WABI/BTC,1563746868763,2019-07-21T22:07:48.763Z,sell,1.476e-05,475.0,0.007011
WABI/BTC,1563746881005,2019-07-21T22:08:01.005Z,buy,1.486e-05,352.0,0.00523072
WABI/BTC,1563746881005,2019-07-21T22:08:01.005Z,buy,1.487e-05,1372.0,0.02040164
WABI/BTC,1563746881005,2019-07-21T22:08:01.005Z,buy,1.488e-05,6135.0,0.0912888
WABI/BTC,1563746881005,2019-07-21T22:08:01.005Z,buy,1.489e-05,7.0,0.00010423
WABI/BTC,1563746881037,2019-07-21T22:08:01.037Z,sell,1.489e-05,107.0,0.00159323
WABI/BTC,1563746881118,2019-07-21T22:08:01.118Z,sell,1.489e-05,2926.0,0.04356814
WABI/BTC,1563746884713,2019-07-21T22:08:04.713Z,buy,1.49e-05,7.0,0.0001043
WABI/BTC,1563746894470,2019-07-21T22:08:14.470Z,buy,1.491e-05,731.0,0.01089921
WABI/BTC,1563746894470,2019-07-21T22:08:14.470Z,buy,1.492e-05,430.0,0.0064156
WABI/BTC,1563746922308,2019-07-21T22:08:42.308Z,sell,1.492e-05,51.0,0.00076092
WABI/BTC,1563746934975,2019-07-21T22:08:54.975Z,buy,1.494e-05,200.0,0.0029879999999999
WABI/BTC,1563746934975,2019-07-21T22:08:54.975Z,buy,1.495e-05,273.0,0.00408135
WABI/BTC,1563746935326,2019-07-21T22:08:55.326Z,buy,1.495e-05,80.0,0.001196
WABI/BTC,1563746948348,2019-07-21T22:09:08.348Z,buy,1.495e-05,257.0,0.00384215
WABI/BTC,1563746948348,2019-07-21T22:09:08.348Z,buy,1.496e-05,608.0,0.00909568
WABI/BTC,1563746951074,2019-07-21T22:09:11.074Z,sell,1.492e-05,270.0,0.0040284
WABI/BTC,1563746952433,2019-07-21T22:09:12.433Z,buy,1.495e-05,456.0,0.0068172
WABI/BTC,1563746952433,2019-07-21T22:09:12.433Z,buy,1.496e-05,1436.0,0.02148256
WABI/BTC,1563746952433,2019-07-21T22:09:12.433Z,buy,1.497e-05,1539.0,0.02303883
WABI/BTC,1563746952585,2019-07-21T22:09:12.585Z,sell,1.497e-05,258.0,0.00386226
WABI/BTC,1563746952709,2019-07-21T22:09:12.709Z,sell,1.497e-05,175.0,0.00261975
WABI/BTC,1563746952821,2019-07-21T22:09:12.821Z,buy,1.499e-05,1500.0,0.022485
WABI/BTC,1563746952821,2019-07-21T22:09:12.821Z,buy,1.5e-05,445.0,0.006675
WABI/BTC,1563746955679,2019-07-21T22:09:15.679Z,buy,1.5e-05,643.0,0.009645
WABI/BTC,1563746955941,2019-07-21T22:09:15.941Z,sell,1.497e-05,291.0,0.00435627
WABI/BTC,1563746957749,2019-07-21T22:09:17.749Z,sell,1.498e-05,60.0,0.0008988
WABI/BTC,1563746960448,2019-07-21T22:09:20.448Z,sell,1.498e-05,1102.0,0.01650796
WABI/BTC,1563746960448,2019-07-21T22:09:20.448Z,sell,1.497e-05,8035.0,0.12028395
WABI/BTC,1563746960448,2019-07-21T22:09:20.448Z,sell,1.493e-05,35.0,0.00052255
WABI/BTC,1563746963513,2019-07-21T22:09:23.513Z,buy,1.5e-05,200.0,0.003
WABI/BTC,1563746966392,2019-07-21T22:09:26.392Z,buy,1.5e-05,551.0,0.008265
WABI/BTC,1563746969179,2019-07-21T22:09:29.179Z,buy,1.5e-05,68.0,0.00102
WABI/BTC,1563746971262,2019-07-21T22:09:31.262Z,buy,1.5e-05,96.0,0.00144
WABI/BTC,1563746976046,2019-07-21T22:09:36.046Z,sell,1.493e-05,313.0,0.0046730899999999
WABI/BTC,1563746979098,2019-07-21T22:09:39.098Z,sell,1.492e-05,310.0,0.0046251999999999
WABI/BTC,1563746981989,2019-07-21T22:09:41.989Z,buy,1.493e-05,2.0,2.986e-05
WABI/BTC,1563747007916,2019-07-21T22:10:07.916Z,sell,1.485e-05,49.0,0.00072765
WABI/BTC,1563747013628,2019-07-21T22:10:13.628Z,buy,1.493e-05,2.0,2.986e-05
WABI/BTC,1563747014622,2019-07-21T22:10:14.622Z,buy,1.493e-05,83.0,0.00123919
WABI/BTC,1563747014622,2019-07-21T22:10:14.622Z,buy,1.498e-05,7.0,0.00010486
WABI/BTC,1563747014622,2019-07-21T22:10:14.622Z,buy,1.499e-05,1510.0,0.0226349
WABI/BTC,1563747014622,2019-07-21T22:10:14.622Z,buy,1.5e-05,1318.0,0.01977
WABI/BTC,1563747080106,2019-07-21T22:11:20.106Z,buy,1.499e-05,149.0,0.00223351
WABI/BTC,1563747125426,2019-07-21T22:12:05.426Z,buy,1.499e-05,183.0,0.00274317
WABI/BTC,1563747125539,2019-07-21T22:12:05.539Z,sell,1.499e-05,40.0,0.0005996
WABI/BTC,1563747143756,2019-07-21T22:12:23.756Z,sell,1.499e-05,21.0,0.00031479
WABI/BTC,1563747145301,2019-07-21T22:12:25.301Z,buy,1.499e-05,2.0,2.998e-05
WABI/BTC,1563747145491,2019-07-21T22:12:25.491Z,sell,1.49e-05,22.0,0.0003278
WABI/BTC,1563747165104,2019-07-21T22:12:45.104Z,buy,1.499e-05,313.0,0.00469187
WABI/BTC,1563747232179,2019-07-21T22:13:52.179Z,sell,1.494e-05,310.0,0.0046314
WABI/BTC,1563747240647,2019-07-21T22:14:00.647Z,buy,1.498e-05,86.0,0.00128828
WABI/BTC,1563747312683,2019-07-21T22:15:12.683Z,buy,1.498e-05,2617.0,0.03920266
WABI/BTC,1563747327642,2019-07-21T22:15:27.642Z,sell,1.498e-05,5192.0,0.07777616
WABI/BTC,1563747335650,2019-07-21T22:15:35.650Z,sell,1.491e-05,350.0,0.0052185
WABI/BTC,1563747335650,2019-07-21T22:15:35.650Z,sell,1.49e-05,382.0,0.0056917999999999
WABI/BTC,1563747335650,2019-07-21T22:15:35.650Z,sell,1.489e-05,669.0,0.00996141
WABI/BTC,1563747335650,2019-07-21T22:15:35.650Z,sell,1.487e-05,400.0,0.005948
WABI/BTC,1563747342766,2019-07-21T22:15:42.766Z,sell,1.487e-05,681.0,0.01012647
WABI/BTC,1563747342766,2019-07-21T22:15:42.766Z,sell,1.486e-05,1165.0,0.0173119
WABI/BTC,1563747342766,2019-07-21T22:15:42.766Z,sell,1.485e-05,2784.0,0.0413424
WABI/BTC,1563747351304,2019-07-21T22:15:51.304Z,buy,1.496e-05,13.0,0.00019448
WABI/BTC,1563747359046,2019-07-21T22:15:59.046Z,buy,1.497e-05,350.0,0.0052395
WABI/BTC,1563747359046,2019-07-21T22:15:59.046Z,buy,1.498e-05,404.0,0.00605192
WABI/BTC,1563747359046,2019-07-21T22:15:59.046Z,buy,1.499e-05,2901.0,0.04348599
WABI/BTC,1563747359046,2019-07-21T22:15:59.046Z,buy,1.5e-05,915.0,0.013725
WABI/BTC,1563747366416,2019-07-21T22:16:06.416Z,buy,1.502e-05,19.0,0.00028538
WABI/BTC,1563747366416,2019-07-21T22:16:06.416Z,buy,1.505e-05,62.0,0.0009331
WABI/BTC,1563747368973,2019-07-21T22:16:08.973Z,buy,1.507e-05,7.0,0.00010549
WABI/BTC,1563747383054,2019-07-21T22:16:23.054Z,buy,1.501e-05,1140.0,0.0171114
WABI/BTC,1563747383065,2019-07-21T22:16:23.065Z,buy,1.505e-05,1766.0,0.0265783
WABI/BTC,1563747402761,2019-07-21T22:16:42.761Z,buy,1.507e-05,164.0,0.00247148
WABI/BTC,1563747416698,2019-07-21T22:16:56.698Z,sell,1.495e-05,1918.0,0.0286740999999999
WABI/BTC,1563747416698,2019-07-21T22:16:56.698Z,sell,1.494e-05,4351.0,0.06500394
WABI/BTC,1563747416698,2019-07-21T22:16:56.698Z,sell,1.493e-05,7.0,0.00010451
WABI/BTC,1563747416698,2019-07-21T22:16:56.698Z,sell,1.488e-05,251.0,0.00373488
WABI/BTC,1563747416698,2019-07-21T22:16:56.698Z,sell,1.487e-05,1929.0,0.02868423
WABI/BTC,1563747416698,2019-07-21T22:16:56.698Z,sell,1.486e-05,28322.0,0.42086492
WABI/BTC,1563747416718,2019-07-21T22:16:56.718Z,buy,1.486e-05,1929.0,0.02866494
WABI/BTC,1563747416718,2019-07-21T22:16:56.718Z,buy,1.486e-05,1504.0,0.02234944
WABI/BTC,1563747423202,2019-07-21T22:17:03.202Z,buy,1.488e-05,2.0,2.976e-05
WABI/BTC,1563747423586,2019-07-21T22:17:03.586Z,buy,1.488e-05,3097.0,0.04608336
WABI/BTC,1563747423586,2019-07-21T22:17:03.586Z,buy,1.495e-05,251.0,0.0037524499999999
WABI/BTC,1563747423586,2019-07-21T22:17:03.586Z,buy,1.504e-05,349.0,0.00524896
WABI/BTC,1563747423586,2019-07-21T22:17:03.586Z,buy,1.505e-05,3501.0,0.05269005
WABI/BTC,1563747426523,2019-07-21T22:17:06.523Z,buy,1.504e-05,402.0,0.00604608
WABI/BTC,1563747426523,2019-07-21T22:17:06.523Z,buy,1.505e-05,2735.0,0.04116175
WABI/BTC,1563747426523,2019-07-21T22:17:06.523Z,buy,1.508e-05,2218.0,0.03344744
WABI/BTC,1563747431775,2019-07-21T22:17:11.775Z,buy,1.508e-05,1302.0,0.01963416
WABI/BTC,1563747431775,2019-07-21T22:17:11.775Z,buy,1.509e-05,3476.0,0.05245284
WABI/BTC,1563747431775,2019-07-21T22:17:11.775Z,buy,1.51e-05,8699.0,0.1313549
WABI/BTC,1563747431775,2019-07-21T22:17:11.775Z,buy,1.512e-05,6421.0,0.09708552
WABI/BTC,1563747431775,2019-07-21T22:17:11.775Z,buy,1.513e-05,500.0,0.007565
WABI/BTC,1563747431775,2019-07-21T22:17:11.775Z,buy,1.514e-05,2950.0,0.044663
WABI/BTC,1563747434771,2019-07-21T22:17:14.771Z,buy,1.513e-05,4296.0,0.06499848
WABI/BTC,1563747434771,2019-07-21T22:17:14.771Z,buy,1.514e-05,666.0,0.01008324
WABI/BTC,1563747434771,2019-07-21T22:17:14.771Z,buy,1.515e-05,1674.0,0.0253611
WABI/BTC,1563747441881,2019-07-21T22:17:21.881Z,buy,1.507e-05,3744.0,0.05642208
WABI/BTC,1563747443816,2019-07-21T22:17:23.816Z,buy,1.507e-05,192.0,0.0028934399999999
WABI/BTC,1563747443816,2019-07-21T22:17:23.816Z,buy,1.515e-05,2004.0,0.0303606
WABI/BTC,1563747448349,2019-07-21T22:17:28.349Z,buy,1.515e-05,20.0,0.000303
WABI/BTC,1563747479593,2019-07-21T22:17:59.593Z,buy,1.515e-05,130.0,0.0019695
WABI/BTC,1563747479704,2019-07-21T22:17:59.704Z,buy,1.515e-05,939.0,0.01422585
WABI/BTC,1563747479818,2019-07-21T22:17:59.818Z,buy,1.515e-05,130.0,0.0019695
WABI/BTC,1563747479991,2019-07-21T22:17:59.991Z,buy,1.515e-05,130.0,0.0019695
WABI/BTC,1563747480179,2019-07-21T22:18:00.179Z,sell,1.509e-05,7.0,0.00010563
WABI/BTC,1563747481654,2019-07-21T22:18:01.654Z,sell,1.511e-05,310.0,0.0046841
WABI/BTC,1563747483208,2019-07-21T22:18:03.208Z,sell,1.512e-05,7.0,0.0001058399999999
WABI/BTC,1563747487324,2019-07-21T22:18:07.324Z,buy,1.515e-05,943.0,0.01428645
WABI/BTC,1563747487755,2019-07-21T22:18:07.755Z,sell,1.513e-05,7.0,0.00010591
WABI/BTC,1563747489507,2019-07-21T22:18:09.507Z,buy,1.516e-05,7.0,0.00010612
WABI/BTC,1563747490754,2019-07-21T22:18:10.754Z,sell,1.513e-05,7.0,0.00010591
WABI/BTC,1563747493754,2019-07-21T22:18:13.754Z,sell,1.513e-05,7.0,0.00010591
WABI/BTC,1563747496750,2019-07-21T22:18:16.750Z,sell,1.512e-05,7.0,0.0001058399999999
WABI/BTC,1563747498279,2019-07-21T22:18:18.279Z,sell,1.512e-05,7.0,0.0001058399999999
WABI/BTC,1563747501573,2019-07-21T22:18:21.573Z,sell,1.512e-05,7.0,0.0001058399999999
WABI/BTC,1563747503724,2019-07-21T22:18:23.724Z,sell,1.512e-05,2678.0,0.04049136
WABI/BTC,1563747503724,2019-07-21T22:18:23.724Z,sell,1.505e-05,2759.0,0.04152295
WABI/BTC,1563747503724,2019-07-21T22:18:23.724Z,sell,1.502e-05,72.0,0.00108144
WABI/BTC,1563747503724,2019-07-21T22:18:23.724Z,sell,1.501e-05,1676.0,0.02515676
WABI/BTC,1563747503724,2019-07-21T22:18:23.724Z,sell,1.498e-05,345.0,0.0051681
WABI/BTC,1563747503724,2019-07-21T22:18:23.724Z,sell,1.497e-05,1000.0,0.01497
WABI/BTC,1563747503743,2019-07-21T22:18:23.743Z,buy,1.497e-05,2526.0,0.03781422
WABI/BTC,1563747504577,2019-07-21T22:18:24.577Z,sell,1.5e-05,7.0,0.000105
WABI/BTC,1563747506109,2019-07-21T22:18:26.109Z,sell,1.499e-05,7.0,0.00010493
WABI/BTC,1563747506508,2019-07-21T22:18:26.508Z,sell,1.5e-05,401.0,0.006015
WABI/BTC,1563747506508,2019-07-21T22:18:26.508Z,sell,1.499e-05,371.0,0.00556129
WABI/BTC,1563747507172,2019-07-21T22:18:27.172Z,buy,1.509e-05,99.0,0.00149391
WABI/BTC,1563747507172,2019-07-21T22:18:27.172Z,buy,1.51e-05,1000.0,0.0150999999999999
WABI/BTC,1563747507172,2019-07-21T22:18:27.172Z,buy,1.513e-05,72.0,0.00108936
WABI/BTC,1563747507172,2019-07-21T22:18:27.172Z,buy,1.514e-05,746.0,0.01129444
WABI/BTC,1563747507172,2019-07-21T22:18:27.172Z,buy,1.515e-05,1298.0,0.0196647
WABI/BTC,1563747507581,2019-07-21T22:18:27.581Z,sell,1.499e-05,349.0,0.00523151
WABI/BTC,1563747507581,2019-07-21T22:18:27.581Z,sell,1.498e-05,401.0,0.00600698
WABI/BTC,1563747507581,2019-07-21T22:18:27.581Z,sell,1.497e-05,1928.0,0.02886216
WABI/BTC,1563747508725,2019-07-21T22:18:28.725Z,sell,1.5e-05,60.0,0.0009
WABI/BTC,1563747513178,2019-07-21T22:18:33.178Z,buy,1.508e-05,349.0,0.00526292
WABI/BTC,1563747513178,2019-07-21T22:18:33.178Z,buy,1.509e-05,310.0,0.0046779
WABI/BTC,1563747513178,2019-07-21T22:18:33.178Z,buy,1.51e-05,485.0,0.0073235
WABI/BTC,1563747513933,2019-07-21T22:18:33.933Z,buy,1.51e-05,100.0,0.0015099999999999
WABI/BTC,1563747517776,2019-07-21T22:18:37.776Z,buy,1.51e-05,182.0,0.0027481999999999
WABI/BTC,1563747517776,2019-07-21T22:18:37.776Z,buy,1.512e-05,7.0,0.0001058399999999
WABI/BTC,1563747517776,2019-07-21T22:18:37.776Z,buy,1.513e-05,401.0,0.00606713
WABI/BTC,1563747517776,2019-07-21T22:18:37.776Z,buy,1.514e-05,1010.0,0.0152914
WABI/BTC,1563747522285,2019-07-21T22:18:42.285Z,buy,1.514e-05,151.0,0.00228614
WABI/BTC,1563747522285,2019-07-21T22:18:42.285Z,buy,1.515e-05,1399.0,0.02119485
WABI/BTC,1563747522285,2019-07-21T22:18:42.285Z,buy,1.516e-05,31.0,0.00046996
WABI/BTC,1563747522285,2019-07-21T22:18:42.285Z,buy,1.519e-05,171.0,0.00259749
WABI/BTC,1563747522285,2019-07-21T22:18:42.285Z,buy,1.52e-05,1095.0,0.016644
WABI/BTC,1563747522285,2019-07-21T22:18:42.285Z,buy,1.521e-05,2137.0,0.03250377
WABI/BTC,1563747528238,2019-07-21T22:18:48.238Z,buy,1.52e-05,14.0,0.0002128
WABI/BTC,1563747535889,2019-07-21T22:18:55.889Z,sell,1.511e-05,16.0,0.00024176
WABI/BTC,1563747535912,2019-07-21T22:18:55.912Z,sell,1.511e-05,330.0,0.0049863
WABI/BTC,1563747535912,2019-07-21T22:18:55.912Z,sell,1.51e-05,398.0,0.0060098
WABI/BTC,1563747535912,2019-07-21T22:18:55.912Z,sell,1.509e-05,1156.0,0.01744404
WABI/BTC,1563747535912,2019-07-21T22:18:55.912Z,sell,1.508e-05,1284.0,0.01936272
WABI/BTC,1563747535912,2019-07-21T22:18:55.912Z,sell,1.504e-05,35.0,0.0005264
WABI/BTC,1563747535912,2019-07-21T22:18:55.912Z,sell,1.501e-05,320.0,0.0048032
WABI/BTC,1563747535912,2019-07-21T22:18:55.912Z,sell,1.499e-05,97.0,0.00145403
WABI/BTC,1563747535912,2019-07-21T22:18:55.912Z,sell,1.496e-05,3539.0,0.05294344
WABI/BTC,1563747535912,2019-07-21T22:18:55.912Z,sell,1.495e-05,463.0,0.0069218499999999
WABI/BTC,1563747535912,2019-07-21T22:18:55.912Z,sell,1.491e-05,1736.0,0.02588376
WABI/BTC,1563747535912,2019-07-21T22:18:55.912Z,sell,1.49e-05,684.0,0.0101916
WABI/BTC,1563747535912,2019-07-21T22:18:55.912Z,sell,1.489e-05,4804.0,0.07153156
WABI/BTC,1563747535912,2019-07-21T22:18:55.912Z,sell,1.488e-05,251.0,0.00373488
WABI/BTC,1563747535912,2019-07-21T22:18:55.912Z,sell,1.487e-05,623.0,0.00926401
WABI/BTC,1563747535912,2019-07-21T22:18:55.912Z,sell,1.486e-05,2160.0,0.0320976
WABI/BTC,1563747535912,2019-07-21T22:18:55.912Z,sell,1.485e-05,3829.0,0.05686065
WABI/BTC,1563747536184,2019-07-21T22:18:56.184Z,buy,1.503e-05,131.0,0.00196893
WABI/BTC,1563747536294,2019-07-21T22:18:56.294Z,buy,1.503e-05,34.0,0.00051102
WABI/BTC,1563747536530,2019-07-21T22:18:56.530Z,sell,1.499e-05,251.0,0.00376249
WABI/BTC,1563747536546,2019-07-21T22:18:56.546Z,sell,1.499e-05,251.0,0.00376249
WABI/BTC,1563747536546,2019-07-21T22:18:56.546Z,sell,1.498e-05,1610.0,0.0241178
WABI/BTC,1563747536559,2019-07-21T22:18:56.559Z,sell,1.5e-05,251.0,0.003765
WABI/BTC,1563747536599,2019-07-21T22:18:56.599Z,sell,1.499e-05,209.0,0.00313291
WABI/BTC,1563747536605,2019-07-21T22:18:56.605Z,sell,1.499e-05,125.0,0.00187375
WABI/BTC,1563747536605,2019-07-21T22:18:56.605Z,sell,1.498e-05,115.0,0.0017227
WABI/BTC,1563747536711,2019-07-21T22:18:56.711Z,buy,1.499e-05,26.0,0.00038974
WABI/BTC,1563747536727,2019-07-21T22:18:56.727Z,buy,1.499e-05,26.0,0.00038974
WABI/BTC,1563747536826,2019-07-21T22:18:56.826Z,buy,1.499e-05,26.0,0.00038974
WABI/BTC,1563747537847,2019-07-21T22:18:57.847Z,sell,1.498e-05,334.0,0.00500332
WABI/BTC,1563747538119,2019-07-21T22:18:58.119Z,buy,1.499e-05,345.0,0.00517155
WABI/BTC,1563747538607,2019-07-21T22:18:58.607Z,buy,1.499e-05,410.0,0.0061459
WABI/BTC,1563747542539,2019-07-21T22:19:02.539Z,buy,1.5e-05,600.0,0.009
WABI/BTC,1563747546333,2019-07-21T22:19:06.333Z,buy,1.496e-05,34.0,0.00050864
WABI/BTC,1563747549403,2019-07-21T22:19:09.403Z,sell,1.492e-05,114.0,0.0017008799999999
WABI/BTC,1563747549560,2019-07-21T22:19:09.560Z,buy,1.492e-05,288.0,0.00429696
WABI/BTC,1563747549604,2019-07-21T22:19:09.604Z,buy,1.502e-05,2.0,3.004e-05
WABI/BTC,1563747550340,2019-07-21T22:19:10.340Z,sell,1.494e-05,1458.0,0.02178252
WABI/BTC,1563747550340,2019-07-21T22:19:10.340Z,sell,1.493e-05,288.0,0.00429984
WABI/BTC,1563747550340,2019-07-21T22:19:10.340Z,sell,1.485e-05,574.0,0.0085239
WABI/BTC,1563747550340,2019-07-21T22:19:10.340Z,sell,1.484e-05,562.0,0.00834008
WABI/BTC,1563747550340,2019-07-21T22:19:10.340Z,sell,1.481e-05,1229.0,0.01820149
WABI/BTC,1563747550340,2019-07-21T22:19:10.340Z,sell,1.48e-05,5424.0,0.0802752
WABI/BTC,1563747550360,2019-07-21T22:19:10.360Z,buy,1.48e-05,870.0,0.012876
WABI/BTC,1563747550361,2019-07-21T22:19:10.361Z,buy,1.48e-05,528.0,0.0078144
WABI/BTC,1563747550388,2019-07-21T22:19:10.388Z,sell,1.479e-05,87.0,0.00128673
WABI/BTC,1563747550388,2019-07-21T22:19:10.388Z,sell,1.478e-05,441.0,0.00651798
WABI/BTC,1563747550545,2019-07-21T22:19:10.545Z,buy,1.48e-05,133.0,0.0019684
WABI/BTC,1563747550644,2019-07-21T22:19:10.644Z,buy,1.48e-05,657.0,0.0097236
WABI/BTC,1563747550665,2019-07-21T22:19:10.665Z,buy,1.48e-05,676.0,0.0100048
WABI/BTC,1563747551198,2019-07-21T22:19:11.198Z,buy,1.486e-05,103.0,0.00153058
WABI/BTC,1563747551870,2019-07-21T22:19:11.870Z,sell,1.486e-05,299.0,0.00444314
WABI/BTC,1563747551870,2019-07-21T22:19:11.870Z,sell,1.481e-05,810.0,0.0119961
WABI/BTC,1563747551979,2019-07-21T22:19:11.979Z,buy,1.487e-05,123.0,0.00182901
WABI/BTC,1563747552995,2019-07-21T22:19:12.995Z,sell,1.482e-05,248.0,0.00367536
WABI/BTC,1563747554105,2019-07-21T22:19:14.105Z,buy,1.483e-05,404.0,0.00599132
WABI/BTC,1563747555116,2019-07-21T22:19:15.116Z,buy,1.485e-05,7.0,0.00010395
WABI/BTC,1563747555919,2019-07-21T22:19:15.919Z,buy,1.486e-05,2.0,2.972e-05
WABI/BTC,1563747555919,2019-07-21T22:19:15.919Z,sell,1.485e-05,10.0,0.0001485
WABI/BTC,1563747565565,2019-07-21T22:19:25.565Z,buy,1.486e-05,214.0,0.00318004
WABI/BTC,1563747565565,2019-07-21T22:19:25.565Z,buy,1.487e-05,318.0,0.00472866
WABI/BTC,1563747565565,2019-07-21T22:19:25.565Z,buy,1.492e-05,87.0,0.0012980399999999
WABI/BTC,1563747565565,2019-07-21T22:19:25.565Z,buy,1.493e-05,236.0,0.00352348
WABI/BTC,1563747565565,2019-07-21T22:19:25.565Z,buy,1.495e-05,562.0,0.0084019
WABI/BTC,1563747565565,2019-07-21T22:19:25.565Z,buy,1.499e-05,597.0,0.00894903
WABI/BTC,1563747565617,2019-07-21T22:19:25.617Z,sell,1.501e-05,1569.0,0.02355069
WABI/BTC,1563747565618,2019-07-21T22:19:25.618Z,sell,1.501e-05,636.0,0.00954636
WABI/BTC,1563747566218,2019-07-21T22:19:26.218Z,buy,1.5e-05,2.0,3e-05
WABI/BTC,1563747566955,2019-07-21T22:19:26.955Z,sell,1.489e-05,599.0,0.00891911
WABI/BTC,1563747571574,2019-07-21T22:19:31.574Z,buy,1.496e-05,351.0,0.00525096
WABI/BTC,1563747571574,2019-07-21T22:19:31.574Z,buy,1.497e-05,173.0,0.00258981
WABI/BTC,1563747571574,2019-07-21T22:19:31.574Z,buy,1.499e-05,1058.0,0.01585942
WABI/BTC,1563747571574,2019-07-21T22:19:31.574Z,buy,1.5e-05,2106.0,0.03159
WABI/BTC,1563747571574,2019-07-21T22:19:31.574Z,buy,1.503e-05,2341.0,0.03518523
WABI/BTC,1563747574584,2019-07-21T22:19:34.584Z,buy,1.503e-05,33.0,0.00049599
WABI/BTC,1563747578642,2019-07-21T22:19:38.642Z,sell,1.502e-05,676.0,0.01015352
WABI/BTC,1563747588319,2019-07-21T22:19:48.319Z,buy,1.503e-05,162.0,0.00243486
WABI/BTC,1563747588319,2019-07-21T22:19:48.319Z,buy,1.507e-05,40.0,0.0006028
WABI/BTC,1563747594426,2019-07-21T22:19:54.426Z,buy,1.504e-05,251.0,0.00377504
WABI/BTC,1563747594426,2019-07-21T22:19:54.426Z,buy,1.507e-05,2327.0,0.03506789
WABI/BTC,1563747594426,2019-07-21T22:19:54.426Z,buy,1.508e-05,1236.0,0.01863888
WABI/BTC,1563747594426,2019-07-21T22:19:54.426Z,buy,1.509e-05,786.0,0.01186074
WABI/BTC,1563747594426,2019-07-21T22:19:54.426Z,buy,1.511e-05,133.0,0.00200963
WABI/BTC,1563747594426,2019-07-21T22:19:54.426Z,buy,1.512e-05,474.0,0.00716688
WABI/BTC,1563747595334,2019-07-21T22:19:55.334Z,sell,1.503e-05,55.0,0.00082665
WABI/BTC,1563747595529,2019-07-21T22:19:55.529Z,sell,1.503e-05,693.0,0.01041579
WABI/BTC,1563747605584,2019-07-21T22:20:05.584Z,sell,1.505e-05,219.0,0.00329595
WABI/BTC,1563747623563,2019-07-21T22:20:23.563Z,sell,1.503e-05,1391.0,0.02090673
WABI/BTC,1563747623563,2019-07-21T22:20:23.563Z,sell,1.495e-05,407.0,0.00608465
WABI/BTC,1563747623563,2019-07-21T22:20:23.563Z,sell,1.491e-05,3134.0,0.0467279399999999
WABI/BTC,1563747623563,2019-07-21T22:20:23.563Z,sell,1.49e-05,6393.0,0.0952557
WABI/BTC,1563747623586,2019-07-21T22:20:23.586Z,buy,1.49e-05,944.0,0.0140656
WABI/BTC,1563747623612,2019-07-21T22:20:23.612Z,buy,1.497e-05,708.0,0.01059876
WABI/BTC,1563747623612,2019-07-21T22:20:23.612Z,buy,1.508e-05,236.0,0.00355888
WABI/BTC,1563747623650,2019-07-21T22:20:23.650Z,sell,1.489e-05,468.0,0.00696852
WABI/BTC,1563747623656,2019-07-21T22:20:23.656Z,sell,1.489e-05,625.0,0.00930625
WABI/BTC,1563747625175,2019-07-21T22:20:25.175Z,sell,1.49e-05,509.0,0.0075841
WABI/BTC,1563747625175,2019-07-21T22:20:25.175Z,sell,1.489e-05,580.0,0.0086362
WABI/BTC,1563747626750,2019-07-21T22:20:26.750Z,sell,1.489e-05,944.0,0.01405616
WABI/BTC,1563747629376,2019-07-21T22:20:29.376Z,buy,1.497e-05,14.0,0.00020958
WABI/BTC,1563747629376,2019-07-21T22:20:29.376Z,buy,1.498e-05,250.0,0.003745
WABI/BTC,1563747629376,2019-07-21T22:20:29.376Z,buy,1.503e-05,1228.0,0.01845684
WABI/BTC,1563747629376,2019-07-21T22:20:29.376Z,buy,1.504e-05,1359.0,0.02043936
WABI/BTC,1563747629376,2019-07-21T22:20:29.376Z,buy,1.506e-05,82.0,0.00123492
WABI/BTC,1563747630998,2019-07-21T22:20:30.998Z,sell,1.492e-05,55.0,0.0008206
WABI/BTC,1563747632121,2019-07-21T22:20:32.121Z,buy,1.5e-05,321.0,0.004815
WABI/BTC,1563747632121,2019-07-21T22:20:32.121Z,buy,1.501e-05,226.0,0.00339226
WABI/BTC,1563747632121,2019-07-21T22:20:32.121Z,buy,1.502e-05,400.0,0.006008
WABI/BTC,1563747632121,2019-07-21T22:20:32.121Z,buy,1.503e-05,668.0,0.01004004
WABI/BTC,1563747632121,2019-07-21T22:20:32.121Z,buy,1.507e-05,14.0,0.00021098
WABI/BTC,1563747632121,2019-07-21T22:20:32.121Z,buy,1.508e-05,668.0,0.01007344
WABI/BTC,1563747632121,2019-07-21T22:20:32.121Z,buy,1.511e-05,407.0,0.00614977
WABI/BTC,1563747632121,2019-07-21T22:20:32.121Z,buy,1.513e-05,500.0,0.007565
WABI/BTC,1563747632142,2019-07-21T22:20:32.142Z,sell,1.513e-05,99.0,0.00149787
WABI/BTC,1563747636932,2019-07-21T22:20:36.932Z,sell,1.501e-05,14.0,0.00021014
WABI/BTC,1563747636932,2019-07-21T22:20:36.932Z,sell,1.5e-05,213.0,0.003195
WABI/BTC,1563747641410,2019-07-21T22:20:41.410Z,buy,1.506e-05,213.0,0.00320778
WABI/BTC,1563747641410,2019-07-21T22:20:41.410Z,buy,1.507e-05,690.0,0.0103983
WABI/BTC,1563747641410,2019-07-21T22:20:41.410Z,buy,1.509e-05,1171.0,0.01767039
WABI/BTC,1563747641410,2019-07-21T22:20:41.410Z,buy,1.51e-05,1308.0,0.0197508
WABI/BTC,1563747641410,2019-07-21T22:20:41.410Z,buy,1.512e-05,1526.0,0.02307312
WABI/BTC,1563747641410,2019-07-21T22:20:41.410Z,buy,1.514e-05,964.0,0.01459496
WABI/BTC,1563747647908,2019-07-21T22:20:47.908Z,buy,1.514e-05,21.0,0.00031794
WABI/BTC,1563747650599,2019-07-21T22:20:50.599Z,sell,1.502e-05,14.0,0.00021028
WABI/BTC,1563747650599,2019-07-21T22:20:50.599Z,sell,1.501e-05,86.0,0.00129086
WABI/BTC,1563747651202,2019-07-21T22:20:51.202Z,sell,1.501e-05,9.0,0.00013509
WABI/BTC,1563747690998,2019-07-21T22:21:30.998Z,sell,1.503e-05,69.0,0.00103707
WABI/BTC,1563747691111,2019-07-21T22:21:31.111Z,sell,1.503e-05,16.0,0.00024048
WABI/BTC,1563747691181,2019-07-21T22:21:31.181Z,sell,1.503e-05,7.0,0.00010521
WABI/BTC,1563747692723,2019-07-21T22:21:32.723Z,buy,1.51e-05,2.0,3.02e-05
WABI/BTC,1563747694631,2019-07-21T22:21:34.631Z,sell,1.502e-05,160.0,0.0024032
WABI/BTC,1563747694631,2019-07-21T22:21:34.631Z,sell,1.501e-05,158.0,0.00237158
WABI/BTC,1563747694631,2019-07-21T22:21:34.631Z,sell,1.5e-05,399.0,0.005985
WABI/BTC,1563747694631,2019-07-21T22:21:34.631Z,sell,1.499e-05,402.0,0.00602598
WABI/BTC,1563747694631,2019-07-21T22:21:34.631Z,sell,1.495e-05,249.0,0.00372255
WABI/BTC,1563747694631,2019-07-21T22:21:34.631Z,sell,1.492e-05,1293.0,0.01929156
WABI/BTC,1563747694631,2019-07-21T22:21:34.631Z,sell,1.491e-05,5292.0,0.07890372
WABI/BTC,1563747694631,2019-07-21T22:21:34.631Z,sell,1.49e-05,482.0,0.0071817999999999
WABI/BTC,1563747694631,2019-07-21T22:21:34.631Z,sell,1.489e-05,10914.0,0.16250946
WABI/BTC,1563747694631,2019-07-21T22:21:34.631Z,sell,1.488e-05,2783.0,0.0414110399999999
WABI/BTC,1563747694631,2019-07-21T22:21:34.631Z,sell,1.487e-05,1453.0,0.02160611
WABI/BTC,1563747694631,2019-07-21T22:21:34.631Z,sell,1.486e-05,3295.0,0.0489637
WABI/BTC,1563747694631,2019-07-21T22:21:34.631Z,sell,1.485e-05,981.0,0.01456785
WABI/BTC,1563747694631,2019-07-21T22:21:34.631Z,sell,1.484e-05,671.0,0.00995764
WABI/BTC,1563747694631,2019-07-21T22:21:34.631Z,sell,1.483e-05,3238.0,0.04801954
WABI/BTC,1563747694631,2019-07-21T22:21:34.631Z,sell,1.482e-05,1414.0,0.02095548
WABI/BTC,1563747694631,2019-07-21T22:21:34.631Z,sell,1.481e-05,2342.0,0.03468502
WABI/BTC,1563747694631,2019-07-21T22:21:34.631Z,sell,1.48e-05,487.0,0.0072076
WABI/BTC,1563747694631,2019-07-21T22:21:34.631Z,sell,1.479e-05,1791.0,0.02648889
WABI/BTC,1563747694631,2019-07-21T22:21:34.631Z,sell,1.478e-05,1792.0,0.02648576
WABI/BTC,1563747694631,2019-07-21T22:21:34.631Z,sell,1.477e-05,3146.0,0.0464664199999999
WABI/BTC,1563747694631,2019-07-21T22:21:34.631Z,sell,1.476e-05,15573.0,0.2298574799999999
WABI/BTC,1563747694631,2019-07-21T22:21:34.631Z,sell,1.475e-05,10134.0,0.1494764999999999
WABI/BTC,1563747694631,2019-07-21T22:21:34.631Z,sell,1.474e-05,20911.0,0.30822814
WABI/BTC,1563747694631,2019-07-21T22:21:34.631Z,sell,1.473e-05,23627.0,0.34802571
WABI/BTC,1563747694631,2019-07-21T22:21:34.631Z,sell,1.472e-05,4511.0,0.06640192
WABI/BTC,1563747694631,2019-07-21T22:21:34.631Z,sell,1.471e-05,27356.0,0.40240676
WABI/BTC,1563747694631,2019-07-21T22:21:34.631Z,sell,1.47e-05,2810.0,0.0413069999999999
WABI/BTC,1563747694674,2019-07-21T22:21:34.674Z,buy,1.475e-05,54.0,0.0007965
WABI/BTC,1563747694727,2019-07-21T22:21:34.727Z,sell,1.485e-05,336.0,0.0049896
WABI/BTC,1563747694727,2019-07-21T22:21:34.727Z,sell,1.474e-05,66.0,0.00097284
WABI/BTC,1563747694762,2019-07-21T22:21:34.762Z,sell,1.485e-05,242.0,0.0035937
WABI/BTC,1563747695515,2019-07-21T22:21:35.515Z,sell,1.486e-05,253.0,0.00375958
WABI/BTC,1563747695624,2019-07-21T22:21:35.624Z,sell,1.485e-05,94.0,0.0013959
WABI/BTC,1563747695624,2019-07-21T22:21:35.624Z,sell,1.482e-05,33.0,0.00048906
WABI/BTC,1563747695624,2019-07-21T22:21:35.624Z,sell,1.481e-05,126.0,0.00186606
WABI/BTC,1563747696162,2019-07-21T22:21:36.162Z,sell,1.481e-05,548.0,0.00811588
WABI/BTC,1563747696162,2019-07-21T22:21:36.162Z,sell,1.478e-05,642.0,0.00948876
WABI/BTC,1563747696200,2019-07-21T22:21:36.200Z,buy,1.482e-05,361.0,0.00535002
WABI/BTC,1563747697095,2019-07-21T22:21:37.095Z,buy,1.48e-05,14.0,0.0002072
WABI/BTC,1563747697525,2019-07-21T22:21:37.525Z,sell,1.48e-05,68.0,0.0010064
WABI/BTC,1563747697797,2019-07-21T22:21:37.797Z,sell,1.478e-05,371.0,0.00548338
WABI/BTC,1563747698184,2019-07-21T22:21:38.184Z,buy,1.479e-05,146.0,0.00215934
WABI/BTC,1563747698184,2019-07-21T22:21:38.184Z,buy,1.48e-05,472.0,0.0069856
WABI/BTC,1563747698184,2019-07-21T22:21:38.184Z,buy,1.481e-05,1160.0,0.0171796
WABI/BTC,1563747698184,2019-07-21T22:21:38.184Z,buy,1.482e-05,2263.0,0.03353766
WABI/BTC,1563747700874,2019-07-21T22:21:40.874Z,sell,1.475e-05,52.0,0.000767
WABI/BTC,1563747700874,2019-07-21T22:21:40.874Z,sell,1.471e-05,197.0,0.00289787
WABI/BTC,1563747706184,2019-07-21T22:21:46.184Z,sell,1.475e-05,100.0,0.001475
WABI/BTC,1563747707025,2019-07-21T22:21:47.025Z,buy,1.476e-05,76.0,0.0011217599999999
WABI/BTC,1563747707141,2019-07-21T22:21:47.141Z,buy,1.476e-05,598.0,0.00882648
WABI/BTC,1563747707751,2019-07-21T22:21:47.751Z,buy,1.476e-05,19.0,0.0002804399999999
WABI/BTC,1563747710722,2019-07-21T22:21:50.722Z,sell,1.476e-05,509.0,0.00751284
WABI/BTC,1563747711966,2019-07-21T22:21:51.966Z,buy,1.478e-05,3956.0,0.05846968
WABI/BTC,1563747718830,2019-07-21T22:21:58.830Z,buy,1.477e-05,2760.0,0.0407651999999999
WABI/BTC,1563747718830,2019-07-21T22:21:58.830Z,buy,1.479e-05,8947.0,0.13232613
WABI/BTC,1563747718830,2019-07-21T22:21:58.830Z,buy,1.482e-05,12250.0,0.181545
WABI/BTC,1563747718934,2019-07-21T22:21:58.934Z,buy,1.482e-05,741.0,0.01098162
WABI/BTC,1563747722893,2019-07-21T22:22:02.893Z,buy,1.482e-05,601.0,0.00890682
WABI/BTC,1563747727480,2019-07-21T22:22:07.480Z,buy,1.482e-05,501.0,0.00742482
WABI/BTC,1563747728295,2019-07-21T22:22:08.295Z,sell,1.478e-05,155.0,0.0022909
WABI/BTC,1563747735894,2019-07-21T22:22:15.894Z,buy,1.481e-05,197.0,0.00291757
WABI/BTC,1563747738087,2019-07-21T22:22:18.087Z,buy,1.482e-05,5797.0,0.08591154
WABI/BTC,1563747738087,2019-07-21T22:22:18.087Z,buy,1.484e-05,266.0,0.00394744
WABI/BTC,1563747738087,2019-07-21T22:22:18.087Z,buy,1.485e-05,4243.0,0.06300855
WABI/BTC,1563747738087,2019-07-21T22:22:18.087Z,buy,1.486e-05,2034.0,0.03022524
WABI/BTC,1563747738087,2019-07-21T22:22:18.087Z,buy,1.488e-05,3954.0,0.05883552
WABI/BTC,1563747738087,2019-07-21T22:22:18.087Z,buy,1.489e-05,6560.0,0.0976784
WABI/BTC,1563747738664,2019-07-21T22:22:18.664Z,sell,1.482e-05,345.0,0.0051129
WABI/BTC,1563747747170,2019-07-21T22:22:27.170Z,buy,1.484e-05,436.0,0.00647024
WABI/BTC,1563747747170,2019-07-21T22:22:27.170Z,buy,1.486e-05,13.0,0.00019318
WABI/BTC,1563747747170,2019-07-21T22:22:27.170Z,buy,1.487e-05,335.0,0.00498145
WABI/BTC,1563747747170,2019-07-21T22:22:27.170Z,buy,1.488e-05,413.0,0.00614544
WABI/BTC,1563747747170,2019-07-21T22:22:27.170Z,buy,1.489e-05,1255.0,0.01868695
WABI/BTC,1563747748934,2019-07-21T22:22:28.934Z,buy,1.485e-05,7.0,0.00010395
WABI/BTC,1563747748934,2019-07-21T22:22:28.934Z,buy,1.489e-05,256.0,0.00381184
WABI/BTC,1563747752032,2019-07-21T22:22:32.032Z,buy,1.488e-05,2.0,2.976e-05
WABI/BTC,1563747778261,2019-07-21T22:22:58.261Z,buy,1.485e-05,135.0,0.00200475
WABI/BTC,1563747778261,2019-07-21T22:22:58.261Z,buy,1.488e-05,604.0,0.00898752
WABI/BTC,1563747778261,2019-07-21T22:22:58.261Z,buy,1.489e-05,1902.0,0.02832078
WABI/BTC,1563747786824,2019-07-21T22:23:06.824Z,sell,1.483e-05,1243.0,0.01843369
WABI/BTC,1563747786824,2019-07-21T22:23:06.824Z,sell,1.482e-05,130.0,0.0019266
WABI/BTC,1563747786824,2019-07-21T22:23:06.824Z,sell,1.477e-05,1060.0,0.0156562
WABI/BTC,1563747786824,2019-07-21T22:23:06.824Z,sell,1.476e-05,3039.0,0.0448556399999999
WABI/BTC,1563747792434,2019-07-21T22:23:12.434Z,sell,1.48e-05,12.0,0.0001776
