symbol,timestamp,datetime,side,price,amount,btc_volume
WPR/BTC,1556895923021,2019-05-03T15:05:23.021Z,sell,1.94e-06,3228.0,0.00626232
WPR/BTC,1556896278231,2019-05-03T15:11:18.231Z,buy,1.95e-06,3496.0,0.0068172
WPR/BTC,1556896474314,2019-05-03T15:14:34.314Z,sell,1.94e-06,4000.0,0.00776
WPR/BTC,1556896682536,2019-05-03T15:18:02.536Z,sell,1.94e-06,1373.0,0.00266362
WPR/BTC,1556896979395,2019-05-03T15:22:59.395Z,sell,1.94e-06,19150.0,0.037151
WPR/BTC,1556897147912,2019-05-03T15:25:47.912Z,sell,1.94e-06,525.0,0.0010185
WPR/BTC,1556897642474,2019-05-03T15:34:02.474Z,sell,1.94e-06,3600.0,0.006984
WPR/BTC,1556897750734,2019-05-03T15:35:50.734Z,sell,1.94e-06,9591.0,0.01860654
WPR/BTC,1556897815206,2019-05-03T15:36:55.206Z,buy,1.95e-06,2998.0,0.0058461
WPR/BTC,1556898765832,2019-05-03T15:52:45.832Z,buy,1.95e-06,518.0,0.0010100999999999
WPR/BTC,1556898793795,2019-05-03T15:53:13.795Z,buy,1.95e-06,26980.0,0.052611
WPR/BTC,1556898833841,2019-05-03T15:53:53.841Z,buy,1.96e-06,4975.0,0.009751
WPR/BTC,1556898833860,2019-05-03T15:53:53.860Z,buy,1.96e-06,2487.0,0.0048745199999999
WPR/BTC,1556898833906,2019-05-03T15:53:53.906Z,buy,1.96e-06,4975.0,0.009751
WPR/BTC,1556898834110,2019-05-03T15:53:54.110Z,buy,1.96e-06,910.0,0.0017836
WPR/BTC,1556898834320,2019-05-03T15:53:54.320Z,buy,1.96e-06,1492.0,0.00292432
WPR/BTC,1556898834734,2019-05-03T15:53:54.734Z,sell,1.95e-06,4114.0,0.0080223
WPR/BTC,1556898838100,2019-05-03T15:53:58.100Z,buy,1.96e-06,1485.0,0.0029105999999999
WPR/BTC,1556898843635,2019-05-03T15:54:03.635Z,buy,1.96e-06,742.0,0.0014543199999999
WPR/BTC,1556899021284,2019-05-03T15:57:01.284Z,buy,1.96e-06,139936.0,0.27427456
WPR/BTC,1556899022168,2019-05-03T15:57:02.168Z,sell,1.96e-06,5760.0,0.0112895999999999
WPR/BTC,1556899022773,2019-05-03T15:57:02.773Z,sell,1.96e-06,4448.0,0.00871808
WPR/BTC,1556899022818,2019-05-03T15:57:02.818Z,sell,1.96e-06,4448.0,0.00871808
WPR/BTC,1556899023096,2019-05-03T15:57:03.096Z,buy,1.97e-06,4134.0,0.00814398
WPR/BTC,1556899023320,2019-05-03T15:57:03.320Z,buy,1.97e-06,4594.0,0.00905018
WPR/BTC,1556899023555,2019-05-03T15:57:03.555Z,buy,1.97e-06,2297.0,0.00452509
WPR/BTC,1556899024093,2019-05-03T15:57:04.093Z,sell,1.96e-06,1653.0,0.0032398799999999
WPR/BTC,1556899024986,2019-05-03T15:57:04.986Z,sell,1.96e-06,1837.0,0.00360052
WPR/BTC,1556899030779,2019-05-03T15:57:10.779Z,sell,1.96e-06,194539.0,0.3812964399999999
WPR/BTC,1556899054508,2019-05-03T15:57:34.508Z,sell,1.95e-06,1792.0,0.0034944
WPR/BTC,1556899098886,2019-05-03T15:58:18.886Z,sell,1.95e-06,3542.0,0.0069069
WPR/BTC,1556899135641,2019-05-03T15:58:55.641Z,sell,1.94e-06,4807.0,0.00932558
WPR/BTC,1556899136279,2019-05-03T15:58:56.279Z,sell,1.94e-06,32747.0,0.06352918
WPR/BTC,1556899136279,2019-05-03T15:58:56.279Z,sell,1.94e-06,32747.0,0.06352918
WPR/BTC,1556899274275,2019-05-03T16:01:14.275Z,sell,1.94e-06,1000.0,0.00194
WPR/BTC,1556899784383,2019-05-03T16:09:44.383Z,sell,1.95e-06,1665.0,0.00324675
WPR/BTC,1556899959232,2019-05-03T16:12:39.232Z,sell,1.95e-06,44759.0,0.08728005
WPR/BTC,1556900044442,2019-05-03T16:14:04.442Z,sell,1.94e-06,3797.0,0.00736618
WPR/BTC,1556900233994,2019-05-03T16:17:13.994Z,sell,1.94e-06,1092.0,0.00211848
WPR/BTC,1556901190002,2019-05-03T16:33:10.002Z,buy,1.95e-06,2222.0,0.0043329
WPR/BTC,1556901209746,2019-05-03T16:33:29.746Z,buy,1.95e-06,5555.0,0.01083225
WPR/BTC,1556901231268,2019-05-03T16:33:51.268Z,buy,1.95e-06,5623.0,0.01096485
WPR/BTC,1556901874633,2019-05-03T16:44:34.633Z,sell,1.94e-06,22295.0,0.0432523
WPR/BTC,1556902061512,2019-05-03T16:47:41.512Z,sell,1.94e-06,898.0,0.00174212
WPR/BTC,1556902344978,2019-05-03T16:52:24.978Z,sell,1.94e-06,606.0,0.00117564
WPR/BTC,1556902344978,2019-05-03T16:52:24.978Z,sell,1.94e-06,606.0,0.00117564
WPR/BTC,1556902976679,2019-05-03T17:02:56.679Z,buy,1.95e-06,517.0,0.00100815
WPR/BTC,1556903369387,2019-05-03T17:09:29.387Z,sell,1.94e-06,1025.0,0.0019885
WPR/BTC,1556903369514,2019-05-03T17:09:29.514Z,buy,1.95e-06,821.0,0.00160095
WPR/BTC,1556903369542,2019-05-03T17:09:29.542Z,buy,1.95e-06,816.0,0.0015912
WPR/BTC,1556903369602,2019-05-03T17:09:29.602Z,buy,1.95e-06,807.0,0.00157365
WPR/BTC,1556903369782,2019-05-03T17:09:29.782Z,buy,1.95e-06,798.0,0.0015561
WPR/BTC,1556903370063,2019-05-03T17:09:30.063Z,buy,1.95e-06,798.0,0.0015561
WPR/BTC,1556903370355,2019-05-03T17:09:30.355Z,buy,1.95e-06,809.0,0.00157755
WPR/BTC,1556903370880,2019-05-03T17:09:30.880Z,buy,1.95e-06,819.0,0.00159705
WPR/BTC,1556903370880,2019-05-03T17:09:30.880Z,buy,1.95e-06,975.0,0.00190125
WPR/BTC,1556903371534,2019-05-03T17:09:31.534Z,buy,1.95e-06,2240.0,0.004368
WPR/BTC,1556903371629,2019-05-03T17:09:31.629Z,buy,1.95e-06,882.0,0.0017199
WPR/BTC,1556903371949,2019-05-03T17:09:31.949Z,buy,1.95e-06,777.0,0.00151515
WPR/BTC,1556903372076,2019-05-03T17:09:32.076Z,buy,1.95e-06,825.0,0.00160875
WPR/BTC,1556903372107,2019-05-03T17:09:32.107Z,buy,1.95e-06,1778.0,0.0034671
WPR/BTC,1556903372248,2019-05-03T17:09:32.248Z,buy,1.95e-06,5754.0,0.0112202999999999
WPR/BTC,1556903372289,2019-05-03T17:09:32.289Z,buy,1.95e-06,812.0,0.0015834
WPR/BTC,1556903372510,2019-05-03T17:09:32.510Z,buy,1.95e-06,854.0,0.0016653
WPR/BTC,1556903372689,2019-05-03T17:09:32.689Z,buy,1.95e-06,852.0,0.0016614
WPR/BTC,1556903372729,2019-05-03T17:09:32.729Z,buy,1.95e-06,20430.0,0.0398385
WPR/BTC,1556903372862,2019-05-03T17:09:32.862Z,buy,1.95e-06,775.0,0.00151125
WPR/BTC,1556903372889,2019-05-03T17:09:32.889Z,buy,1.95e-06,1805.0,0.00351975
WPR/BTC,1556903372889,2019-05-03T17:09:32.889Z,buy,1.96e-06,466.0,0.0009133599999999
WPR/BTC,1556903373220,2019-05-03T17:09:33.220Z,buy,1.96e-06,921.0,0.0018051599999999
WPR/BTC,1556903373320,2019-05-03T17:09:33.320Z,buy,1.96e-06,771.0,0.0015111599999999
WPR/BTC,1556903373569,2019-05-03T17:09:33.569Z,buy,1.96e-06,1221.0,0.0023931599999999
WPR/BTC,1556903373821,2019-05-03T17:09:33.821Z,buy,1.96e-06,1840.0,0.0036063999999999
WPR/BTC,1556903373821,2019-05-03T17:09:33.821Z,buy,1.97e-06,765.0,0.00150705
WPR/BTC,1556903373971,2019-05-03T17:09:33.971Z,buy,1.97e-06,789.0,0.00155433
WPR/BTC,1556903374014,2019-05-03T17:09:34.014Z,buy,1.97e-06,1369.0,0.00269693
WPR/BTC,1556903374227,2019-05-03T17:09:34.227Z,buy,1.97e-06,802.0,0.00157994
WPR/BTC,1556903374296,2019-05-03T17:09:34.296Z,buy,1.97e-06,2541.0,0.00500577
WPR/BTC,1556903374434,2019-05-03T17:09:34.434Z,buy,1.97e-06,809.0,0.00159373
WPR/BTC,1556903374740,2019-05-03T17:09:34.740Z,buy,1.97e-06,837.0,0.00164889
WPR/BTC,1556903375027,2019-05-03T17:09:35.027Z,buy,1.96e-06,779.0,0.0015268399999999
WPR/BTC,1556903375083,2019-05-03T17:09:35.083Z,buy,1.96e-06,2041.0,0.00400036
WPR/BTC,1556903375118,2019-05-03T17:09:35.118Z,buy,1.96e-06,809.0,0.00158564
WPR/BTC,1556903375366,2019-05-03T17:09:35.366Z,buy,1.96e-06,2066.0,0.00404936
WPR/BTC,1556903375695,2019-05-03T17:09:35.695Z,buy,1.96e-06,829.0,0.0016248399999999
WPR/BTC,1556903375836,2019-05-03T17:09:35.836Z,buy,1.96e-06,771.0,0.0015111599999999
WPR/BTC,1556903619431,2019-05-03T17:13:39.431Z,buy,1.97e-06,14504.0,0.02857288
WPR/BTC,1556903822113,2019-05-03T17:17:02.113Z,buy,1.97e-06,1016.0,0.00200152
WPR/BTC,1556903866458,2019-05-03T17:17:46.458Z,buy,1.97e-06,914.0,0.00180058
WPR/BTC,1556903899566,2019-05-03T17:18:19.566Z,buy,1.97e-06,229782.0,0.45267054
WPR/BTC,1556903899586,2019-05-03T17:18:19.586Z,sell,1.97e-06,17317.0,0.03411449
WPR/BTC,1556903899591,2019-05-03T17:18:19.591Z,sell,1.97e-06,3698.0,0.00728506
WPR/BTC,1556903899594,2019-05-03T17:18:19.594Z,sell,1.97e-06,3698.0,0.00728506
WPR/BTC,1556903899612,2019-05-03T17:18:19.612Z,sell,1.97e-06,22328.0,0.04398616
WPR/BTC,1556903899694,2019-05-03T17:18:19.694Z,sell,1.97e-06,19242.0,0.03790674
WPR/BTC,1556903899914,2019-05-03T17:18:19.914Z,sell,1.97e-06,126293.0,0.24879721
WPR/BTC,1556903899927,2019-05-03T17:18:19.927Z,buy,1.97e-06,4220.0,0.0083134
WPR/BTC,1556903900790,2019-05-03T17:18:20.790Z,buy,1.96e-06,3763.0,0.0073754799999999
WPR/BTC,1556903905783,2019-05-03T17:18:25.783Z,sell,1.95e-06,3763.0,0.00733785
WPR/BTC,1556904181406,2019-05-03T17:23:01.406Z,sell,1.96e-06,17695.0,0.0346821999999999
WPR/BTC,1556904181406,2019-05-03T17:23:01.406Z,sell,1.95e-06,7305.0,0.01424475
WPR/BTC,1556904475796,2019-05-03T17:27:55.796Z,buy,1.97e-06,641.0,0.00126277
WPR/BTC,1556904475906,2019-05-03T17:27:55.906Z,buy,1.97e-06,7342.0,0.01446374
WPR/BTC,1556904475967,2019-05-03T17:27:55.967Z,sell,1.97e-06,713.0,0.00140461
WPR/BTC,1556904477465,2019-05-03T17:27:57.465Z,sell,1.97e-06,798.0,0.00157206
WPR/BTC,1556904477555,2019-05-03T17:27:57.555Z,sell,1.97e-06,852.0,0.00167844
WPR/BTC,1556904477692,2019-05-03T17:27:57.692Z,sell,1.97e-06,854.0,0.00168238
WPR/BTC,1556904478296,2019-05-03T17:27:58.296Z,sell,1.97e-06,812.0,0.00159964
WPR/BTC,1556904478453,2019-05-03T17:27:58.453Z,sell,1.97e-06,2240.0,0.0044128
WPR/BTC,1556904479280,2019-05-03T17:27:59.280Z,sell,1.97e-06,816.0,0.00160752
WPR/BTC,1556904479314,2019-05-03T17:27:59.314Z,sell,1.97e-06,777.0,0.00153069
WPR/BTC,1556904481457,2019-05-03T17:28:01.457Z,sell,1.97e-06,807.0,0.00158979
WPR/BTC,1556904485970,2019-05-03T17:28:05.970Z,sell,1.97e-06,825.0,0.00162525
WPR/BTC,1556904486228,2019-05-03T17:28:06.228Z,sell,1.97e-06,1778.0,0.00350266
WPR/BTC,1556904486458,2019-05-03T17:28:06.458Z,sell,1.97e-06,975.0,0.00192075
WPR/BTC,1556904487413,2019-05-03T17:28:07.413Z,sell,1.97e-06,775.0,0.00152675
WPR/BTC,1556904487514,2019-05-03T17:28:07.514Z,sell,1.97e-06,821.0,0.00161737
WPR/BTC,1556904487611,2019-05-03T17:28:07.611Z,sell,1.97e-06,19905.0,0.03921285
WPR/BTC,1556904580929,2019-05-03T17:29:40.929Z,sell,1.96e-06,1016.0,0.0019913599999999
WPR/BTC,1556904606598,2019-05-03T17:30:06.598Z,sell,1.96e-06,105974.0,0.2077090399999999
WPR/BTC,1556905015586,2019-05-03T17:36:55.586Z,buy,1.96e-06,2181.0,0.00427476
WPR/BTC,1556905016436,2019-05-03T17:36:56.436Z,buy,1.96e-06,17740.0,0.0347704
WPR/BTC,1556905687453,2019-05-03T17:48:07.453Z,buy,1.96e-06,3044.0,0.0059662399999999
WPR/BTC,1556905884552,2019-05-03T17:51:24.552Z,buy,1.96e-06,29233.0,0.0572966799999999
WPR/BTC,1556905908271,2019-05-03T17:51:48.271Z,buy,1.96e-06,44277.0,0.08678292
WPR/BTC,1556905908271,2019-05-03T17:51:48.271Z,buy,1.96e-06,44277.0,0.08678292
WPR/BTC,1556906221285,2019-05-03T17:57:01.285Z,sell,1.96e-06,1001.0,0.00196196
WPR/BTC,1556906288611,2019-05-03T17:58:08.611Z,sell,1.96e-06,7437.0,0.0145765199999999
WPR/BTC,1556906448289,2019-05-03T18:00:48.289Z,buy,1.97e-06,1522.0,0.00299834
WPR/BTC,1556906495108,2019-05-03T18:01:35.108Z,buy,1.97e-06,14169.0,0.02791293
WPR/BTC,1556906781372,2019-05-03T18:06:21.372Z,sell,1.96e-06,742.0,0.0014543199999999
WPR/BTC,1556906795228,2019-05-03T18:06:35.228Z,sell,1.96e-06,1058.0,0.00207368
WPR/BTC,1556906878839,2019-05-03T18:07:58.839Z,sell,1.96e-06,16300.0,0.031948
WPR/BTC,1556906878839,2019-05-03T18:07:58.839Z,sell,1.95e-06,12700.0,0.024765
WPR/BTC,1556906886147,2019-05-03T18:08:06.147Z,sell,1.96e-06,35000.0,0.0686
WPR/BTC,1556907021418,2019-05-03T18:10:21.418Z,buy,1.97e-06,1532.0,0.00301804
WPR/BTC,1556907021979,2019-05-03T18:10:21.979Z,buy,1.97e-06,1703.0,0.00335491
WPR/BTC,1556907022050,2019-05-03T18:10:22.050Z,buy,1.97e-06,851.0,0.00167647
WPR/BTC,1556907052220,2019-05-03T18:10:52.220Z,sell,1.96e-06,35000.0,0.0686
WPR/BTC,1556907053179,2019-05-03T18:10:53.179Z,sell,1.96e-06,10000.0,0.0196
WPR/BTC,1556907348212,2019-05-03T18:15:48.212Z,sell,1.96e-06,714.0,0.0013994399999999
WPR/BTC,1556909354450,2019-05-03T18:49:14.450Z,sell,1.96e-06,2195.0,0.0043022
WPR/BTC,1556909440931,2019-05-03T18:50:40.931Z,sell,1.96e-06,1263.0,0.00247548
WPR/BTC,1556909440931,2019-05-03T18:50:40.931Z,sell,1.96e-06,1263.0,0.00247548
WPR/BTC,1556909826094,2019-05-03T18:57:06.094Z,sell,1.95e-06,12850.0,0.0250575
WPR/BTC,1556910508569,2019-05-03T19:08:28.569Z,buy,1.96e-06,33926.0,0.0664949599999999
WPR/BTC,1556911665201,2019-05-03T19:27:45.201Z,buy,1.96e-06,12811.0,0.02510956
WPR/BTC,1556911916500,2019-05-03T19:31:56.500Z,buy,1.96e-06,5020.0,0.0098392
WPR/BTC,1556912047711,2019-05-03T19:34:07.711Z,buy,1.96e-06,565.0,0.0011074
WPR/BTC,1556912087308,2019-05-03T19:34:47.308Z,sell,1.95e-06,15980.0,0.0311609999999999
WPR/BTC,1556912087810,2019-05-03T19:34:47.810Z,buy,1.96e-06,827.0,0.0016209199999999
WPR/BTC,1556912098351,2019-05-03T19:34:58.351Z,buy,1.96e-06,5693.0,0.01115828
WPR/BTC,1556912120808,2019-05-03T19:35:20.808Z,sell,1.95e-06,11935.0,0.02327325
WPR/BTC,1556912813063,2019-05-03T19:46:53.063Z,sell,1.95e-06,4249.0,0.00828555
WPR/BTC,1556913020565,2019-05-03T19:50:20.565Z,sell,1.95e-06,1202.0,0.0023439
WPR/BTC,1556913020565,2019-05-03T19:50:20.565Z,sell,1.95e-06,1202.0,0.0023439
WPR/BTC,1556913292340,2019-05-03T19:54:52.340Z,buy,1.96e-06,1645.0,0.0032242
WPR/BTC,1556913292358,2019-05-03T19:54:52.358Z,buy,1.97e-06,1398.0,0.00275406
WPR/BTC,1556913303682,2019-05-03T19:55:03.682Z,buy,1.96e-06,15024.0,0.0294470399999999
WPR/BTC,1556913314479,2019-05-03T19:55:14.479Z,sell,1.95e-06,2821.0,0.00550095
WPR/BTC,1556913335882,2019-05-03T19:55:35.882Z,buy,1.96e-06,919.0,0.00180124
WPR/BTC,1556913337675,2019-05-03T19:55:37.675Z,buy,1.96e-06,919.0,0.00180124
WPR/BTC,1556913707933,2019-05-03T20:01:47.933Z,buy,1.97e-06,515.0,0.00101455
WPR/BTC,1556913728763,2019-05-03T20:02:08.763Z,buy,1.97e-06,914.0,0.00180058
WPR/BTC,1556913957644,2019-05-03T20:05:57.644Z,buy,1.96e-06,955.0,0.0018717999999999
WPR/BTC,1556913964035,2019-05-03T20:06:04.035Z,sell,1.95e-06,955.0,0.00186225
WPR/BTC,1556914025071,2019-05-03T20:07:05.071Z,sell,1.95e-06,18657.0,0.03638115
WPR/BTC,1556914635666,2019-05-03T20:17:15.666Z,buy,1.96e-06,520.0,0.0010191999999999
WPR/BTC,1556914844424,2019-05-03T20:20:44.424Z,sell,1.95e-06,1631.0,0.00318045
WPR/BTC,1556915534332,2019-05-03T20:32:14.332Z,sell,1.95e-06,529.0,0.00103155
WPR/BTC,1556915901234,2019-05-03T20:38:21.234Z,sell,1.95e-06,23354.0,0.0455403
WPR/BTC,1556915965046,2019-05-03T20:39:25.046Z,sell,1.95e-06,8991.0,0.0175324499999999
WPR/BTC,1556916502066,2019-05-03T20:48:22.066Z,buy,1.96e-06,875.0,0.001715
WPR/BTC,1556916502651,2019-05-03T20:48:22.651Z,buy,1.96e-06,98.0,0.00019208
WPR/BTC,1556916516116,2019-05-03T20:48:36.116Z,buy,1.97e-06,602.0,0.00118594
WPR/BTC,1556916519129,2019-05-03T20:48:39.129Z,buy,1.96e-06,766.0,0.00150136
WPR/BTC,1556916520050,2019-05-03T20:48:40.050Z,buy,1.96e-06,2822.0,0.00553112
WPR/BTC,1556916521197,2019-05-03T20:48:41.197Z,buy,1.96e-06,940.0,0.0018424
WPR/BTC,1556916522905,2019-05-03T20:48:42.905Z,sell,1.95e-06,940.0,0.001833
WPR/BTC,1556916605698,2019-05-03T20:50:05.698Z,sell,1.95e-06,589.0,0.00114855
WPR/BTC,1556916605698,2019-05-03T20:50:05.698Z,sell,1.95e-06,589.0,0.00114855
WPR/BTC,1556916934076,2019-05-03T20:55:34.076Z,buy,1.97e-06,1015.0,0.00199955
WPR/BTC,1556917361213,2019-05-03T21:02:41.213Z,sell,1.95e-06,1164.0,0.0022697999999999
WPR/BTC,1556917442011,2019-05-03T21:04:02.011Z,sell,1.95e-06,21102.0,0.0411489
WPR/BTC,1556917558331,2019-05-03T21:05:58.331Z,buy,1.96e-06,955.0,0.0018717999999999
WPR/BTC,1556918005893,2019-05-03T21:13:25.893Z,sell,1.95e-06,3964.0,0.0077298
WPR/BTC,1556918220832,2019-05-03T21:17:00.832Z,sell,1.95e-06,30048.0,0.0585935999999999
WPR/BTC,1556919147868,2019-05-03T21:32:27.868Z,sell,1.95e-06,14489.0,0.02825355
WPR/BTC,1556919591257,2019-05-03T21:39:51.257Z,sell,1.95e-06,12001.0,0.02340195
WPR/BTC,1556919676207,2019-05-03T21:41:16.207Z,sell,1.94e-06,43791.0,0.08495454
WPR/BTC,1556919728400,2019-05-03T21:42:08.400Z,buy,1.95e-06,8194.0,0.0159783
WPR/BTC,1556919728400,2019-05-03T21:42:08.400Z,buy,1.95e-06,8194.0,0.0159783
WPR/BTC,1556920216144,2019-05-03T21:50:16.144Z,buy,1.95e-06,3818.0,0.0074451
WPR/BTC,1556920310647,2019-05-03T21:51:50.647Z,sell,1.95e-06,3732.0,0.0072774
WPR/BTC,1556920310647,2019-05-03T21:51:50.647Z,sell,1.94e-06,9964.0,0.01933016
WPR/BTC,1556920815888,2019-05-03T22:00:15.888Z,sell,1.95e-06,612.0,0.0011934
WPR/BTC,1556920815888,2019-05-03T22:00:15.888Z,sell,1.94e-06,3595.0,0.0069743
WPR/BTC,1556920821034,2019-05-03T22:00:21.034Z,sell,1.94e-06,1346.0,0.00261124
WPR/BTC,1556920825326,2019-05-03T22:00:25.326Z,sell,1.94e-06,3256.0,0.00631664
WPR/BTC,1556920827337,2019-05-03T22:00:27.337Z,sell,1.94e-06,10220.0,0.0198268
WPR/BTC,1556920829044,2019-05-03T22:00:29.044Z,sell,1.94e-06,36834.0,0.07145796
WPR/BTC,1556920829557,2019-05-03T22:00:29.557Z,sell,1.94e-06,42063.0,0.08160222
WPR/BTC,1556920830494,2019-05-03T22:00:30.494Z,sell,1.94e-06,10134.0,0.01965996
WPR/BTC,1556920833517,2019-05-03T22:00:33.517Z,sell,1.94e-06,3754.0,0.00728276
WPR/BTC,1556920833532,2019-05-03T22:00:33.532Z,sell,1.94e-06,1781.0,0.00345514
WPR/BTC,1556920834362,2019-05-03T22:00:34.362Z,sell,1.94e-06,24358.0,0.04725452
WPR/BTC,1556920835097,2019-05-03T22:00:35.097Z,sell,1.94e-06,1776.0,0.00344544
WPR/BTC,1556920835731,2019-05-03T22:00:35.731Z,sell,1.94e-06,1104.0,0.00214176
WPR/BTC,1556920836548,2019-05-03T22:00:36.548Z,sell,1.94e-06,3182.0,0.00617308
WPR/BTC,1556920836548,2019-05-03T22:00:36.548Z,sell,1.93e-06,266.0,0.00051338
WPR/BTC,1556920836548,2019-05-03T22:00:36.548Z,sell,1.93e-06,5579.0,0.01076747
WPR/BTC,1556920838263,2019-05-03T22:00:38.263Z,sell,1.94e-06,3527.0,0.00684238
WPR/BTC,1556920838263,2019-05-03T22:00:38.263Z,sell,1.93e-06,727.0,0.00140311
WPR/BTC,1556920839364,2019-05-03T22:00:39.364Z,sell,1.94e-06,3527.0,0.00684238
WPR/BTC,1556920839364,2019-05-03T22:00:39.364Z,sell,1.93e-06,5603.0,0.01081379
WPR/BTC,1556920839543,2019-05-03T22:00:39.543Z,sell,1.94e-06,2806.0,0.00544364
WPR/BTC,1556920839543,2019-05-03T22:00:39.543Z,sell,1.93e-06,24004.0,0.04632772
WPR/BTC,1556920841324,2019-05-03T22:00:41.324Z,buy,1.95e-06,5629.0,0.01097655
WPR/BTC,1556920842407,2019-05-03T22:00:42.407Z,sell,1.94e-06,6907.0,0.01339958
WPR/BTC,1556920842464,2019-05-03T22:00:42.464Z,sell,1.94e-06,2061.0,0.00399834
WPR/BTC,1556920845264,2019-05-03T22:00:45.264Z,sell,1.94e-06,2870.0,0.0055678
WPR/BTC,1556920846387,2019-05-03T22:00:46.387Z,sell,1.94e-06,17780.0,0.0344932
WPR/BTC,1556920847800,2019-05-03T22:00:47.800Z,sell,1.94e-06,8784.0,0.01704096
WPR/BTC,1556920853403,2019-05-03T22:00:53.403Z,sell,1.94e-06,4838.0,0.00938572
WPR/BTC,1556920858689,2019-05-03T22:00:58.689Z,sell,1.94e-06,2563.0,0.00497222
WPR/BTC,1556920864877,2019-05-03T22:01:04.877Z,sell,1.94e-06,1094.0,0.00212236
WPR/BTC,1556920934029,2019-05-03T22:02:14.029Z,buy,1.95e-06,5648.0,0.0110136
WPR/BTC,1556920934254,2019-05-03T22:02:14.254Z,buy,1.95e-06,3138.0,0.0061191
WPR/BTC,1556920934331,2019-05-03T22:02:14.331Z,buy,1.95e-06,3138.0,0.0061191
WPR/BTC,1556921146078,2019-05-03T22:05:46.078Z,sell,1.94e-06,5156.0,0.01000264
WPR/BTC,1556921185958,2019-05-03T22:06:25.958Z,sell,1.94e-06,13074.0,0.02536356
WPR/BTC,1556921185958,2019-05-03T22:06:25.958Z,sell,1.93e-06,33654.0,0.06495222
WPR/BTC,1556921186160,2019-05-03T22:06:26.160Z,buy,1.94e-06,726.0,0.00140844
WPR/BTC,1556921194432,2019-05-03T22:06:34.432Z,sell,1.93e-06,2605.0,0.00502765
WPR/BTC,1556921306407,2019-05-03T22:08:26.407Z,buy,1.95e-06,89.0,0.00017355
WPR/BTC,1556921312650,2019-05-03T22:08:32.650Z,sell,1.94e-06,27754.0,0.05384276
WPR/BTC,1556921312650,2019-05-03T22:08:32.650Z,sell,1.93e-06,252246.0,0.48683478
WPR/BTC,1556921324469,2019-05-03T22:08:44.469Z,buy,1.94e-06,5140.0,0.0099716
WPR/BTC,1556921324469,2019-05-03T22:08:44.469Z,buy,1.94e-06,14.0,2.716e-05
WPR/BTC,1556921406908,2019-05-03T22:10:06.908Z,sell,1.93e-06,2591.0,0.00500063
WPR/BTC,1556922393692,2019-05-03T22:26:33.692Z,buy,1.95e-06,769.0,0.0014995499999999
WPR/BTC,1556922416637,2019-05-03T22:26:56.637Z,buy,1.95e-06,1887.0,0.00367965
WPR/BTC,1556922534142,2019-05-03T22:28:54.142Z,buy,1.95e-06,706.0,0.0013767
WPR/BTC,1556922745308,2019-05-03T22:32:25.308Z,sell,1.94e-06,3999.0,0.00775806
WPR/BTC,1556922755885,2019-05-03T22:32:35.885Z,buy,1.95e-06,1405.0,0.00273975
WPR/BTC,1556923045340,2019-05-03T22:37:25.340Z,sell,1.94e-06,11241.0,0.02180754
WPR/BTC,1556923045340,2019-05-03T22:37:25.340Z,sell,1.93e-06,13214.0,0.02550302
WPR/BTC,1556923048110,2019-05-03T22:37:28.110Z,buy,1.94e-06,12929.0,0.02508226
WPR/BTC,1556923048934,2019-05-03T22:37:28.934Z,buy,1.94e-06,774.0,0.00150156
WPR/BTC,1556923049109,2019-05-03T22:37:29.109Z,buy,1.94e-06,1293.0,0.00250842
WPR/BTC,1556923050088,2019-05-03T22:37:30.088Z,sell,1.93e-06,566.0,0.00109238
WPR/BTC,1556923064123,2019-05-03T22:37:44.123Z,buy,1.95e-06,546.0,0.0010647
WPR/BTC,1556923074610,2019-05-03T22:37:54.610Z,buy,1.94e-06,1841.0,0.00357154
WPR/BTC,1556923074637,2019-05-03T22:37:54.637Z,buy,1.94e-06,4455.0,0.0086427
WPR/BTC,1556923074637,2019-05-03T22:37:54.637Z,buy,1.94e-06,4455.0,0.0086427
WPR/BTC,1556923460102,2019-05-03T22:44:20.102Z,buy,1.95e-06,2181.0,0.00425295
WPR/BTC,1556923758237,2019-05-03T22:49:18.237Z,sell,1.94e-06,1498.0,0.00290612
WPR/BTC,1556924278972,2019-05-03T22:57:58.972Z,sell,1.94e-06,4244.0,0.00823336
WPR/BTC,1556924683093,2019-05-03T23:04:43.093Z,buy,1.95e-06,17551.0,0.03422445
WPR/BTC,1556924683938,2019-05-03T23:04:43.938Z,buy,1.95e-06,12201.0,0.02379195
WPR/BTC,1556924696447,2019-05-03T23:04:56.447Z,buy,1.95e-06,17909.0,0.03492255
WPR/BTC,1556924712832,2019-05-03T23:05:12.832Z,sell,1.94e-06,12326.0,0.02391244
WPR/BTC,1556924854382,2019-05-03T23:07:34.382Z,buy,1.95e-06,5426.0,0.0105807
WPR/BTC,1556925233015,2019-05-03T23:13:53.015Z,sell,1.94e-06,4269.0,0.00828186
WPR/BTC,1556925233015,2019-05-03T23:13:53.015Z,sell,1.93e-06,1126.0,0.00217318
WPR/BTC,1556925233975,2019-05-03T23:13:53.975Z,buy,1.94e-06,1126.0,0.00218444
WPR/BTC,1556925237038,2019-05-03T23:13:57.038Z,buy,1.94e-06,2835.0,0.0054999
WPR/BTC,1556925237046,2019-05-03T23:13:57.046Z,buy,1.94e-06,512.0,0.00099328
WPR/BTC,1556926256515,2019-05-03T23:30:56.515Z,buy,1.95e-06,5244.0,0.0102258
WPR/BTC,1556926256540,2019-05-03T23:30:56.540Z,sell,1.95e-06,1638.0,0.0031941
WPR/BTC,1556926256579,2019-05-03T23:30:56.579Z,sell,1.95e-06,2181.0,0.00425295
WPR/BTC,1556926256625,2019-05-03T23:30:56.625Z,sell,1.94e-06,1126.0,0.00218444
WPR/BTC,1556926270116,2019-05-03T23:31:10.116Z,sell,1.95e-06,2949.0,0.00575055
WPR/BTC,1556926270128,2019-05-03T23:31:10.128Z,sell,1.95e-06,1477.0,0.00288015
WPR/BTC,1556926321926,2019-05-03T23:32:01.926Z,sell,1.95e-06,490.0,0.0009555
WPR/BTC,1556926633773,2019-05-03T23:37:13.773Z,sell,1.94e-06,4269.0,0.00828186
WPR/BTC,1556926633773,2019-05-03T23:37:13.773Z,sell,1.94e-06,4269.0,0.00828186
WPR/BTC,1556928513516,2019-05-04T00:08:33.516Z,sell,1.94e-06,840.0,0.0016296
WPR/BTC,1556928613928,2019-05-04T00:10:13.928Z,buy,1.95e-06,685.0,0.00133575
WPR/BTC,1556928614501,2019-05-04T00:10:14.501Z,buy,1.95e-06,685.0,0.00133575
WPR/BTC,1556928626609,2019-05-04T00:10:26.609Z,buy,1.95e-06,1026.0,0.0020007
WPR/BTC,1556928905081,2019-05-04T00:15:05.081Z,buy,1.95e-06,12141.0,0.02367495
WPR/BTC,1556928905861,2019-05-04T00:15:05.861Z,sell,1.94e-06,5617.0,0.01089698
WPR/BTC,1556929087161,2019-05-04T00:18:07.161Z,sell,1.94e-06,12603.0,0.02444982
WPR/BTC,1556929307759,2019-05-04T00:21:47.759Z,sell,1.94e-06,6356.0,0.01233064
WPR/BTC,1556929307759,2019-05-04T00:21:47.759Z,sell,1.93e-06,27956.0,0.05395508
WPR/BTC,1556929307759,2019-05-04T00:21:47.759Z,sell,1.92e-06,3944.0,0.0075724799999999
WPR/BTC,1556929307759,2019-05-04T00:21:47.759Z,sell,1.92e-06,7543.0,0.0144825599999999
WPR/BTC,1556929307865,2019-05-04T00:21:47.865Z,sell,1.94e-06,1896.0,0.00367824
WPR/BTC,1556929365380,2019-05-04T00:22:45.380Z,buy,1.94e-06,78.0,0.00015132
WPR/BTC,1556929839881,2019-05-04T00:30:39.881Z,buy,1.94e-06,15266.0,0.02961604
WPR/BTC,1556930084905,2019-05-04T00:34:44.905Z,sell,1.93e-06,16844.0,0.03250892
WPR/BTC,1556930084905,2019-05-04T00:34:44.905Z,sell,1.93e-06,16844.0,0.03250892
WPR/BTC,1556930785279,2019-05-04T00:46:25.279Z,sell,1.93e-06,13498.0,0.02605114
WPR/BTC,1556930841672,2019-05-04T00:47:21.672Z,sell,1.93e-06,841.0,0.00162313
WPR/BTC,1556931409653,2019-05-04T00:56:49.653Z,sell,1.93e-06,1017.0,0.00196281
WPR/BTC,1556931856614,2019-05-04T01:04:16.614Z,sell,1.93e-06,24567.0,0.04741431
WPR/BTC,1556932320800,2019-05-04T01:12:00.800Z,sell,1.93e-06,999.0,0.00192807
WPR/BTC,1556932574971,2019-05-04T01:16:14.971Z,buy,1.94e-06,3750.0,0.007275
WPR/BTC,1556933220780,2019-05-04T01:27:00.780Z,sell,1.93e-06,7596.0,0.01466028
WPR/BTC,1556933220780,2019-05-04T01:27:00.780Z,sell,1.93e-06,7596.0,0.01466028
WPR/BTC,1556934742215,2019-05-04T01:52:22.215Z,sell,1.93e-06,641.0,0.00123713
WPR/BTC,1556934754778,2019-05-04T01:52:34.778Z,sell,1.93e-06,45245.0,0.08732285
WPR/BTC,1556934898793,2019-05-04T01:54:58.793Z,sell,1.93e-06,20041.0,0.03867913
WPR/BTC,1556934928643,2019-05-04T01:55:28.643Z,sell,1.93e-06,20839.0,0.04021927
WPR/BTC,1556934929794,2019-05-04T01:55:29.794Z,sell,1.93e-06,27188.0,0.05247284
WPR/BTC,1556934962472,2019-05-04T01:56:02.472Z,sell,1.93e-06,3775.0,0.00728575
WPR/BTC,1556934962474,2019-05-04T01:56:02.474Z,sell,1.93e-06,14085.0,0.02718405
WPR/BTC,1556934962528,2019-05-04T01:56:02.528Z,sell,1.93e-06,914.0,0.00176402
WPR/BTC,1556934999127,2019-05-04T01:56:39.127Z,sell,1.93e-06,2362.0,0.00455866
WPR/BTC,1556934999559,2019-05-04T01:56:39.559Z,sell,1.93e-06,20253.0,0.03908829
WPR/BTC,1556935000507,2019-05-04T01:56:40.507Z,sell,1.93e-06,1378.0,0.00265954
WPR/BTC,1556935001963,2019-05-04T01:56:41.963Z,sell,1.93e-06,27199.0,0.05249407
WPR/BTC,1556935004476,2019-05-04T01:56:44.476Z,sell,1.93e-06,14326.0,0.02764918
WPR/BTC,1556935017922,2019-05-04T01:56:57.922Z,sell,1.93e-06,10543.0,0.02034799
WPR/BTC,1556935097648,2019-05-04T01:58:17.648Z,sell,1.93e-06,59101.0,0.11406493
WPR/BTC,1556935098588,2019-05-04T01:58:18.588Z,sell,1.93e-06,1688.0,0.00325784
WPR/BTC,1556935439030,2019-05-04T02:03:59.030Z,sell,1.92e-06,40649.0,0.0780460799999999
WPR/BTC,1556935439030,2019-05-04T02:03:59.030Z,sell,1.91e-06,11109.0,0.0212181899999999
WPR/BTC,1556935441269,2019-05-04T02:04:01.269Z,sell,1.91e-06,3746.0,0.00715486
WPR/BTC,1556935441851,2019-05-04T02:04:01.851Z,sell,1.91e-06,12000.0,0.02292
WPR/BTC,1556935506822,2019-05-04T02:05:06.822Z,sell,1.91e-06,2618.0,0.00500038
WPR/BTC,1556935509484,2019-05-04T02:05:09.484Z,buy,1.92e-06,1567.0,0.00300864
WPR/BTC,1556935534246,2019-05-04T02:05:34.246Z,buy,1.92e-06,5208.0,0.0099993599999999
WPR/BTC,1556935539702,2019-05-04T02:05:39.702Z,sell,1.91e-06,527.0,0.00100657
WPR/BTC,1556935688024,2019-05-04T02:08:08.024Z,buy,1.92e-06,653.0,0.0012537599999999
WPR/BTC,1556935688024,2019-05-04T02:08:08.024Z,buy,1.93e-06,1070.0,0.0020651
WPR/BTC,1556935697871,2019-05-04T02:08:17.871Z,buy,1.93e-06,2228.0,0.00430004
WPR/BTC,1556935748613,2019-05-04T02:09:08.613Z,sell,1.91e-06,3021.0,0.00577011
WPR/BTC,1556936804780,2019-05-04T02:26:44.780Z,sell,1.91e-06,2497.0,0.00476927
WPR/BTC,1556936804780,2019-05-04T02:26:44.780Z,sell,1.91e-06,2497.0,0.00476927
WPR/BTC,1556936891378,2019-05-04T02:28:11.378Z,sell,1.91e-06,2188.0,0.00417908
WPR/BTC,1556937025642,2019-05-04T02:30:25.642Z,buy,1.92e-06,1042.0,0.0020006399999999
WPR/BTC,1556937121624,2019-05-04T02:32:01.624Z,buy,1.92e-06,52127.0,0.10008384
WPR/BTC,1556937122717,2019-05-04T02:32:02.717Z,sell,1.92e-06,1016.0,0.0019507199999999
WPR/BTC,1556937164099,2019-05-04T02:32:44.099Z,sell,1.91e-06,6567.0,0.0125429699999999
WPR/BTC,1556937827649,2019-05-04T02:43:47.649Z,sell,1.91e-06,54300.0,0.103713
WPR/BTC,1556937827649,2019-05-04T02:43:47.649Z,sell,1.9e-06,88371.0,0.1679049
WPR/BTC,1556937827670,2019-05-04T02:43:47.670Z,buy,1.9e-06,84157.0,0.1598983
WPR/BTC,1556937827697,2019-05-04T02:43:47.697Z,buy,1.92e-06,7205.0,0.0138335999999999
WPR/BTC,1556937827697,2019-05-04T02:43:47.697Z,buy,1.93e-06,76952.0,0.14851736
WPR/BTC,1556937827768,2019-05-04T02:43:47.768Z,sell,1.9e-06,13772.0,0.0261668
WPR/BTC,1556937829180,2019-05-04T02:43:49.180Z,sell,1.9e-06,1016.0,0.0019304
WPR/BTC,1556937830244,2019-05-04T02:43:50.244Z,sell,1.9e-06,532.0,0.0010108
WPR/BTC,1556937830492,2019-05-04T02:43:50.492Z,sell,1.9e-06,15000.0,0.0285
WPR/BTC,1556937839563,2019-05-04T02:43:59.563Z,sell,1.9e-06,1281.0,0.0024339
WPR/BTC,1556937845649,2019-05-04T02:44:05.649Z,sell,1.9e-06,5578.0,0.0105982
WPR/BTC,1556937846436,2019-05-04T02:44:06.436Z,buy,1.91e-06,3766.0,0.0071930599999999
WPR/BTC,1556937905378,2019-05-04T02:45:05.378Z,sell,1.9e-06,2632.0,0.0050008
WPR/BTC,1556937908427,2019-05-04T02:45:08.427Z,sell,1.9e-06,1015.0,0.0019285
WPR/BTC,1556937919514,2019-05-04T02:45:19.514Z,buy,1.91e-06,606.0,0.00115746
WPR/BTC,1556937952416,2019-05-04T02:45:52.416Z,buy,1.91e-06,42429.0,0.08103939
WPR/BTC,1556938169232,2019-05-04T02:49:29.232Z,buy,1.91e-06,34881.0,0.06662271
WPR/BTC,1556938512124,2019-05-04T02:55:12.124Z,sell,1.9e-06,650.0,0.001235
WPR/BTC,1556938850763,2019-05-04T03:00:50.763Z,buy,1.91e-06,1006.0,0.0019214599999999
WPR/BTC,1556939037542,2019-05-04T03:03:57.542Z,buy,1.91e-06,5235.0,0.00999885
WPR/BTC,1556939184548,2019-05-04T03:06:24.548Z,sell,1.9e-06,955.0,0.0018145
WPR/BTC,1556939333209,2019-05-04T03:08:53.209Z,sell,1.9e-06,685.0,0.0013015
WPR/BTC,1556939333470,2019-05-04T03:08:53.470Z,buy,1.91e-06,1139.0,0.00217549
WPR/BTC,1556939334000,2019-05-04T03:08:54.000Z,buy,1.91e-06,680.0,0.0012988
WPR/BTC,1556939801991,2019-05-04T03:16:41.991Z,sell,1.9e-06,26764.0,0.0508516
WPR/BTC,1556939888146,2019-05-04T03:18:08.146Z,buy,1.91e-06,1940.0,0.0037053999999999
WPR/BTC,1556939888146,2019-05-04T03:18:08.146Z,buy,1.91e-06,1940.0,0.0037053999999999
WPR/BTC,1556940432797,2019-05-04T03:27:12.797Z,buy,1.91e-06,6955.0,0.0132840499999999
WPR/BTC,1556940432797,2019-05-04T03:27:12.797Z,buy,1.92e-06,23045.0,0.0442464
WPR/BTC,1556940639552,2019-05-04T03:30:39.552Z,sell,1.91e-06,4285.0,0.00818435
WPR/BTC,1556941083479,2019-05-04T03:38:03.479Z,sell,1.9e-06,914.0,0.0017366
WPR/BTC,1556941189343,2019-05-04T03:39:49.343Z,sell,1.9e-06,5225.0,0.0099275
WPR/BTC,1556941328467,2019-05-04T03:42:08.467Z,sell,1.9e-06,44041.0,0.0836779
WPR/BTC,1556941335315,2019-05-04T03:42:15.315Z,sell,1.89e-06,612.0,0.00115668
WPR/BTC,1556941343014,2019-05-04T03:42:23.014Z,sell,1.89e-06,5754.0,0.0108750599999999
WPR/BTC,1556941442968,2019-05-04T03:44:02.968Z,buy,1.9e-06,1169.0,0.0022211
WPR/BTC,1556941447530,2019-05-04T03:44:07.530Z,buy,1.9e-06,579.0,0.0011001
WPR/BTC,1556941457005,2019-05-04T03:44:17.005Z,buy,1.9e-06,29799.0,0.0566181
WPR/BTC,1556941462637,2019-05-04T03:44:22.637Z,sell,1.9e-06,1968.0,0.0037392
WPR/BTC,1556941462637,2019-05-04T03:44:22.637Z,sell,1.89e-06,3661.0,0.00691929
WPR/BTC,1556941507832,2019-05-04T03:45:07.832Z,sell,1.89e-06,2646.0,0.00500094
WPR/BTC,1556941508339,2019-05-04T03:45:08.339Z,buy,1.91e-06,6530.0,0.0124722999999999
WPR/BTC,1556941508380,2019-05-04T03:45:08.380Z,buy,1.91e-06,600.0,0.0011459999999999
WPR/BTC,1556941508404,2019-05-04T03:45:08.404Z,buy,1.91e-06,2030.0,0.0038772999999999
WPR/BTC,1556941563069,2019-05-04T03:46:03.069Z,sell,1.9e-06,4337.0,0.0082403
WPR/BTC,1556941780431,2019-05-04T03:49:40.431Z,sell,1.9e-06,3334.0,0.0063346
WPR/BTC,1556941780453,2019-05-04T03:49:40.453Z,sell,1.9e-06,22741.0,0.0432079
WPR/BTC,1556941973715,2019-05-04T03:52:53.715Z,sell,1.9e-06,25861.0,0.0491359
WPR/BTC,1556942029578,2019-05-04T03:53:49.578Z,sell,1.9e-06,5263.0,0.0099997
WPR/BTC,1556942376045,2019-05-04T03:59:36.045Z,sell,1.9e-06,3378.0,0.0064182
WPR/BTC,1556942453164,2019-05-04T04:00:53.164Z,sell,1.9e-06,14482.0,0.0275158
WPR/BTC,1556942591207,2019-05-04T04:03:11.207Z,sell,1.9e-06,19761.0,0.0375459
WPR/BTC,1556942621146,2019-05-04T04:03:41.146Z,sell,1.9e-06,1010.0,0.001919
WPR/BTC,1556942637016,2019-05-04T04:03:57.016Z,sell,1.89e-06,3343.0,0.00631827
WPR/BTC,1556942740304,2019-05-04T04:05:40.304Z,buy,1.91e-06,5235.0,0.00999885
WPR/BTC,1556942764162,2019-05-04T04:06:04.162Z,sell,1.9e-06,5257.0,0.0099883
WPR/BTC,1556942962172,2019-05-04T04:09:22.172Z,sell,1.89e-06,36551.0,0.0690813899999999
WPR/BTC,1556942964314,2019-05-04T04:09:24.314Z,sell,1.89e-06,3466.0,0.0065507399999999
WPR/BTC,1556943009199,2019-05-04T04:10:09.199Z,sell,1.88e-06,8820.0,0.0165816
WPR/BTC,1556943009675,2019-05-04T04:10:09.675Z,buy,1.9e-06,6553.0,0.0124507
WPR/BTC,1556943009726,2019-05-04T04:10:09.726Z,buy,1.9e-06,2069.0,0.0039311
WPR/BTC,1556943108452,2019-05-04T04:11:48.452Z,sell,1.89e-06,1627.0,0.00307503
WPR/BTC,1556943377711,2019-05-04T04:16:17.711Z,sell,1.88e-06,11134.0,0.02093192
WPR/BTC,1556943377711,2019-05-04T04:16:17.711Z,sell,1.87e-06,161751.0,0.30247437
WPR/BTC,1556943377711,2019-05-04T04:16:17.711Z,sell,1.87e-06,28453.0,0.05320711
WPR/BTC,1556943379372,2019-05-04T04:16:19.372Z,sell,1.87e-06,2041.0,0.00381667
WPR/BTC,1556943380645,2019-05-04T04:16:20.645Z,sell,1.87e-06,541.0,0.00101167
WPR/BTC,1556943380831,2019-05-04T04:16:20.831Z,sell,1.87e-06,15000.0,0.02805
WPR/BTC,1556943381140,2019-05-04T04:16:21.140Z,buy,1.89e-06,3746.0,0.00707994
WPR/BTC,1556943382020,2019-05-04T04:16:22.020Z,sell,1.87e-06,829.0,0.00155023
WPR/BTC,1556943382276,2019-05-04T04:16:22.276Z,sell,1.87e-06,771.0,0.00144177
WPR/BTC,1556943382441,2019-05-04T04:16:22.441Z,sell,1.87e-06,3766.0,0.00704242
WPR/BTC,1556943382448,2019-05-04T04:16:22.448Z,sell,1.87e-06,2541.0,0.00475167
WPR/BTC,1556943382678,2019-05-04T04:16:22.678Z,sell,1.87e-06,779.0,0.00145673
WPR/BTC,1556943382737,2019-05-04T04:16:22.737Z,sell,1.87e-06,882.0,0.00164934
WPR/BTC,1556943384632,2019-05-04T04:16:24.632Z,sell,1.87e-06,789.0,0.00147543
WPR/BTC,1556943385429,2019-05-04T04:16:25.429Z,sell,1.87e-06,809.0,0.00151283
WPR/BTC,1556943385766,2019-05-04T04:16:25.766Z,sell,1.87e-06,798.0,0.00149226
WPR/BTC,1556943386278,2019-05-04T04:16:26.278Z,sell,1.87e-06,809.0,0.00151283
WPR/BTC,1556943387058,2019-05-04T04:16:27.058Z,sell,1.87e-06,1221.0,0.00228327
WPR/BTC,1556943387557,2019-05-04T04:16:27.557Z,sell,1.87e-06,2066.0,0.00386342
WPR/BTC,1556943387974,2019-05-04T04:16:27.974Z,sell,1.87e-06,2788.0,0.00521356
WPR/BTC,1556943388357,2019-05-04T04:16:28.357Z,sell,1.87e-06,10759.0,0.02011933
WPR/BTC,1556943391849,2019-05-04T04:16:31.849Z,sell,1.87e-06,809.0,0.00151283
WPR/BTC,1556943394006,2019-05-04T04:16:34.006Z,sell,1.87e-06,802.0,0.00149974
WPR/BTC,1556943394228,2019-05-04T04:16:34.228Z,buy,1.88e-06,1179.0,0.00221652
WPR/BTC,1556943394323,2019-05-04T04:16:34.323Z,buy,1.88e-06,1179.0,0.00221652
WPR/BTC,1556943394435,2019-05-04T04:16:34.435Z,buy,1.88e-06,1072.0,0.00201536
WPR/BTC,1556943394701,2019-05-04T04:16:34.701Z,buy,1.88e-06,10372.0,0.01949936
WPR/BTC,1556943395198,2019-05-04T04:16:35.198Z,sell,1.87e-06,771.0,0.00144177
WPR/BTC,1556943396519,2019-05-04T04:16:36.519Z,buy,1.88e-06,19089.0,0.03588732
WPR/BTC,1556943400283,2019-05-04T04:16:40.283Z,sell,1.87e-06,819.0,0.00153153
WPR/BTC,1556943478051,2019-05-04T04:17:58.051Z,buy,1.88e-06,5319.0,0.00999972
WPR/BTC,1556943478051,2019-05-04T04:17:58.051Z,buy,1.88e-06,5319.0,0.00999972
WPR/BTC,1556943587756,2019-05-04T04:19:47.756Z,sell,1.88e-06,1138.0,0.00213944
WPR/BTC,1556943587789,2019-05-04T04:19:47.789Z,buy,1.88e-06,25234.0,0.04743992
WPR/BTC,1556943589280,2019-05-04T04:19:49.280Z,sell,1.88e-06,532.0,0.00100016
WPR/BTC,1556943589280,2019-05-04T04:19:49.280Z,sell,1.87e-06,37.0,6.919e-05
WPR/BTC,1556943611987,2019-05-04T04:20:11.987Z,sell,1.87e-06,82119.0,0.15356253
WPR/BTC,1556943796002,2019-05-04T04:23:16.002Z,sell,1.87e-06,5148.0,0.00962676
WPR/BTC,1556943851837,2019-05-04T04:24:11.837Z,buy,1.88e-06,39843.0,0.07490484
WPR/BTC,1556943858134,2019-05-04T04:24:18.134Z,sell,1.88e-06,36316.0,0.06827408
WPR/BTC,1556943892138,2019-05-04T04:24:52.138Z,buy,1.89e-06,19103.0,0.03610467
WPR/BTC,1556943892616,2019-05-04T04:24:52.616Z,buy,1.89e-06,160767.0,0.30384963
WPR/BTC,1556943914587,2019-05-04T04:25:14.587Z,buy,1.89e-06,35147.0,0.06642783
WPR/BTC,1556943961836,2019-05-04T04:26:01.836Z,buy,1.89e-06,878.0,0.00165942
WPR/BTC,1556944273028,2019-05-04T04:31:13.028Z,buy,1.89e-06,9268.0,0.01751652
WPR/BTC,1556944318531,2019-05-04T04:31:58.531Z,buy,1.89e-06,60017.0,0.1134321299999999
WPR/BTC,1556944429884,2019-05-04T04:33:49.884Z,sell,1.89e-06,530.0,0.0010017
WPR/BTC,1556944507979,2019-05-04T04:35:07.979Z,sell,1.89e-06,1723.0,0.00325647
WPR/BTC,1556944712624,2019-05-04T04:38:32.624Z,sell,1.89e-06,652.0,0.0012322799999999
WPR/BTC,1556945400542,2019-05-04T04:50:00.542Z,sell,1.89e-06,2315.0,0.00437535
WPR/BTC,1556945773340,2019-05-04T04:56:13.340Z,sell,1.89e-06,4101.0,0.00775089
WPR/BTC,1556945997407,2019-05-04T04:59:57.407Z,sell,1.89e-06,195718.0,0.36990702
WPR/BTC,1556945998092,2019-05-04T04:59:58.092Z,sell,1.89e-06,9190.0,0.0173691
WPR/BTC,1556946246062,2019-05-04T05:04:06.062Z,buy,1.89e-06,15725.0,0.02972025
WPR/BTC,1556946248040,2019-05-04T05:04:08.040Z,sell,1.89e-06,1948.0,0.00368172
WPR/BTC,1556946261643,2019-05-04T05:04:21.643Z,sell,1.89e-06,76159.0,0.14394051
WPR/BTC,1556946394478,2019-05-04T05:06:34.478Z,sell,1.89e-06,34863.0,0.06589107
WPR/BTC,1556946673167,2019-05-04T05:11:13.167Z,sell,1.89e-06,33892.0,0.06405588
WPR/BTC,1556946740598,2019-05-04T05:12:20.598Z,buy,1.9e-06,26986.0,0.0512734
WPR/BTC,1556946740635,2019-05-04T05:12:20.635Z,sell,1.9e-06,2972.0,0.0056468
WPR/BTC,1556946740656,2019-05-04T05:12:20.656Z,sell,1.89e-06,2972.0,0.00561708
WPR/BTC,1556946917504,2019-05-04T05:15:17.504Z,sell,1.89e-06,22935.0,0.04334715
WPR/BTC,1556946917504,2019-05-04T05:15:17.504Z,sell,1.89e-06,22935.0,0.04334715
WPR/BTC,1556947104209,2019-05-04T05:18:24.209Z,sell,1.89e-06,2867.0,0.00541863
WPR/BTC,1556947155356,2019-05-04T05:19:15.356Z,buy,1.9e-06,3120.0,0.005928
WPR/BTC,1556947189140,2019-05-04T05:19:49.140Z,sell,1.89e-06,61854.0,0.1169040599999999
WPR/BTC,1556947228128,2019-05-04T05:20:28.128Z,sell,1.89e-06,3594.0,0.00679266
WPR/BTC,1556947364617,2019-05-04T05:22:44.617Z,sell,1.89e-06,15246.0,0.0288149399999999
WPR/BTC,1556948167459,2019-05-04T05:36:07.459Z,sell,1.89e-06,3201.0,0.00604989
WPR/BTC,1556948453954,2019-05-04T05:40:53.954Z,sell,1.89e-06,2688.0,0.00508032
WPR/BTC,1556948775303,2019-05-04T05:46:15.303Z,buy,1.9e-06,3973.0,0.0075487
WPR/BTC,1556949634475,2019-05-04T06:00:34.475Z,sell,1.89e-06,30359.0,0.0573785099999999
WPR/BTC,1556949635130,2019-05-04T06:00:35.130Z,sell,1.89e-06,1633.0,0.0030863699999999
WPR/BTC,1556949885293,2019-05-04T06:04:45.293Z,sell,1.89e-06,22354.0,0.04224906
WPR/BTC,1556950400266,2019-05-04T06:13:20.266Z,sell,1.89e-06,1045.0,0.00197505
WPR/BTC,1556950400266,2019-05-04T06:13:20.266Z,sell,1.89e-06,1045.0,0.00197505
WPR/BTC,1556951354923,2019-05-04T06:29:14.923Z,sell,1.89e-06,4598.0,0.00869022
WPR/BTC,1556952246202,2019-05-04T06:44:06.202Z,sell,1.89e-06,637.0,0.00120393
WPR/BTC,1556952256325,2019-05-04T06:44:16.325Z,sell,1.89e-06,11916.0,0.0225212399999999
WPR/BTC,1556952322357,2019-05-04T06:45:22.357Z,buy,1.89e-06,8000.0,0.01512
WPR/BTC,1556952536393,2019-05-04T06:48:56.393Z,sell,1.88e-06,2553.0,0.00479964
WPR/BTC,1556952537025,2019-05-04T06:48:57.025Z,buy,1.89e-06,4381.0,0.00828009
WPR/BTC,1556952787134,2019-05-04T06:53:07.134Z,buy,1.89e-06,5699.0,0.0107711099999999
WPR/BTC,1556952787149,2019-05-04T06:53:07.149Z,buy,1.89e-06,5699.0,0.0107711099999999
WPR/BTC,1556952787156,2019-05-04T06:53:07.156Z,buy,1.89e-06,4583.0,0.00866187
WPR/BTC,1556952971401,2019-05-04T06:56:11.401Z,buy,1.89e-06,2592.0,0.0048988799999999
WPR/BTC,1556953718936,2019-05-04T07:08:38.936Z,buy,1.89e-06,5291.0,0.00999999
WPR/BTC,1556953882958,2019-05-04T07:11:22.958Z,sell,1.88e-06,1679.0,0.00315652
WPR/BTC,1556953883512,2019-05-04T07:11:23.512Z,buy,1.89e-06,4381.0,0.00828009
WPR/BTC,1556953933316,2019-05-04T07:12:13.316Z,buy,1.89e-06,59385.0,0.11223765
WPR/BTC,1556953933316,2019-05-04T07:12:13.316Z,buy,1.89e-06,59385.0,0.11223765
WPR/BTC,1556954354329,2019-05-04T07:19:14.329Z,buy,1.9e-06,51362.0,0.0975878
WPR/BTC,1556954423907,2019-05-04T07:20:23.907Z,buy,1.9e-06,37032.0,0.0703608
WPR/BTC,1556954490587,2019-05-04T07:21:30.587Z,buy,1.9e-06,70235.0,0.1334465
WPR/BTC,1556954490613,2019-05-04T07:21:30.613Z,sell,1.9e-06,6784.0,0.0128896
WPR/BTC,1556954491424,2019-05-04T07:21:31.424Z,buy,1.91e-06,7532.0,0.0143861199999999
WPR/BTC,1556954708039,2019-05-04T07:25:08.039Z,buy,1.91e-06,18522.0,0.0353770199999999
WPR/BTC,1556954724150,2019-05-04T07:25:24.150Z,sell,1.9e-06,532.0,0.0010108
WPR/BTC,1556954739588,2019-05-04T07:25:39.588Z,buy,1.91e-06,529.0,0.00101039
WPR/BTC,1556954765861,2019-05-04T07:26:05.861Z,sell,1.9e-06,1000.0,0.0019
WPR/BTC,1556955607896,2019-05-04T07:40:07.896Z,sell,1.89e-06,65370.0,0.1235492999999999
WPR/BTC,1556955607896,2019-05-04T07:40:07.896Z,sell,1.88e-06,240024.0,0.45124512
WPR/BTC,1556955607896,2019-05-04T07:40:07.896Z,sell,1.87e-06,52567.0,0.09830029
WPR/BTC,1556955607896,2019-05-04T07:40:07.896Z,sell,1.86e-06,155055.0,0.2884023
WPR/BTC,1556955608380,2019-05-04T07:40:08.380Z,buy,1.89e-06,1002.0,0.0018937799999999
WPR/BTC,1556955608505,2019-05-04T07:40:08.505Z,buy,1.89e-06,13312.0,0.02515968
WPR/BTC,1556955608524,2019-05-04T07:40:08.524Z,buy,1.89e-06,3588.0,0.0067813199999999
WPR/BTC,1556955608531,2019-05-04T07:40:08.531Z,buy,1.89e-06,18224.0,0.03444336
WPR/BTC,1556955608574,2019-05-04T07:40:08.574Z,buy,1.89e-06,2151.0,0.0040653899999999
WPR/BTC,1556955608585,2019-05-04T07:40:08.585Z,buy,1.89e-06,2979.0,0.0056303099999999
WPR/BTC,1556955608595,2019-05-04T07:40:08.595Z,buy,1.89e-06,3588.0,0.0067813199999999
WPR/BTC,1556955608597,2019-05-04T07:40:08.597Z,buy,1.89e-06,16975.0,0.03208275
WPR/BTC,1556955608655,2019-05-04T07:40:08.655Z,buy,1.89e-06,1559.0,0.00294651
WPR/BTC,1556955608666,2019-05-04T07:40:08.666Z,buy,1.89e-06,1040.0,0.0019656
WPR/BTC,1556955612278,2019-05-04T07:40:12.278Z,sell,1.88e-06,3124.0,0.00587312
WPR/BTC,1556955735037,2019-05-04T07:42:15.037Z,sell,1.88e-06,2000.0,0.00376
WPR/BTC,1556955985915,2019-05-04T07:46:25.915Z,sell,1.88e-06,5630.0,0.0105844
WPR/BTC,1556956533563,2019-05-04T07:55:33.563Z,sell,1.87e-06,1692.0,0.00316404
WPR/BTC,1556956568717,2019-05-04T07:56:08.717Z,buy,1.88e-06,685.0,0.0012878
WPR/BTC,1556956569679,2019-05-04T07:56:09.679Z,buy,1.88e-06,685.0,0.0012878
WPR/BTC,1556957028318,2019-05-04T08:03:48.318Z,sell,1.87e-06,835.0,0.00156145
WPR/BTC,1556957070718,2019-05-04T08:04:30.718Z,sell,1.87e-06,22013.0,0.04116431
WPR/BTC,1556957417153,2019-05-04T08:10:17.153Z,sell,1.87e-06,20699.0,0.03870713
WPR/BTC,1556957433848,2019-05-04T08:10:33.848Z,sell,1.86e-06,1385.0,0.0025761
WPR/BTC,1556957438049,2019-05-04T08:10:38.049Z,sell,1.86e-06,4232.0,0.00787152
WPR/BTC,1556957447360,2019-05-04T08:10:47.360Z,sell,1.86e-06,2057.0,0.00382602
WPR/BTC,1556957448778,2019-05-04T08:10:48.778Z,sell,1.86e-06,1666.0,0.00309876
WPR/BTC,1556957448817,2019-05-04T08:10:48.817Z,sell,1.86e-06,1092.0,0.00203112
WPR/BTC,1556957450063,2019-05-04T08:10:50.063Z,sell,1.86e-06,1473.0,0.00273978
WPR/BTC,1556957450255,2019-05-04T08:10:50.255Z,sell,1.86e-06,1094.0,0.00203484
WPR/BTC,1556957453301,2019-05-04T08:10:53.301Z,sell,1.86e-06,1508.0,0.00280488
WPR/BTC,1556957462710,2019-05-04T08:11:02.710Z,sell,1.86e-06,4504.0,0.00837744
WPR/BTC,1556957464216,2019-05-04T08:11:04.216Z,sell,1.86e-06,1107.0,0.00205902
WPR/BTC,1556957466464,2019-05-04T08:11:06.464Z,sell,1.86e-06,2382.0,0.00443052
WPR/BTC,1556957467872,2019-05-04T08:11:07.872Z,sell,1.86e-06,1127.0,0.0020962199999999
WPR/BTC,1556957507744,2019-05-04T08:11:47.744Z,sell,1.86e-06,100000.0,0.186
WPR/BTC,1556957509994,2019-05-04T08:11:49.994Z,sell,1.86e-06,15000.0,0.0279
WPR/BTC,1556957509994,2019-05-04T08:11:49.994Z,sell,1.86e-06,15000.0,0.0279
WPR/BTC,1556957614892,2019-05-04T08:13:34.892Z,sell,1.86e-06,22308.0,0.04149288
WPR/BTC,1556957619182,2019-05-04T08:13:39.182Z,sell,1.85e-06,624.0,0.0011544
WPR/BTC,1556957619182,2019-05-04T08:13:39.182Z,sell,1.85e-06,80000.0,0.148
WPR/BTC,1556957619182,2019-05-04T08:13:39.182Z,sell,1.85e-06,111626.0,0.2065081
WPR/BTC,1556957619182,2019-05-04T08:13:39.182Z,sell,1.85e-06,717.0,0.00132645
WPR/BTC,1556957622923,2019-05-04T08:13:42.923Z,sell,1.85e-06,156535.0,0.28958975
WPR/BTC,1556957646801,2019-05-04T08:14:06.801Z,buy,1.86e-06,24794.0,0.04611684
WPR/BTC,1556957647822,2019-05-04T08:14:07.822Z,sell,1.85e-06,4878.0,0.0090243
WPR/BTC,1556957653104,2019-05-04T08:14:13.104Z,sell,1.85e-06,1266.0,0.0023421
WPR/BTC,1556957694213,2019-05-04T08:14:54.213Z,buy,1.86e-06,652.0,0.00121272
WPR/BTC,1556957706883,2019-05-04T08:15:06.883Z,sell,1.85e-06,4310.0,0.0079735
WPR/BTC,1556957736999,2019-05-04T08:15:36.999Z,buy,1.86e-06,12031.0,0.02237766
WPR/BTC,1556957815018,2019-05-04T08:16:55.018Z,buy,1.86e-06,43334.0,0.08060124
WPR/BTC,1556957859981,2019-05-04T08:17:39.981Z,buy,1.86e-06,4662.0,0.00867132
WPR/BTC,1556957859981,2019-05-04T08:17:39.981Z,buy,1.87e-06,52215.0,0.09764205
WPR/BTC,1556957859981,2019-05-04T08:17:39.981Z,buy,1.88e-06,24938.0,0.04688344
WPR/BTC,1556957893444,2019-05-04T08:18:13.444Z,sell,1.86e-06,1520.0,0.0028271999999999
WPR/BTC,1556957915053,2019-05-04T08:18:35.053Z,buy,1.87e-06,5348.0,0.01000076
WPR/BTC,1556957956252,2019-05-04T08:19:16.252Z,buy,1.87e-06,98.0,0.00018326
WPR/BTC,1556958026937,2019-05-04T08:20:26.937Z,sell,1.86e-06,9616.0,0.01788576
WPR/BTC,1556958068006,2019-05-04T08:21:08.006Z,sell,1.86e-06,1723.0,0.00320478
WPR/BTC,1556958103538,2019-05-04T08:21:43.538Z,sell,1.86e-06,5208.0,0.00968688
WPR/BTC,1556958374550,2019-05-04T08:26:14.550Z,sell,1.86e-06,11363.0,0.02113518
WPR/BTC,1556958598425,2019-05-04T08:29:58.425Z,sell,1.86e-06,39776.0,0.07398336
WPR/BTC,1556958763183,2019-05-04T08:32:43.183Z,sell,1.85e-06,137811.0,0.25495035
WPR/BTC,1556958763449,2019-05-04T08:32:43.449Z,buy,1.85e-06,11605.0,0.02146925
WPR/BTC,1556958764392,2019-05-04T08:32:44.392Z,buy,1.86e-06,3516.0,0.0065397599999999
WPR/BTC,1556958933911,2019-05-04T08:35:33.911Z,sell,1.86e-06,3319.0,0.00617334
WPR/BTC,1556958942653,2019-05-04T08:35:42.653Z,sell,1.85e-06,3502.0,0.0064787
WPR/BTC,1556958953817,2019-05-04T08:35:53.817Z,sell,1.85e-06,858.0,0.0015873
WPR/BTC,1556959068293,2019-05-04T08:37:48.293Z,buy,1.86e-06,752.0,0.00139872
WPR/BTC,1556959130752,2019-05-04T08:38:50.752Z,buy,1.86e-06,1010.0,0.0018786
WPR/BTC,1556959360826,2019-05-04T08:42:40.826Z,buy,1.86e-06,42265.0,0.0786129
WPR/BTC,1556959368213,2019-05-04T08:42:48.213Z,buy,1.86e-06,607.0,0.00112902
WPR/BTC,1556959650239,2019-05-04T08:47:30.239Z,sell,1.85e-06,371095.0,0.68652575
WPR/BTC,1556959650239,2019-05-04T08:47:30.239Z,sell,1.84e-06,77917.0,0.1433672799999999
WPR/BTC,1556959651180,2019-05-04T08:47:31.180Z,buy,1.85e-06,606.0,0.0011211
WPR/BTC,1556959651284,2019-05-04T08:47:31.284Z,buy,1.85e-06,843.0,0.00155955
WPR/BTC,1556959651374,2019-05-04T08:47:31.374Z,buy,1.85e-06,2307.0,0.00426795
WPR/BTC,1556959651556,2019-05-04T08:47:31.556Z,sell,1.84e-06,1042.0,0.00191728
WPR/BTC,1556959654559,2019-05-04T08:47:34.559Z,sell,1.84e-06,549.0,0.00101016
WPR/BTC,1556959656866,2019-05-04T08:47:36.866Z,sell,1.84e-06,76788.0,0.1412899199999999
WPR/BTC,1556959680462,2019-05-04T08:48:00.462Z,sell,1.84e-06,1284.0,0.00236256
WPR/BTC,1556959680471,2019-05-04T08:48:00.471Z,sell,1.84e-06,1207.0,0.00222088
WPR/BTC,1556959682632,2019-05-04T08:48:02.632Z,sell,1.84e-06,1171.0,0.0021546399999999
WPR/BTC,1556959682810,2019-05-04T08:48:02.810Z,sell,1.84e-06,1082.0,0.00199088
WPR/BTC,1556959683233,2019-05-04T08:48:03.233Z,sell,1.84e-06,1578.0,0.00290352
WPR/BTC,1556959683281,2019-05-04T08:48:03.281Z,sell,1.84e-06,1233.0,0.00226872
WPR/BTC,1556959685957,2019-05-04T08:48:05.957Z,sell,1.84e-06,1677.0,0.00308568
WPR/BTC,1556959687985,2019-05-04T08:48:07.985Z,sell,1.84e-06,1206.0,0.00221904
WPR/BTC,1556959690459,2019-05-04T08:48:10.459Z,sell,1.84e-06,1959.0,0.0036045599999999
WPR/BTC,1556959690480,2019-05-04T08:48:10.480Z,sell,1.84e-06,1132.0,0.00208288
WPR/BTC,1556959693439,2019-05-04T08:48:13.439Z,sell,1.84e-06,1158.0,0.00213072
WPR/BTC,1556959693675,2019-05-04T08:48:13.675Z,sell,1.84e-06,1087.0,0.00200008
WPR/BTC,1556959693709,2019-05-04T08:48:13.709Z,sell,1.84e-06,1431.0,0.00263304
WPR/BTC,1556959697206,2019-05-04T08:48:17.206Z,sell,1.84e-06,1296.0,0.00238464
WPR/BTC,1556959698492,2019-05-04T08:48:18.492Z,sell,1.84e-06,1549.0,0.00285016
WPR/BTC,1556959698874,2019-05-04T08:48:18.874Z,sell,1.84e-06,3822.0,0.00703248
WPR/BTC,1556959699699,2019-05-04T08:48:19.699Z,sell,1.84e-06,1358.0,0.00249872
WPR/BTC,1556959701839,2019-05-04T08:48:21.839Z,sell,1.84e-06,1806.0,0.0033230399999999
WPR/BTC,1556959704201,2019-05-04T08:48:24.201Z,sell,1.84e-06,1235.0,0.0022724
WPR/BTC,1556959712425,2019-05-04T08:48:32.425Z,sell,1.84e-06,1277.0,0.00234968
WPR/BTC,1556959712688,2019-05-04T08:48:32.688Z,sell,1.84e-06,1074.0,0.00197616
WPR/BTC,1556959713761,2019-05-04T08:48:33.761Z,sell,1.84e-06,1076.0,0.00197984
WPR/BTC,1556959714696,2019-05-04T08:48:34.696Z,sell,1.84e-06,3320.0,0.0061088
WPR/BTC,1556959733946,2019-05-04T08:48:53.946Z,sell,1.84e-06,2000.0,0.00368
WPR/BTC,1556959835223,2019-05-04T08:50:35.223Z,buy,1.85e-06,46548.0,0.0861138
WPR/BTC,1556959998922,2019-05-04T08:53:18.922Z,sell,1.85e-06,12200.0,0.02257
WPR/BTC,1556960360877,2019-05-04T08:59:20.877Z,sell,1.85e-06,3741.0,0.00692085
WPR/BTC,1556960516079,2019-05-04T09:01:56.079Z,buy,1.86e-06,1601.0,0.00297786
WPR/BTC,1556960607708,2019-05-04T09:03:27.708Z,sell,1.85e-06,11514.0,0.0213009
WPR/BTC,1556960903755,2019-05-04T09:08:23.755Z,sell,1.85e-06,9444.0,0.0174714
WPR/BTC,1556960928118,2019-05-04T09:08:48.118Z,buy,1.86e-06,677.0,0.00125922
WPR/BTC,1556960970686,2019-05-04T09:09:30.686Z,sell,1.85e-06,1946.0,0.0036001
WPR/BTC,1556960986133,2019-05-04T09:09:46.133Z,sell,1.85e-06,1946.0,0.0036001
WPR/BTC,1556961045275,2019-05-04T09:10:45.275Z,sell,1.85e-06,1946.0,0.0036001
WPR/BTC,1556961082500,2019-05-04T09:11:22.500Z,sell,1.85e-06,1946.0,0.0036001
WPR/BTC,1556961082500,2019-05-04T09:11:22.500Z,sell,1.85e-06,1946.0,0.0036001
WPR/BTC,1556961140337,2019-05-04T09:12:20.337Z,sell,1.85e-06,1946.0,0.0036001
WPR/BTC,1556961241275,2019-05-04T09:14:01.275Z,sell,1.85e-06,7774.0,0.0143819
WPR/BTC,1556961274359,2019-05-04T09:14:34.359Z,buy,1.86e-06,39308.0,0.07311288
WPR/BTC,1556961661893,2019-05-04T09:21:01.893Z,buy,1.86e-06,14034.0,0.02610324
WPR/BTC,1556961887722,2019-05-04T09:24:47.722Z,sell,1.85e-06,999.0,0.00184815
WPR/BTC,1556961916701,2019-05-04T09:25:16.701Z,sell,1.85e-06,5000.0,0.00925
WPR/BTC,1556962197540,2019-05-04T09:29:57.540Z,sell,1.85e-06,2070.0,0.0038295
WPR/BTC,1556962432867,2019-05-04T09:33:52.867Z,sell,1.85e-06,7692.0,0.0142302
WPR/BTC,1556962556644,2019-05-04T09:35:56.644Z,sell,1.85e-06,131919.0,0.24405015
WPR/BTC,1556962696098,2019-05-04T09:38:16.098Z,buy,1.86e-06,1215.0,0.0022599
WPR/BTC,1556962728141,2019-05-04T09:38:48.141Z,buy,1.86e-06,542.0,0.00100812
WPR/BTC,1556962773057,2019-05-04T09:39:33.057Z,sell,1.85e-06,2599.0,0.00480815
WPR/BTC,1556963389039,2019-05-04T09:49:49.039Z,buy,1.86e-06,807.0,0.00150102
WPR/BTC,1556963415654,2019-05-04T09:50:15.654Z,sell,1.85e-06,4650.0,0.0086025
WPR/BTC,1556963415701,2019-05-04T09:50:15.701Z,sell,1.85e-06,1713.0,0.00316905
WPR/BTC,1556963450154,2019-05-04T09:50:50.154Z,buy,1.86e-06,561.0,0.00104346
WPR/BTC,1556963613191,2019-05-04T09:53:33.191Z,buy,1.86e-06,86.0,0.00015996
WPR/BTC,1556963756639,2019-05-04T09:55:56.639Z,sell,1.85e-06,1408.0,0.0026048
WPR/BTC,1556964010858,2019-05-04T10:00:10.858Z,sell,1.85e-06,16216.0,0.0299996
WPR/BTC,1556964592865,2019-05-04T10:09:52.865Z,buy,1.86e-06,93.0,0.00017298
WPR/BTC,1556964669915,2019-05-04T10:11:09.915Z,sell,1.85e-06,19980.0,0.036963
WPR/BTC,1556964669915,2019-05-04T10:11:09.915Z,sell,1.85e-06,19980.0,0.036963
WPR/BTC,1556964693226,2019-05-04T10:11:33.226Z,sell,1.85e-06,15791.0,0.02921335
WPR/BTC,1556964743688,2019-05-04T10:12:23.688Z,sell,1.85e-06,7552.0,0.0139712
WPR/BTC,1556964935139,2019-05-04T10:15:35.139Z,buy,1.86e-06,1075.0,0.0019995
WPR/BTC,1556965121254,2019-05-04T10:18:41.254Z,sell,1.85e-06,43450.0,0.0803825
WPR/BTC,1556965248683,2019-05-04T10:20:48.683Z,sell,1.85e-06,24105.0,0.04459425
WPR/BTC,1556965330016,2019-05-04T10:22:10.016Z,sell,1.85e-06,4761.0,0.00880785
WPR/BTC,1556965562262,2019-05-04T10:26:02.262Z,sell,1.85e-06,12136.0,0.0224516
WPR/BTC,1556965607394,2019-05-04T10:26:47.394Z,sell,1.85e-06,4172.0,0.0077182
WPR/BTC,1556965801007,2019-05-04T10:30:01.007Z,sell,1.85e-06,9949.0,0.01840565
WPR/BTC,1556965821889,2019-05-04T10:30:21.889Z,buy,1.85e-06,32345.0,0.05983825
WPR/BTC,1556965826811,2019-05-04T10:30:26.811Z,sell,1.84e-06,49982.0,0.09196688
WPR/BTC,1556965861391,2019-05-04T10:31:01.391Z,sell,1.84e-06,1201.0,0.00220984
WPR/BTC,1556965913901,2019-05-04T10:31:53.901Z,buy,1.86e-06,2338.0,0.00434868
WPR/BTC,1556966046809,2019-05-04T10:34:06.809Z,buy,1.85e-06,642.0,0.0011877
WPR/BTC,1556966328453,2019-05-04T10:38:48.453Z,sell,1.85e-06,646.0,0.0011951
WPR/BTC,1556966332251,2019-05-04T10:38:52.251Z,sell,1.85e-06,769.0,0.00142265
WPR/BTC,1556966483633,2019-05-04T10:41:23.633Z,buy,1.86e-06,1613.0,0.00300018
WPR/BTC,1556966646326,2019-05-04T10:44:06.326Z,sell,1.85e-06,548.0,0.0010138
WPR/BTC,1556966727677,2019-05-04T10:45:27.677Z,sell,1.84e-06,1086.0,0.00199824
WPR/BTC,1556966750192,2019-05-04T10:45:50.192Z,sell,1.84e-06,10731.0,0.01974504
WPR/BTC,1556966750717,2019-05-04T10:45:50.717Z,buy,1.86e-06,1523.0,0.00283278
WPR/BTC,1556966797421,2019-05-04T10:46:37.421Z,buy,1.86e-06,3225.0,0.0059985
WPR/BTC,1556967319473,2019-05-04T10:55:19.473Z,buy,1.86e-06,1906.0,0.00354516
WPR/BTC,1556967374674,2019-05-04T10:56:14.674Z,sell,1.85e-06,2783.0,0.00514855
WPR/BTC,1556967426327,2019-05-04T10:57:06.327Z,sell,1.85e-06,6787.0,0.01255595
WPR/BTC,1556967547854,2019-05-04T10:59:07.854Z,sell,1.85e-06,17998.0,0.0332963
WPR/BTC,1556967548322,2019-05-04T10:59:08.322Z,buy,1.85e-06,98.0,0.0001813
WPR/BTC,1556967559057,2019-05-04T10:59:19.057Z,buy,1.85e-06,4380.0,0.008103
WPR/BTC,1556967559098,2019-05-04T10:59:19.098Z,buy,1.85e-06,4665.0,0.00863025
WPR/BTC,1556967559591,2019-05-04T10:59:19.591Z,buy,1.85e-06,628.0,0.0011618
WPR/BTC,1556967573924,2019-05-04T10:59:33.924Z,buy,1.85e-06,4634.0,0.0085729
WPR/BTC,1556967587875,2019-05-04T10:59:47.875Z,buy,1.85e-06,2400.0,0.00444
WPR/BTC,1556967656128,2019-05-04T11:00:56.128Z,sell,1.84e-06,28421.0,0.0522946399999999
WPR/BTC,1556967656356,2019-05-04T11:00:56.356Z,sell,1.84e-06,546.0,0.00100464
WPR/BTC,1556967798595,2019-05-04T11:03:18.595Z,buy,1.85e-06,26585.0,0.04918225
WPR/BTC,1556967798595,2019-05-04T11:03:18.595Z,buy,1.85e-06,26585.0,0.04918225
WPR/BTC,1556968300505,2019-05-04T11:11:40.505Z,sell,1.85e-06,25436.0,0.0470566
WPR/BTC,1556968471561,2019-05-04T11:14:31.561Z,sell,1.85e-06,25471.0,0.04712135
WPR/BTC,1556968481485,2019-05-04T11:14:41.485Z,sell,1.84e-06,34009.0,0.06257656
WPR/BTC,1556968651481,2019-05-04T11:17:31.481Z,sell,1.84e-06,11351.0,0.02088584
WPR/BTC,1556968651528,2019-05-04T11:17:31.528Z,buy,1.84e-06,3588.0,0.00660192
WPR/BTC,1556968651531,2019-05-04T11:17:31.531Z,buy,1.84e-06,18040.0,0.0331936
WPR/BTC,1556968651543,2019-05-04T11:17:31.543Z,buy,1.84e-06,2801.0,0.00515384
WPR/BTC,1556968651592,2019-05-04T11:17:31.592Z,buy,1.84e-06,18040.0,0.0331936
WPR/BTC,1556968651594,2019-05-04T11:17:31.594Z,buy,1.84e-06,3588.0,0.00660192
WPR/BTC,1556968651621,2019-05-04T11:17:31.621Z,buy,1.84e-06,1157.0,0.00212888
WPR/BTC,1556968651626,2019-05-04T11:17:31.626Z,buy,1.84e-06,21756.0,0.04003104
WPR/BTC,1556968651667,2019-05-04T11:17:31.667Z,buy,1.84e-06,15328.0,0.02820352
WPR/BTC,1556968651671,2019-05-04T11:17:31.671Z,buy,1.84e-06,2312.0,0.0042540799999999
WPR/BTC,1556968651719,2019-05-04T11:17:31.719Z,buy,1.84e-06,2098.0,0.00386032
WPR/BTC,1556968651825,2019-05-04T11:17:31.825Z,buy,1.84e-06,3255.0,0.0059892
WPR/BTC,1556968651931,2019-05-04T11:17:31.931Z,buy,1.84e-06,3255.0,0.0059892
WPR/BTC,1556968651946,2019-05-04T11:17:31.946Z,buy,1.84e-06,30675.0,0.056442
WPR/BTC,1556968652038,2019-05-04T11:17:32.038Z,buy,1.84e-06,3255.0,0.0059892
WPR/BTC,1556968652258,2019-05-04T11:17:32.258Z,buy,1.84e-06,3255.0,0.0059892
WPR/BTC,1556968652354,2019-05-04T11:17:32.354Z,buy,1.84e-06,3255.0,0.0059892
WPR/BTC,1556968652456,2019-05-04T11:17:32.456Z,buy,1.84e-06,569.0,0.00104696
WPR/BTC,1556968652517,2019-05-04T11:17:32.517Z,buy,1.84e-06,5641.0,0.01037944
WPR/BTC,1556968652568,2019-05-04T11:17:32.568Z,buy,1.84e-06,9900.0,0.018216
WPR/BTC,1556968652868,2019-05-04T11:17:32.868Z,buy,1.84e-06,10000.0,0.0184
WPR/BTC,1556968653059,2019-05-04T11:17:33.059Z,sell,1.83e-06,4459.0,0.00815997
WPR/BTC,1556968653059,2019-05-04T11:17:33.059Z,sell,1.83e-06,9390.0,0.0171837
WPR/BTC,1556968653224,2019-05-04T11:17:33.224Z,buy,1.84e-06,26950.0,0.049588
WPR/BTC,1556968653238,2019-05-04T11:17:33.238Z,sell,1.83e-06,4955.0,0.00906765
WPR/BTC,1556968653832,2019-05-04T11:17:33.832Z,buy,1.84e-06,9307.0,0.01712488
WPR/BTC,1556968654326,2019-05-04T11:17:34.326Z,sell,1.83e-06,2477.0,0.00453291
WPR/BTC,1556968655232,2019-05-04T11:17:35.232Z,buy,1.84e-06,2477.0,0.00455768
WPR/BTC,1556968655624,2019-05-04T11:17:35.624Z,sell,1.83e-06,8485.0,0.01552755
WPR/BTC,1556968655637,2019-05-04T11:17:35.637Z,buy,1.83e-06,6515.0,0.01192245
WPR/BTC,1556968657502,2019-05-04T11:17:37.502Z,buy,1.83e-06,2294.0,0.00419802
WPR/BTC,1556968661349,2019-05-04T11:17:41.349Z,sell,1.82e-06,8107.0,0.0147547399999999
WPR/BTC,1556968667497,2019-05-04T11:17:47.497Z,buy,1.83e-06,12872.0,0.02355576
WPR/BTC,1556968668478,2019-05-04T11:17:48.478Z,buy,1.83e-06,2165.0,0.00396195
WPR/BTC,1556968681097,2019-05-04T11:18:01.097Z,buy,1.83e-06,4025.0,0.00736575
WPR/BTC,1556968826162,2019-05-04T11:20:26.162Z,sell,1.83e-06,547.0,0.00100101
WPR/BTC,1556968952139,2019-05-04T11:22:32.139Z,sell,1.82e-06,1358.0,0.00247156
WPR/BTC,1556969172177,2019-05-04T11:26:12.177Z,buy,1.83e-06,714.0,0.00130662
WPR/BTC,1556969191538,2019-05-04T11:26:31.538Z,buy,1.83e-06,188328.0,0.34464024
WPR/BTC,1556969242130,2019-05-04T11:27:22.130Z,buy,1.84e-06,3401.0,0.00625784
WPR/BTC,1556969463853,2019-05-04T11:31:03.853Z,sell,1.83e-06,27027.0,0.04945941
WPR/BTC,1556969689160,2019-05-04T11:34:49.160Z,buy,1.84e-06,545.0,0.0010027999999999
WPR/BTC,1556970061913,2019-05-04T11:41:01.913Z,sell,1.83e-06,2818.0,0.00515694
WPR/BTC,1556970605690,2019-05-04T11:50:05.690Z,sell,1.83e-06,3397.0,0.00621651
WPR/BTC,1556970932750,2019-05-04T11:55:32.750Z,sell,1.83e-06,215139.0,0.39370437
WPR/BTC,1556970969806,2019-05-04T11:56:09.806Z,sell,1.83e-06,3663.0,0.00670329
WPR/BTC,1556971115938,2019-05-04T11:58:35.938Z,sell,1.83e-06,13416.0,0.02455128
WPR/BTC,1556971298845,2019-05-04T12:01:38.845Z,buy,1.83e-06,52709.0,0.09645747
WPR/BTC,1556971382805,2019-05-04T12:03:02.805Z,buy,1.84e-06,2485.0,0.0045724
WPR/BTC,1556971382805,2019-05-04T12:03:02.805Z,buy,1.84e-06,2485.0,0.0045724
WPR/BTC,1556971569361,2019-05-04T12:06:09.361Z,buy,1.84e-06,1793.0,0.00329912
WPR/BTC,1556971570717,2019-05-04T12:06:10.717Z,buy,1.84e-06,2717.0,0.00499928
WPR/BTC,1556971570722,2019-05-04T12:06:10.722Z,buy,1.84e-06,3297.0,0.00606648
WPR/BTC,1556971570738,2019-05-04T12:06:10.738Z,buy,1.84e-06,1086.0,0.00199824
WPR/BTC,1556971570890,2019-05-04T12:06:10.890Z,buy,1.84e-06,4347.0,0.00799848
WPR/BTC,1556971571669,2019-05-04T12:06:11.669Z,buy,1.84e-06,571.0,0.00105064
WPR/BTC,1556971716066,2019-05-04T12:08:36.066Z,sell,1.83e-06,91129.0,0.16676607
WPR/BTC,1556971716066,2019-05-04T12:08:36.066Z,sell,1.82e-06,289613.0,0.52709566
WPR/BTC,1556971811147,2019-05-04T12:10:11.147Z,buy,1.84e-06,1000.0,0.00184
WPR/BTC,1556971818841,2019-05-04T12:10:18.841Z,sell,1.82e-06,44955.0,0.0818180999999999
WPR/BTC,1556971899280,2019-05-04T12:11:39.280Z,buy,1.83e-06,5540.0,0.0101382
WPR/BTC,1556971922616,2019-05-04T12:12:02.616Z,buy,1.83e-06,38254.0,0.07000482
WPR/BTC,1556972167653,2019-05-04T12:16:07.653Z,buy,1.84e-06,4676.0,0.00860384
WPR/BTC,1556972564176,2019-05-04T12:22:44.176Z,sell,1.83e-06,6270.0,0.0114741
WPR/BTC,1556972564176,2019-05-04T12:22:44.176Z,sell,1.82e-06,2970.0,0.0054053999999999
WPR/BTC,1556972776770,2019-05-04T12:26:16.770Z,sell,1.82e-06,6553.0,0.01192646
WPR/BTC,1556973125462,2019-05-04T12:32:05.462Z,sell,1.82e-06,11640.0,0.0211848
WPR/BTC,1556973125690,2019-05-04T12:32:05.690Z,sell,1.82e-06,639.0,0.0011629799999999
WPR/BTC,1556973362043,2019-05-04T12:36:02.043Z,buy,1.83e-06,15313.0,0.02802279
WPR/BTC,1556973362349,2019-05-04T12:36:02.349Z,sell,1.83e-06,7212.0,0.01319796
WPR/BTC,1556973364129,2019-05-04T12:36:04.129Z,sell,1.82e-06,208911.0,0.38021802
WPR/BTC,1556973629077,2019-05-04T12:40:29.077Z,sell,1.82e-06,42154.0,0.07672028
WPR/BTC,1556973660491,2019-05-04T12:41:00.491Z,sell,1.81e-06,1286.0,0.00232766
WPR/BTC,1556973660491,2019-05-04T12:41:00.491Z,sell,1.81e-06,2655.0,0.00480555
WPR/BTC,1556973660491,2019-05-04T12:41:00.491Z,sell,1.81e-06,5291.0,0.00957671
WPR/BTC,1556973662589,2019-05-04T12:41:02.589Z,sell,1.81e-06,1567.0,0.00283627
WPR/BTC,1556973663948,2019-05-04T12:41:03.948Z,buy,1.82e-06,5434.0,0.00988988
WPR/BTC,1556973664988,2019-05-04T12:41:04.988Z,sell,1.81e-06,1074.0,0.00194394
WPR/BTC,1556973665423,2019-05-04T12:41:05.423Z,sell,1.81e-06,559.0,0.00101179
WPR/BTC,1556973667411,2019-05-04T12:41:07.411Z,sell,1.81e-06,1255.0,0.00227155
WPR/BTC,1556973672953,2019-05-04T12:41:12.953Z,sell,1.81e-06,2557.0,0.00462817
WPR/BTC,1556973674742,2019-05-04T12:41:14.742Z,sell,1.81e-06,877.0,0.00158737
WPR/BTC,1556973674806,2019-05-04T12:41:14.806Z,sell,1.81e-06,30657.0,0.05548917
WPR/BTC,1556973691265,2019-05-04T12:41:31.265Z,sell,1.81e-06,1473.0,0.00266613
WPR/BTC,1556973692372,2019-05-04T12:41:32.372Z,sell,1.81e-06,1167.0,0.00211227
WPR/BTC,1556973696898,2019-05-04T12:41:36.898Z,buy,1.82e-06,1327.0,0.00241514
WPR/BTC,1556973697370,2019-05-04T12:41:37.370Z,buy,1.82e-06,1061.0,0.0019310199999999
WPR/BTC,1556973698335,2019-05-04T12:41:38.335Z,buy,1.82e-06,742.0,0.00135044
WPR/BTC,1556973707933,2019-05-04T12:41:47.933Z,sell,1.81e-06,1697.0,0.00307157
WPR/BTC,1556973723498,2019-05-04T12:42:03.498Z,buy,1.82e-06,568.0,0.0010337599999999
WPR/BTC,1556973735742,2019-05-04T12:42:15.742Z,buy,1.82e-06,3645.0,0.0066339
WPR/BTC,1556973735766,2019-05-04T12:42:15.766Z,buy,1.82e-06,3433.0,0.00624806
WPR/BTC,1556973735796,2019-05-04T12:42:15.796Z,buy,1.82e-06,3645.0,0.0066339
WPR/BTC,1556973735871,2019-05-04T12:42:15.871Z,buy,1.82e-06,3087.0,0.0056183399999999
WPR/BTC,1556973770191,2019-05-04T12:42:50.191Z,buy,1.82e-06,1133.0,0.00206206
WPR/BTC,1556973770314,2019-05-04T12:42:50.314Z,buy,1.82e-06,5006.0,0.00911092
WPR/BTC,1556974094144,2019-05-04T12:48:14.144Z,sell,1.81e-06,5123.0,0.00927263
WPR/BTC,1556974159620,2019-05-04T12:49:19.620Z,buy,1.82e-06,44240.0,0.0805168
WPR/BTC,1556974224775,2019-05-04T12:50:24.775Z,sell,1.81e-06,1569.0,0.00283989
WPR/BTC,1556974295422,2019-05-04T12:51:35.422Z,sell,1.81e-06,132471.0,0.23977251
WPR/BTC,1556974343285,2019-05-04T12:52:23.285Z,sell,1.81e-06,37114.0,0.06717634
WPR/BTC,1556974465317,2019-05-04T12:54:25.317Z,sell,1.81e-06,32608.0,0.05902048
WPR/BTC,1556974556760,2019-05-04T12:55:56.760Z,sell,1.81e-06,3645.0,0.00659745
WPR/BTC,1556974725603,2019-05-04T12:58:45.603Z,sell,1.81e-06,2269.0,0.00410689
WPR/BTC,1556974785834,2019-05-04T12:59:45.834Z,buy,1.82e-06,2278.0,0.00414596
WPR/BTC,1556974786835,2019-05-04T12:59:46.835Z,sell,1.81e-06,3663.0,0.00663003
WPR/BTC,1556974788334,2019-05-04T12:59:48.334Z,sell,1.81e-06,3674.0,0.00664994
WPR/BTC,1556974803146,2019-05-04T13:00:03.146Z,sell,1.81e-06,51184.0,0.09264304
WPR/BTC,1556974846740,2019-05-04T13:00:46.740Z,sell,1.81e-06,15729.0,0.02846949
WPR/BTC,1556974847003,2019-05-04T13:00:47.003Z,buy,1.82e-06,786.0,0.00143052
WPR/BTC,1556974849789,2019-05-04T13:00:49.789Z,sell,1.81e-06,5347.0,0.00967807
WPR/BTC,1556974958006,2019-05-04T13:02:38.006Z,sell,1.81e-06,30856.0,0.05584936
WPR/BTC,1556974958006,2019-05-04T13:02:38.006Z,sell,1.81e-06,30856.0,0.05584936
WPR/BTC,1556974986949,2019-05-04T13:03:06.949Z,sell,1.81e-06,16388.0,0.02966228
WPR/BTC,1556974998181,2019-05-04T13:03:18.181Z,sell,1.81e-06,73000.0,0.13213
WPR/BTC,1556975312661,2019-05-04T13:08:32.661Z,buy,1.82e-06,2197.0,0.00399854
WPR/BTC,1556975356354,2019-05-04T13:09:16.354Z,buy,1.82e-06,15723.0,0.02861586
WPR/BTC,1556975661271,2019-05-04T13:14:21.271Z,sell,1.81e-06,8331.0,0.01507911
WPR/BTC,1556975735191,2019-05-04T13:15:35.191Z,buy,1.82e-06,600.0,0.0010919999999999
WPR/BTC,1556975838674,2019-05-04T13:17:18.674Z,buy,1.82e-06,1002.0,0.0018236399999999
WPR/BTC,1556975977585,2019-05-04T13:19:37.585Z,sell,1.81e-06,31663.0,0.05731003
WPR/BTC,1556976018823,2019-05-04T13:20:18.823Z,sell,1.81e-06,7178.0,0.01299218
WPR/BTC,1556976018830,2019-05-04T13:20:18.830Z,sell,1.81e-06,12593.0,0.02279333
WPR/BTC,1556976112235,2019-05-04T13:21:52.235Z,buy,1.82e-06,15247.0,0.02774954
WPR/BTC,1556976112260,2019-05-04T13:21:52.260Z,buy,1.82e-06,38023.0,0.06920186
WPR/BTC,1556976112477,2019-05-04T13:21:52.477Z,buy,1.82e-06,20656.0,0.0375939199999999
WPR/BTC,1556976112814,2019-05-04T13:21:52.814Z,buy,1.82e-06,10000.0,0.0182
WPR/BTC,1556976113033,2019-05-04T13:21:53.033Z,sell,1.81e-06,10796.0,0.01954076
WPR/BTC,1556976113045,2019-05-04T13:21:53.045Z,sell,1.81e-06,263.0,0.00047603
WPR/BTC,1556976113045,2019-05-04T13:21:53.045Z,sell,1.8e-06,9554.0,0.0171972
WPR/BTC,1556976113045,2019-05-04T13:21:53.045Z,sell,1.8e-06,11299.0,0.0203382
WPR/BTC,1556976113045,2019-05-04T13:21:53.045Z,sell,1.8e-06,6375.0,0.0114749999999999
WPR/BTC,1556976113045,2019-05-04T13:21:53.045Z,sell,1.8e-06,3957.0,0.0071226
WPR/BTC,1556976113045,2019-05-04T13:21:53.045Z,sell,1.79e-06,41132.0,0.07362628
WPR/BTC,1556976113065,2019-05-04T13:21:53.065Z,buy,1.8e-06,17381.0,0.0312857999999999
WPR/BTC,1556976113067,2019-05-04T13:21:53.067Z,buy,1.8e-06,11059.0,0.0199062
WPR/BTC,1556976113090,2019-05-04T13:21:53.090Z,buy,1.8e-06,6313.0,0.0113634
WPR/BTC,1556976113643,2019-05-04T13:21:53.643Z,sell,1.8e-06,5041.0,0.0090738
WPR/BTC,1556976113686,2019-05-04T13:21:53.686Z,buy,1.8e-06,2865.0,0.005157
WPR/BTC,1556976113720,2019-05-04T13:21:53.720Z,buy,1.8e-06,797.0,0.0014345999999999
WPR/BTC,1556976113750,2019-05-04T13:21:53.750Z,buy,1.8e-06,1114.0,0.0020052
WPR/BTC,1556976114267,2019-05-04T13:21:54.267Z,buy,1.81e-06,880.0,0.0015928
WPR/BTC,1556976115494,2019-05-04T13:21:55.494Z,sell,1.8e-06,2082.0,0.0037476
WPR/BTC,1556976115569,2019-05-04T13:21:55.569Z,buy,1.8e-06,6030.0,0.0108539999999999
WPR/BTC,1556976116085,2019-05-04T13:21:56.085Z,sell,1.79e-06,65507.0,0.11725753
WPR/BTC,1556976116177,2019-05-04T13:21:56.177Z,sell,1.79e-06,8996.0,0.01610284
WPR/BTC,1556976120962,2019-05-04T13:22:00.962Z,sell,1.79e-06,18749.0,0.03356071
WPR/BTC,1556976120962,2019-05-04T13:22:00.962Z,sell,1.78e-06,1681.0,0.0029921799999999
WPR/BTC,1556976126440,2019-05-04T13:22:06.440Z,sell,1.79e-06,4347.0,0.00778113
WPR/BTC,1556976126877,2019-05-04T13:22:06.877Z,sell,1.79e-06,10868.0,0.01945372
WPR/BTC,1556976143481,2019-05-04T13:22:23.481Z,sell,1.79e-06,1099.0,0.00196721
WPR/BTC,1556976143807,2019-05-04T13:22:23.807Z,buy,1.8e-06,7501.0,0.0135018
WPR/BTC,1556976143807,2019-05-04T13:22:23.807Z,buy,1.81e-06,2316.0,0.00419196
WPR/BTC,1556976145503,2019-05-04T13:22:25.503Z,sell,1.8e-06,710.0,0.0012779999999999
WPR/BTC,1556976145503,2019-05-04T13:22:25.503Z,sell,1.79e-06,5767.0,0.01032293
WPR/BTC,1556976147119,2019-05-04T13:22:27.119Z,sell,1.79e-06,1580.0,0.0028282
WPR/BTC,1556976154443,2019-05-04T13:22:34.443Z,sell,1.79e-06,1611.0,0.00288369
WPR/BTC,1556976155754,2019-05-04T13:22:35.754Z,sell,1.79e-06,1108.0,0.00198332
WPR/BTC,1556976155850,2019-05-04T13:22:35.850Z,sell,1.79e-06,1193.0,0.00213547
WPR/BTC,1556976155925,2019-05-04T13:22:35.925Z,sell,1.79e-06,1173.0,0.00209967
WPR/BTC,1556976157271,2019-05-04T13:22:37.271Z,sell,1.79e-06,1182.0,0.00211578
WPR/BTC,1556976157337,2019-05-04T13:22:37.337Z,sell,1.79e-06,1079.0,0.00193141
WPR/BTC,1556976157729,2019-05-04T13:22:37.729Z,sell,1.79e-06,6509.0,0.01165111
WPR/BTC,1556976158751,2019-05-04T13:22:38.751Z,sell,1.79e-06,1580.0,0.0028282
WPR/BTC,1556976158949,2019-05-04T13:22:38.949Z,sell,1.79e-06,1385.0,0.00247915
WPR/BTC,1556976159570,2019-05-04T13:22:39.570Z,sell,1.79e-06,5128.0,0.00917912
WPR/BTC,1556976169829,2019-05-04T13:22:49.829Z,sell,1.79e-06,1292.0,0.00231268
WPR/BTC,1556976178128,2019-05-04T13:22:58.128Z,sell,1.79e-06,1401.0,0.00250779
WPR/BTC,1556976179162,2019-05-04T13:22:59.162Z,sell,1.79e-06,1591.0,0.00284789
WPR/BTC,1556976179488,2019-05-04T13:22:59.488Z,sell,1.79e-06,1369.0,0.00245051
WPR/BTC,1556976180626,2019-05-04T13:23:00.626Z,sell,1.79e-06,1518.0,0.00271722
WPR/BTC,1556976281633,2019-05-04T13:24:41.633Z,buy,1.81e-06,4417.0,0.00799477
WPR/BTC,1556976295030,2019-05-04T13:24:55.030Z,buy,1.81e-06,12446.0,0.02252726
WPR/BTC,1556976396621,2019-05-04T13:26:36.621Z,sell,1.8e-06,14521.0,0.0261378
WPR/BTC,1556976419771,2019-05-04T13:26:59.771Z,sell,1.79e-06,75000.0,0.13425
WPR/BTC,1556976435444,2019-05-04T13:27:15.444Z,sell,1.79e-06,1338.0,0.00239502
WPR/BTC,1556976443458,2019-05-04T13:27:23.458Z,sell,1.79e-06,1830.0,0.0032757
WPR/BTC,1556976444664,2019-05-04T13:27:24.664Z,sell,1.79e-06,1787.0,0.00319873
WPR/BTC,1556976449098,2019-05-04T13:27:29.098Z,sell,1.79e-06,1251.0,0.00223929
WPR/BTC,1556976452621,2019-05-04T13:27:32.621Z,sell,1.79e-06,26076.0,0.04667604
WPR/BTC,1556976561913,2019-05-04T13:29:21.913Z,buy,1.81e-06,1265.0,0.00228965
WPR/BTC,1556976573616,2019-05-04T13:29:33.616Z,sell,1.79e-06,24333.0,0.04355607
WPR/BTC,1556976631440,2019-05-04T13:30:31.440Z,buy,1.8e-06,7000.0,0.0126
WPR/BTC,1556976650049,2019-05-04T13:30:50.049Z,sell,1.79e-06,1075.0,0.00192425
WPR/BTC,1556976808257,2019-05-04T13:33:28.257Z,sell,1.79e-06,18874.0,0.03378446
WPR/BTC,1556976843910,2019-05-04T13:34:03.910Z,sell,1.79e-06,87903.0,0.15734637
WPR/BTC,1556976936468,2019-05-04T13:35:36.468Z,sell,1.78e-06,34554.0,0.06150612
WPR/BTC,1556976940721,2019-05-04T13:35:40.721Z,sell,1.78e-06,568.0,0.00101104
WPR/BTC,1556977004828,2019-05-04T13:36:44.828Z,sell,1.78e-06,28942.0,0.0515167599999999
WPR/BTC,1556977067374,2019-05-04T13:37:47.374Z,buy,1.79e-06,35590.0,0.0637061
WPR/BTC,1556977201857,2019-05-04T13:40:01.857Z,sell,1.79e-06,5451.0,0.00975729
WPR/BTC,1556977388586,2019-05-04T13:43:08.586Z,buy,1.8e-06,1655.0,0.002979
WPR/BTC,1556977427561,2019-05-04T13:43:47.561Z,sell,1.79e-06,7907.0,0.01415353
WPR/BTC,1556977434909,2019-05-04T13:43:54.909Z,sell,1.78e-06,71996.0,0.12815288
WPR/BTC,1556977434953,2019-05-04T13:43:54.953Z,buy,1.78e-06,3036.0,0.0054040799999999
WPR/BTC,1556977434955,2019-05-04T13:43:54.955Z,buy,1.78e-06,6281.0,0.01118018
WPR/BTC,1556977434966,2019-05-04T13:43:54.966Z,buy,1.78e-06,3241.0,0.00576898
WPR/BTC,1556977435538,2019-05-04T13:43:55.538Z,buy,1.78e-06,6281.0,0.01118018
WPR/BTC,1556977435681,2019-05-04T13:43:55.681Z,buy,1.78e-06,4892.0,0.00870776
WPR/BTC,1556977435712,2019-05-04T13:43:55.712Z,buy,1.78e-06,4283.0,0.0076237399999999
WPR/BTC,1556977435741,2019-05-04T13:43:55.741Z,buy,1.78e-06,4059.0,0.0072250199999999
WPR/BTC,1556977448410,2019-05-04T13:44:08.410Z,sell,1.77e-06,9352.0,0.01655304
WPR/BTC,1556977455755,2019-05-04T13:44:15.755Z,buy,1.78e-06,542.0,0.0009647599999999
WPR/BTC,1556977455755,2019-05-04T13:44:15.755Z,buy,1.79e-06,3857.0,0.00690403
WPR/BTC,1556977456299,2019-05-04T13:44:16.299Z,buy,1.79e-06,1793.0,0.00320947
WPR/BTC,1556977457551,2019-05-04T13:44:17.551Z,buy,1.78e-06,668.0,0.00118904
WPR/BTC,1556977472263,2019-05-04T13:44:32.263Z,buy,1.78e-06,5000.0,0.0089
WPR/BTC,1556977554000,2019-05-04T13:45:54.000Z,sell,1.78e-06,5235.0,0.0093183
WPR/BTC,1556977597928,2019-05-04T13:46:37.928Z,sell,1.78e-06,3969.0,0.0070648199999999
WPR/BTC,1556977600593,2019-05-04T13:46:40.593Z,sell,1.78e-06,5610.0,0.0099858
WPR/BTC,1556977662161,2019-05-04T13:47:42.161Z,buy,1.79e-06,5489.0,0.00982531
WPR/BTC,1556977751068,2019-05-04T13:49:11.068Z,sell,1.78e-06,615.0,0.0010946999999999
WPR/BTC,1556977751855,2019-05-04T13:49:11.855Z,sell,1.78e-06,615.0,0.0010946999999999
WPR/BTC,1556977751884,2019-05-04T13:49:11.884Z,sell,1.78e-06,2277.0,0.00405306
WPR/BTC,1556977762006,2019-05-04T13:49:22.006Z,buy,1.79e-06,34375.0,0.06153125
WPR/BTC,1556977789440,2019-05-04T13:49:49.440Z,buy,1.79e-06,933.0,0.00167007
WPR/BTC,1556977791635,2019-05-04T13:49:51.635Z,sell,1.78e-06,27574.0,0.0490817199999999
WPR/BTC,1556977793203,2019-05-04T13:49:53.203Z,buy,1.79e-06,729.0,0.00130491
WPR/BTC,1556977796545,2019-05-04T13:49:56.545Z,sell,1.78e-06,30013.0,0.0534231399999999
WPR/BTC,1556977915079,2019-05-04T13:51:55.079Z,buy,1.79e-06,41057.0,0.07349203
WPR/BTC,1556977915108,2019-05-04T13:51:55.108Z,buy,1.79e-06,26618.0,0.04764622
WPR/BTC,1556977916328,2019-05-04T13:51:56.328Z,buy,1.79e-06,10731.0,0.01920849
WPR/BTC,1556977929266,2019-05-04T13:52:09.266Z,sell,1.78e-06,10731.0,0.01910118
WPR/BTC,1556977934872,2019-05-04T13:52:14.872Z,buy,1.79e-06,24269.0,0.04344151
WPR/BTC,1556977979205,2019-05-04T13:52:59.205Z,buy,1.8e-06,1242.0,0.0022356
WPR/BTC,1556978111404,2019-05-04T13:55:11.404Z,buy,1.8e-06,3482.0,0.0062676
WPR/BTC,1556978111418,2019-05-04T13:55:11.418Z,buy,1.8e-06,3392.0,0.0061056
WPR/BTC,1556978111496,2019-05-04T13:55:11.496Z,buy,1.8e-06,3482.0,0.0062676
WPR/BTC,1556978134283,2019-05-04T13:55:34.283Z,sell,1.79e-06,9150.0,0.0163785
WPR/BTC,1556978134973,2019-05-04T13:55:34.973Z,buy,1.79e-06,358.0,0.00064082
WPR/BTC,1556978180961,2019-05-04T13:56:20.961Z,buy,1.8e-06,40985.0,0.0737729999999999
WPR/BTC,1556978190804,2019-05-04T13:56:30.804Z,buy,1.8e-06,30739.0,0.0553301999999999
WPR/BTC,1556978372689,2019-05-04T13:59:32.689Z,buy,1.8e-06,18619.0,0.0335142
WPR/BTC,1556978416856,2019-05-04T14:00:16.856Z,sell,1.79e-06,41784.0,0.07479336
WPR/BTC,1556978516198,2019-05-04T14:01:56.198Z,buy,1.8e-06,671.0,0.0012078
WPR/BTC,1556978521625,2019-05-04T14:02:01.625Z,buy,1.8e-06,34195.0,0.0615509999999999
WPR/BTC,1556978521625,2019-05-04T14:02:01.625Z,buy,1.8e-06,34195.0,0.0615509999999999
WPR/BTC,1556978791153,2019-05-04T14:06:31.153Z,buy,1.8e-06,1389.0,0.0025001999999999
WPR/BTC,1556979133955,2019-05-04T14:12:13.955Z,buy,1.8e-06,1100.0,0.00198
WPR/BTC,1556979218010,2019-05-04T14:13:38.010Z,buy,1.8e-06,954.0,0.0017171999999999
WPR/BTC,1556979337821,2019-05-04T14:15:37.821Z,buy,1.8e-06,5000.0,0.009
WPR/BTC,1556979368527,2019-05-04T14:16:08.527Z,buy,1.8e-06,1573.0,0.0028314
WPR/BTC,1556979520414,2019-05-04T14:18:40.414Z,buy,1.8e-06,3086.0,0.0055547999999999
WPR/BTC,1556979616057,2019-05-04T14:20:16.057Z,buy,1.8e-06,570.0,0.001026
WPR/BTC,1556979804299,2019-05-04T14:23:24.299Z,sell,1.79e-06,12647.0,0.02263813
WPR/BTC,1556979999260,2019-05-04T14:26:39.260Z,buy,1.8e-06,51807.0,0.0932525999999999
WPR/BTC,1556980004107,2019-05-04T14:26:44.107Z,sell,1.8e-06,8829.0,0.0158922
WPR/BTC,1556980004159,2019-05-04T14:26:44.159Z,sell,1.8e-06,9810.0,0.017658
WPR/BTC,1556980004453,2019-05-04T14:26:44.453Z,sell,1.8e-06,4905.0,0.008829
WPR/BTC,1556980005068,2019-05-04T14:26:45.068Z,buy,1.81e-06,6369.0,0.01152789
WPR/BTC,1556980006103,2019-05-04T14:26:46.103Z,buy,1.81e-06,4399.0,0.00796219
WPR/BTC,1556980007118,2019-05-04T14:26:47.118Z,buy,1.81e-06,4888.0,0.00884728
WPR/BTC,1556980015883,2019-05-04T14:26:55.883Z,sell,1.8e-06,4596.0,0.0082728
WPR/BTC,1556980016017,2019-05-04T14:26:56.017Z,buy,1.81e-06,2367.0,0.00428427
WPR/BTC,1556980185666,2019-05-04T14:29:45.666Z,sell,1.8e-06,106271.0,0.1912877999999999
WPR/BTC,1556980208301,2019-05-04T14:30:08.301Z,buy,1.81e-06,792.0,0.00143352
WPR/BTC,1556980396086,2019-05-04T14:33:16.086Z,buy,1.81e-06,805.0,0.00145705
WPR/BTC,1556980560234,2019-05-04T14:36:00.234Z,sell,1.8e-06,55309.0,0.0995562
WPR/BTC,1556980560719,2019-05-04T14:36:00.719Z,buy,1.8e-06,2231.0,0.0040158
WPR/BTC,1556980585091,2019-05-04T14:36:25.091Z,buy,1.8e-06,11250.0,0.02025
WPR/BTC,1556980672950,2019-05-04T14:37:52.950Z,buy,1.8e-06,3454.0,0.0062172
WPR/BTC,1556980673219,2019-05-04T14:37:53.219Z,buy,1.81e-06,2231.0,0.00403811
WPR/BTC,1556980684315,2019-05-04T14:38:04.315Z,buy,1.81e-06,776.0,0.00140456
WPR/BTC,1556980690068,2019-05-04T14:38:10.068Z,sell,1.8e-06,733.0,0.0013193999999999
WPR/BTC,1556980739246,2019-05-04T14:38:59.246Z,sell,1.8e-06,2000.0,0.0036
WPR/BTC,1556980771689,2019-05-04T14:39:31.689Z,sell,1.8e-06,1500.0,0.0026999999999999
WPR/BTC,1556980792377,2019-05-04T14:39:52.377Z,sell,1.8e-06,36863.0,0.0663533999999999
WPR/BTC,1556980792377,2019-05-04T14:39:52.377Z,sell,1.79e-06,4706.0,0.00842374
WPR/BTC,1556980808663,2019-05-04T14:40:08.663Z,buy,1.81e-06,661.0,0.00119641
WPR/BTC,1556980863601,2019-05-04T14:41:03.601Z,buy,1.81e-06,555.0,0.00100455
WPR/BTC,1556980919071,2019-05-04T14:41:59.071Z,buy,1.81e-06,23665.0,0.04283365
WPR/BTC,1556980922951,2019-05-04T14:42:02.951Z,buy,1.81e-06,40791.0,0.07383171
WPR/BTC,1556980934476,2019-05-04T14:42:14.476Z,buy,1.81e-06,102549.0,0.18561369
WPR/BTC,1556981129024,2019-05-04T14:45:29.024Z,buy,1.81e-06,1657.0,0.00299917
WPR/BTC,1556981133423,2019-05-04T14:45:33.423Z,buy,1.81e-06,38674.0,0.06999994
WPR/BTC,1556981133859,2019-05-04T14:45:33.859Z,buy,1.81e-06,1215.0,0.00219915
WPR/BTC,1556981158321,2019-05-04T14:45:58.321Z,buy,1.81e-06,2099.0,0.00379919
WPR/BTC,1556981220864,2019-05-04T14:47:00.864Z,buy,1.81e-06,2482.0,0.00449242
WPR/BTC,1556981230092,2019-05-04T14:47:10.092Z,sell,1.8e-06,9343.0,0.0168174
WPR/BTC,1556981260624,2019-05-04T14:47:40.624Z,sell,1.8e-06,555.0,0.0009989999999999
WPR/BTC,1556981439586,2019-05-04T14:50:39.586Z,buy,1.81e-06,3370.0,0.0060997
WPR/BTC,1556981597470,2019-05-04T14:53:17.470Z,buy,1.81e-06,10935.0,0.01979235
WPR/BTC,1556981605103,2019-05-04T14:53:25.103Z,buy,1.81e-06,16395.0,0.02967495
WPR/BTC,1556981698368,2019-05-04T14:54:58.368Z,buy,1.81e-06,1144.0,0.00207064
WPR/BTC,1556982070336,2019-05-04T15:01:10.336Z,buy,1.81e-06,8853.0,0.01602393
WPR/BTC,1556982070336,2019-05-04T15:01:10.336Z,buy,1.81e-06,8853.0,0.01602393
WPR/BTC,1556982362747,2019-05-04T15:06:02.747Z,buy,1.81e-06,45102.0,0.08163462
WPR/BTC,1556982362747,2019-05-04T15:06:02.747Z,buy,1.82e-06,104589.0,0.19035198
WPR/BTC,1556982362747,2019-05-04T15:06:02.747Z,buy,1.83e-06,244844.0,0.44806452
WPR/BTC,1556982364248,2019-05-04T15:06:04.248Z,buy,1.82e-06,10630.0,0.0193466
WPR/BTC,1556982430823,2019-05-04T15:07:10.823Z,sell,1.8e-06,1117.0,0.0020106
WPR/BTC,1556982491145,2019-05-04T15:08:11.145Z,sell,1.81e-06,1000.0,0.00181
WPR/BTC,1556982935237,2019-05-04T15:15:35.237Z,buy,1.82e-06,1559.0,0.00283738
WPR/BTC,1556982935265,2019-05-04T15:15:35.265Z,sell,1.82e-06,565.0,0.0010283
WPR/BTC,1556982935506,2019-05-04T15:15:35.506Z,sell,1.82e-06,23915.0,0.0435252999999999
WPR/BTC,1556982944828,2019-05-04T15:15:44.828Z,sell,1.81e-06,2274.0,0.00411594
WPR/BTC,1556982944952,2019-05-04T15:15:44.952Z,sell,1.81e-06,4475.0,0.00809975
WPR/BTC,1556982944979,2019-05-04T15:15:44.979Z,sell,1.81e-06,1416.0,0.00256296
WPR/BTC,1556982944992,2019-05-04T15:15:44.992Z,sell,1.81e-06,4466.0,0.00808346
WPR/BTC,1556982945651,2019-05-04T15:15:45.651Z,sell,1.81e-06,6175.0,0.01117675
WPR/BTC,1556982945689,2019-05-04T15:15:45.689Z,sell,1.81e-06,1402.0,0.00253762
WPR/BTC,1556982945918,2019-05-04T15:15:45.918Z,sell,1.81e-06,6772.0,0.01225732
WPR/BTC,1556982945957,2019-05-04T15:15:45.957Z,sell,1.81e-06,4465.0,0.00808165
WPR/BTC,1556982945974,2019-05-04T15:15:45.974Z,sell,1.81e-06,4650.0,0.0084165
WPR/BTC,1556982945983,2019-05-04T15:15:45.983Z,sell,1.81e-06,4465.0,0.00808165
WPR/BTC,1556982946154,2019-05-04T15:15:46.154Z,sell,1.81e-06,1265.0,0.00228965
WPR/BTC,1556982982222,2019-05-04T15:16:22.222Z,buy,1.82e-06,6989.0,0.0127199799999999
WPR/BTC,1556983041359,2019-05-04T15:17:21.359Z,buy,1.82e-06,14762.0,0.02686684
WPR/BTC,1556983120305,2019-05-04T15:18:40.305Z,buy,1.82e-06,9320.0,0.0169624
WPR/BTC,1556983120924,2019-05-04T15:18:40.924Z,sell,1.82e-06,1116.0,0.00203112
WPR/BTC,1556983122299,2019-05-04T15:18:42.299Z,sell,1.82e-06,703.0,0.00127946
WPR/BTC,1556983131986,2019-05-04T15:18:51.986Z,sell,1.82e-06,3278.0,0.00596596
WPR/BTC,1556983159100,2019-05-04T15:19:19.100Z,sell,1.82e-06,1655.0,0.0030120999999999
WPR/BTC,1556983181973,2019-05-04T15:19:41.973Z,sell,1.81e-06,1242.0,0.00224802
WPR/BTC,1556983632412,2019-05-04T15:27:12.412Z,sell,1.82e-06,4624.0,0.00841568
WPR/BTC,1556983666412,2019-05-04T15:27:46.412Z,buy,1.83e-06,5496.0,0.01005768
WPR/BTC,1556983683846,2019-05-04T15:28:03.846Z,buy,1.83e-06,11127.0,0.02036241
WPR/BTC,1556983710681,2019-05-04T15:28:30.681Z,buy,1.83e-06,54644.0,0.09999852
WPR/BTC,1556983729761,2019-05-04T15:28:49.761Z,buy,1.83e-06,30787.0,0.05634021
WPR/BTC,1556983730381,2019-05-04T15:28:50.381Z,sell,1.83e-06,2000.0,0.00366
WPR/BTC,1556983739368,2019-05-04T15:28:59.368Z,buy,1.84e-06,16000.0,0.02944
WPR/BTC,1556983741292,2019-05-04T15:29:01.292Z,sell,1.83e-06,1696.0,0.00310368
WPR/BTC,1556983788137,2019-05-04T15:29:48.137Z,sell,1.83e-06,632.0,0.00115656
WPR/BTC,1556983788976,2019-05-04T15:29:48.976Z,sell,1.83e-06,1011.0,0.00185013
WPR/BTC,1556983789209,2019-05-04T15:29:49.209Z,sell,1.83e-06,630.0,0.0011529
WPR/BTC,1556983789857,2019-05-04T15:29:49.857Z,sell,1.83e-06,1011.0,0.00185013
WPR/BTC,1556983946735,2019-05-04T15:32:26.735Z,sell,1.83e-06,636.0,0.00116388
WPR/BTC,1556984555565,2019-05-04T15:42:35.565Z,sell,1.83e-06,4063.0,0.00743529
WPR/BTC,1556984555568,2019-05-04T15:42:35.568Z,sell,1.83e-06,13775.0,0.02520825
WPR/BTC,1556984555735,2019-05-04T15:42:35.735Z,sell,1.83e-06,881.0,0.00161223
WPR/BTC,1556984591397,2019-05-04T15:43:11.397Z,sell,1.83e-06,1000.0,0.00183
WPR/BTC,1556984596458,2019-05-04T15:43:16.458Z,sell,1.83e-06,126087.0,0.23073921
WPR/BTC,1556984785458,2019-05-04T15:46:25.458Z,buy,1.84e-06,3766.0,0.00692944
WPR/BTC,1556984786497,2019-05-04T15:46:26.497Z,sell,1.82e-06,3746.0,0.00681772
WPR/BTC,1556984790987,2019-05-04T15:46:30.987Z,sell,1.82e-06,5254.0,0.00956228
WPR/BTC,1556984833706,2019-05-04T15:47:13.706Z,buy,1.84e-06,5434.0,0.00999856
WPR/BTC,1556984867962,2019-05-04T15:47:47.962Z,buy,1.84e-06,5434.0,0.00999856
WPR/BTC,1556985048515,2019-05-04T15:50:48.515Z,buy,1.84e-06,979.0,0.00180136
WPR/BTC,1556985062078,2019-05-04T15:51:02.078Z,sell,1.83e-06,547.0,0.00100101
WPR/BTC,1556985217019,2019-05-04T15:53:37.019Z,sell,1.82e-06,10327.0,0.01879514
WPR/BTC,1556985220148,2019-05-04T15:53:40.148Z,buy,1.83e-06,2953.0,0.00540399
WPR/BTC,1556985220397,2019-05-04T15:53:40.397Z,buy,1.83e-06,926.0,0.00169458
WPR/BTC,1556985220606,2019-05-04T15:53:40.606Z,buy,1.83e-06,5091.0,0.00931653
WPR/BTC,1556985236115,2019-05-04T15:53:56.115Z,sell,1.82e-06,910.0,0.0016562
WPR/BTC,1556985316224,2019-05-04T15:55:16.224Z,sell,1.82e-06,11750.0,0.0213849999999999
WPR/BTC,1556985420706,2019-05-04T15:57:00.706Z,sell,1.82e-06,5153.0,0.00937846
WPR/BTC,1556985539590,2019-05-04T15:58:59.590Z,sell,1.82e-06,1926.0,0.0035053199999999
WPR/BTC,1556985539590,2019-05-04T15:58:59.590Z,sell,1.82e-06,1926.0,0.0035053199999999
WPR/BTC,1556985863193,2019-05-04T16:04:23.193Z,sell,1.81e-06,1175.0,0.00212675
WPR/BTC,1556985864797,2019-05-04T16:04:24.797Z,sell,1.82e-06,3766.0,0.00685412
WPR/BTC,1556986652992,2019-05-04T16:17:32.992Z,sell,1.82e-06,27973.0,0.0509108599999999
WPR/BTC,1556987019166,2019-05-04T16:23:39.166Z,buy,1.83e-06,117133.0,0.21435339
WPR/BTC,1556987019262,2019-05-04T16:23:39.262Z,buy,1.83e-06,959.0,0.00175497
WPR/BTC,1556987112108,2019-05-04T16:25:12.108Z,buy,1.83e-06,771.0,0.00141093
WPR/BTC,1556987270228,2019-05-04T16:27:50.228Z,sell,1.82e-06,1307.0,0.00237874
WPR/BTC,1556987423032,2019-05-04T16:30:23.032Z,sell,1.82e-06,1489.0,0.00270998
WPR/BTC,1556988016813,2019-05-04T16:40:16.813Z,buy,1.83e-06,4602.0,0.00842166
WPR/BTC,1556988031472,2019-05-04T16:40:31.472Z,buy,1.83e-06,1882.0,0.00344406
WPR/BTC,1556988036759,2019-05-04T16:40:36.759Z,buy,1.83e-06,1695.0,0.00310185
WPR/BTC,1556988043663,2019-05-04T16:40:43.663Z,buy,1.83e-06,1528.0,0.00279624
WPR/BTC,1556988049763,2019-05-04T16:40:49.763Z,buy,1.83e-06,1377.0,0.00251991
WPR/BTC,1556988160950,2019-05-04T16:42:40.950Z,buy,1.83e-06,1997.0,0.00365451
WPR/BTC,1556988170959,2019-05-04T16:42:50.959Z,buy,1.83e-06,2341.0,0.00428403
WPR/BTC,1556988182113,2019-05-04T16:43:02.113Z,buy,1.83e-06,2368.0,0.00433344
WPR/BTC,1556988282851,2019-05-04T16:44:42.851Z,buy,1.83e-06,40863.0,0.07477929
WPR/BTC,1556988343494,2019-05-04T16:45:43.494Z,buy,1.83e-06,2400.0,0.004392
WPR/BTC,1556988588302,2019-05-04T16:49:48.302Z,sell,1.82e-06,34337.0,0.0624933399999999
WPR/BTC,1556988591938,2019-05-04T16:49:51.938Z,buy,1.83e-06,652.0,0.00119316
WPR/BTC,1556988744652,2019-05-04T16:52:24.652Z,buy,1.83e-06,3293.0,0.00602619
WPR/BTC,1556988920099,2019-05-04T16:55:20.099Z,buy,1.83e-06,1285.0,0.00235155
WPR/BTC,1556989049080,2019-05-04T16:57:29.080Z,buy,1.84e-06,14569.0,0.0268069599999999
WPR/BTC,1556989049080,2019-05-04T16:57:29.080Z,buy,1.84e-06,14569.0,0.0268069599999999
WPR/BTC,1556989225821,2019-05-04T17:00:25.821Z,buy,1.84e-06,20706.0,0.03809904
WPR/BTC,1556989399118,2019-05-04T17:03:19.118Z,buy,1.84e-06,31136.0,0.05729024
WPR/BTC,1556989405296,2019-05-04T17:03:25.296Z,buy,1.84e-06,3766.0,0.00692944
WPR/BTC,1556989412812,2019-05-04T17:03:32.812Z,buy,1.84e-06,3746.0,0.00689264
WPR/BTC,1556989476992,2019-05-04T17:04:36.992Z,buy,1.84e-06,19564.0,0.03599776
WPR/BTC,1556989584215,2019-05-04T17:06:24.215Z,sell,1.83e-06,2998.0,0.00548634
WPR/BTC,1556989693410,2019-05-04T17:08:13.410Z,buy,1.84e-06,648.0,0.00119232
WPR/BTC,1556989876569,2019-05-04T17:11:16.569Z,sell,1.83e-06,4637.0,0.00848571
WPR/BTC,1556989917163,2019-05-04T17:11:57.163Z,sell,1.83e-06,24086.0,0.04407738
WPR/BTC,1556989943858,2019-05-04T17:12:23.858Z,buy,1.84e-06,2514.0,0.00462576
WPR/BTC,1556990002124,2019-05-04T17:13:22.124Z,sell,1.83e-06,31351.0,0.05737233
WPR/BTC,1556990002124,2019-05-04T17:13:22.124Z,sell,1.82e-06,334558.0,0.60889556
WPR/BTC,1556990002143,2019-05-04T17:13:22.143Z,buy,1.82e-06,30316.0,0.05517512
WPR/BTC,1556990002146,2019-05-04T17:13:22.146Z,buy,1.82e-06,3775.0,0.0068705
WPR/BTC,1556990079682,2019-05-04T17:14:39.682Z,buy,1.83e-06,3996.0,0.00731268
WPR/BTC,1556990113660,2019-05-04T17:15:13.660Z,sell,1.82e-06,627.0,0.00114114
WPR/BTC,1556990113686,2019-05-04T17:15:13.686Z,sell,1.82e-06,1127.0,0.00205114
WPR/BTC,1556990113985,2019-05-04T17:15:13.985Z,sell,1.82e-06,1252.0,0.0022786399999999
WPR/BTC,1556990164981,2019-05-04T17:16:04.981Z,sell,1.82e-06,10405.0,0.0189371
WPR/BTC,1556990174442,2019-05-04T17:16:14.442Z,buy,1.83e-06,550.0,0.0010065
WPR/BTC,1556990479708,2019-05-04T17:21:19.708Z,buy,1.83e-06,7125.0,0.01303875
WPR/BTC,1556990712545,2019-05-04T17:25:12.545Z,sell,1.82e-06,3872.0,0.00704704
WPR/BTC,1556990717096,2019-05-04T17:25:17.096Z,buy,1.83e-06,72586.0,0.13283238
WPR/BTC,1556990738430,2019-05-04T17:25:38.430Z,sell,1.83e-06,552.0,0.00101016
WPR/BTC,1556991257421,2019-05-04T17:34:17.421Z,sell,1.83e-06,72421.0,0.13253043
WPR/BTC,1556991366165,2019-05-04T17:36:06.165Z,buy,1.83e-06,717.0,0.00131211
WPR/BTC,1556991366195,2019-05-04T17:36:06.195Z,sell,1.83e-06,25815.0,0.04724145
WPR/BTC,1556991366492,2019-05-04T17:36:06.492Z,sell,1.83e-06,32285.0,0.05908155
WPR/BTC,1556991366622,2019-05-04T17:36:06.622Z,sell,1.83e-06,16734.0,0.03062322
WPR/BTC,1556991366886,2019-05-04T17:36:06.886Z,sell,1.83e-06,10000.0,0.0183
WPR/BTC,1556991367072,2019-05-04T17:36:07.072Z,buy,1.84e-06,3532.0,0.00649888
WPR/BTC,1556991367171,2019-05-04T17:36:07.171Z,buy,1.84e-06,2000.0,0.00368
WPR/BTC,1556991368189,2019-05-04T17:36:08.189Z,buy,1.84e-06,1786.0,0.0032862399999999
WPR/BTC,1556991368317,2019-05-04T17:36:08.317Z,sell,1.83e-06,1388.0,0.00254004
WPR/BTC,1556991397530,2019-05-04T17:36:37.530Z,sell,1.83e-06,2000.0,0.00366
WPR/BTC,1556991755462,2019-05-04T17:42:35.462Z,buy,1.84e-06,2718.0,0.0050011199999999
WPR/BTC,1556991783435,2019-05-04T17:43:03.435Z,buy,1.84e-06,10100.0,0.018584
WPR/BTC,1556991824312,2019-05-04T17:43:44.312Z,buy,1.84e-06,6748.0,0.01241632
WPR/BTC,1556991873237,2019-05-04T17:44:33.237Z,sell,1.83e-06,13005.0,0.02379915
WPR/BTC,1556992153200,2019-05-04T17:49:13.200Z,sell,1.83e-06,164835.0,0.30164805
WPR/BTC,1556992231149,2019-05-04T17:50:31.149Z,buy,1.84e-06,5464.0,0.01005376
WPR/BTC,1556992248504,2019-05-04T17:50:48.504Z,buy,1.84e-06,549.0,0.00101016
WPR/BTC,1556992300891,2019-05-04T17:51:40.891Z,buy,1.84e-06,1577.0,0.00290168
WPR/BTC,1556992335024,2019-05-04T17:52:15.024Z,buy,1.84e-06,116498.0,0.21435632
WPR/BTC,1556992552039,2019-05-04T17:55:52.039Z,buy,1.84e-06,8281.0,0.01523704
WPR/BTC,1556992552039,2019-05-04T17:55:52.039Z,buy,1.84e-06,8281.0,0.01523704
WPR/BTC,1556992732975,2019-05-04T17:58:52.975Z,buy,1.84e-06,1621.0,0.00298264
WPR/BTC,1556992838734,2019-05-04T18:00:38.734Z,buy,1.84e-06,1912.0,0.00351808
WPR/BTC,1556992851389,2019-05-04T18:00:51.389Z,buy,1.84e-06,125252.0,0.23046368
WPR/BTC,1556992923865,2019-05-04T18:02:03.865Z,buy,1.84e-06,75596.0,0.13909664
WPR/BTC,1556992923888,2019-05-04T18:02:03.888Z,sell,1.84e-06,2318.0,0.00426512
WPR/BTC,1556992923909,2019-05-04T18:02:03.909Z,sell,1.84e-06,2320.0,0.0042688
WPR/BTC,1556992960736,2019-05-04T18:02:40.736Z,sell,1.84e-06,658.0,0.00121072
WPR/BTC,1556992981250,2019-05-04T18:03:01.250Z,sell,1.84e-06,547.0,0.00100648
WPR/BTC,1556993032045,2019-05-04T18:03:52.045Z,buy,1.85e-06,2833.0,0.00524105
WPR/BTC,1556993034435,2019-05-04T18:03:54.435Z,sell,1.83e-06,11602.0,0.02123166
WPR/BTC,1556993034692,2019-05-04T18:03:54.692Z,sell,1.83e-06,12446.0,0.02277618
WPR/BTC,1556993034766,2019-05-04T18:03:54.766Z,sell,1.83e-06,4412.0,0.00807396
WPR/BTC,1556993037100,2019-05-04T18:03:57.100Z,sell,1.83e-06,1469.0,0.00268827
WPR/BTC,1556993047842,2019-05-04T18:04:07.842Z,buy,1.85e-06,925.0,0.00171125
WPR/BTC,1556993048271,2019-05-04T18:04:08.271Z,buy,1.85e-06,2724.0,0.0050394
WPR/BTC,1556993048381,2019-05-04T18:04:08.381Z,buy,1.85e-06,4302.0,0.0079587
WPR/BTC,1556993058212,2019-05-04T18:04:18.212Z,buy,1.85e-06,22023.0,0.04074255
WPR/BTC,1556993058695,2019-05-04T18:04:18.695Z,sell,1.85e-06,700.0,0.001295
WPR/BTC,1556993062645,2019-05-04T18:04:22.645Z,sell,1.85e-06,629.0,0.00116365
WPR/BTC,1556993062739,2019-05-04T18:04:22.739Z,buy,1.86e-06,955.0,0.0017763
WPR/BTC,1556993069094,2019-05-04T18:04:29.094Z,buy,1.86e-06,1026.0,0.00190836
WPR/BTC,1556993110263,2019-05-04T18:05:10.263Z,buy,1.86e-06,70258.0,0.13067988
WPR/BTC,1556993123801,2019-05-04T18:05:23.801Z,buy,1.86e-06,210774.0,0.39203964
WPR/BTC,1556993147017,2019-05-04T18:05:47.017Z,buy,1.86e-06,11113.0,0.02067018
WPR/BTC,1556993188237,2019-05-04T18:06:28.237Z,buy,1.86e-06,21739.0,0.04043454
WPR/BTC,1556993267037,2019-05-04T18:07:47.037Z,buy,1.86e-06,32748.0,0.06091128
WPR/BTC,1556993497419,2019-05-04T18:11:37.419Z,sell,1.85e-06,3482.0,0.0064417
WPR/BTC,1556993497717,2019-05-04T18:11:37.717Z,sell,1.85e-06,1998.0,0.0036963
WPR/BTC,1556993498937,2019-05-04T18:11:38.937Z,sell,1.85e-06,1657.0,0.00306545
WPR/BTC,1556993504486,2019-05-04T18:11:44.486Z,sell,1.85e-06,1793.0,0.00331705
WPR/BTC,1556993524251,2019-05-04T18:12:04.251Z,sell,1.84e-06,5006.0,0.00921104
WPR/BTC,1556994098929,2019-05-04T18:21:38.929Z,buy,1.85e-06,9565.0,0.01769525
WPR/BTC,1556994125064,2019-05-04T18:22:05.064Z,buy,1.86e-06,968.0,0.00180048
WPR/BTC,1556994330608,2019-05-04T18:25:30.608Z,buy,1.86e-06,2000.0,0.0037199999999999
WPR/BTC,1556994592927,2019-05-04T18:29:52.927Z,sell,1.85e-06,2482.0,0.0045917
WPR/BTC,1556994954986,2019-05-04T18:35:54.986Z,sell,1.85e-06,41736.0,0.0772116
WPR/BTC,1556995401219,2019-05-04T18:43:21.219Z,sell,1.85e-06,731.0,0.00135235
WPR/BTC,1556995493289,2019-05-04T18:44:53.289Z,buy,1.86e-06,24319.0,0.04523334
WPR/BTC,1556995494590,2019-05-04T18:44:54.590Z,buy,1.86e-06,5371.0,0.00999006
WPR/BTC,1556995501715,2019-05-04T18:45:01.715Z,sell,1.86e-06,544.0,0.00101184
WPR/BTC,1556995518311,2019-05-04T18:45:18.311Z,sell,1.86e-06,761.0,0.00141546
WPR/BTC,1556995570430,2019-05-04T18:46:10.430Z,sell,1.85e-06,1575.0,0.00291375
WPR/BTC,1556995570438,2019-05-04T18:46:10.438Z,sell,1.85e-06,549.0,0.00101565
WPR/BTC,1556995694524,2019-05-04T18:48:14.524Z,sell,1.85e-06,6745.0,0.01247825
WPR/BTC,1556995795913,2019-05-04T18:49:55.913Z,sell,1.85e-06,4540.0,0.008399
WPR/BTC,1556995909767,2019-05-04T18:51:49.767Z,sell,1.85e-06,28416.0,0.0525696
WPR/BTC,1556995915902,2019-05-04T18:51:55.902Z,sell,1.85e-06,28433.0,0.05260105
WPR/BTC,1556995919494,2019-05-04T18:51:59.494Z,sell,1.85e-06,29894.0,0.0553039
WPR/BTC,1556995919856,2019-05-04T18:51:59.856Z,sell,1.85e-06,29894.0,0.0553039
WPR/BTC,1556995922846,2019-05-04T18:52:02.846Z,sell,1.85e-06,14539.0,0.02689715
WPR/BTC,1556995922846,2019-05-04T18:52:02.846Z,sell,1.84e-06,14101.0,0.0259458399999999
WPR/BTC,1556995924700,2019-05-04T18:52:04.700Z,sell,1.84e-06,20937.0,0.03852408
WPR/BTC,1556995930059,2019-05-04T18:52:10.059Z,sell,1.83e-06,14285.0,0.02614155
WPR/BTC,1556995931314,2019-05-04T18:52:11.314Z,sell,1.83e-06,14285.0,0.02614155
WPR/BTC,1556995934802,2019-05-04T18:52:14.802Z,sell,1.83e-06,28582.0,0.05230506
WPR/BTC,1556995944330,2019-05-04T18:52:24.330Z,sell,1.83e-06,3293.0,0.00602619
WPR/BTC,1556995981719,2019-05-04T18:53:01.719Z,buy,1.84e-06,11122.0,0.02046448
WPR/BTC,1556995981719,2019-05-04T18:53:01.719Z,buy,1.85e-06,6254.0,0.0115699
WPR/BTC,1556995981719,2019-05-04T18:53:01.719Z,buy,1.86e-06,65569.0,0.12195834
WPR/BTC,1556996026482,2019-05-04T18:53:46.482Z,buy,1.86e-06,544.0,0.00101184
WPR/BTC,1556996040237,2019-05-04T18:54:00.237Z,sell,1.84e-06,1286.0,0.00236624
WPR/BTC,1556996040237,2019-05-04T18:54:00.237Z,sell,1.84e-06,1286.0,0.00236624
WPR/BTC,1556996640461,2019-05-04T19:04:00.461Z,buy,1.85e-06,1286.0,0.0023791
WPR/BTC,1556996641271,2019-05-04T19:04:01.271Z,buy,1.86e-06,8191.0,0.01523526
WPR/BTC,1556996684040,2019-05-04T19:04:44.040Z,buy,1.86e-06,15589.0,0.02899554
WPR/BTC,1556996909753,2019-05-04T19:08:29.753Z,buy,1.86e-06,84.0,0.00015624
WPR/BTC,1556997190668,2019-05-04T19:13:10.668Z,sell,1.84e-06,3992.0,0.00734528
WPR/BTC,1556997679010,2019-05-04T19:21:19.010Z,sell,1.84e-06,3360.0,0.0061824
WPR/BTC,1556998223616,2019-05-04T19:30:23.616Z,buy,1.85e-06,1848.0,0.0034188
WPR/BTC,1556998228922,2019-05-04T19:30:28.922Z,buy,1.85e-06,1405.0,0.00259925
WPR/BTC,1556998229197,2019-05-04T19:30:29.197Z,buy,1.85e-06,4975.0,0.00920375
WPR/BTC,1556998235678,2019-05-04T19:30:35.678Z,buy,1.85e-06,1687.0,0.00312095
WPR/BTC,1556998242009,2019-05-04T19:30:42.009Z,buy,1.85e-06,23.0,4.255e-05
WPR/BTC,1556998242009,2019-05-04T19:30:42.009Z,buy,1.86e-06,1580.0,0.0029388
WPR/BTC,1556998268172,2019-05-04T19:31:08.172Z,buy,1.86e-06,1515.0,0.0028179
WPR/BTC,1556998274199,2019-05-04T19:31:14.199Z,buy,1.86e-06,1440.0,0.0026784
WPR/BTC,1556998280713,2019-05-04T19:31:20.713Z,buy,1.86e-06,1369.0,0.00254634
WPR/BTC,1556998289205,2019-05-04T19:31:29.205Z,buy,1.86e-06,1302.0,0.00242172
WPR/BTC,1556998295777,2019-05-04T19:31:35.777Z,buy,1.86e-06,1237.0,0.00230082
WPR/BTC,1556998320135,2019-05-04T19:32:00.135Z,buy,1.86e-06,1176.0,0.00218736
WPR/BTC,1556998331913,2019-05-04T19:32:11.913Z,buy,1.86e-06,1118.0,0.00207948
WPR/BTC,1556998429341,2019-05-04T19:33:49.341Z,buy,1.86e-06,768.0,0.00142848
WPR/BTC,1556998459683,2019-05-04T19:34:19.683Z,buy,1.86e-06,922.0,0.00171492
WPR/BTC,1556998465324,2019-05-04T19:34:25.324Z,buy,1.86e-06,1754.0,0.00326244
WPR/BTC,1556998471573,2019-05-04T19:34:31.573Z,buy,1.86e-06,1580.0,0.0029388
WPR/BTC,1556998476511,2019-05-04T19:34:36.511Z,sell,1.85e-06,4597.0,0.00850445
WPR/BTC,1556998477273,2019-05-04T19:34:37.273Z,buy,1.86e-06,1424.0,0.00264864
WPR/BTC,1556998508805,2019-05-04T19:35:08.805Z,buy,1.86e-06,2567.0,0.00477462
WPR/BTC,1556998516444,2019-05-04T19:35:16.444Z,buy,1.86e-06,3088.0,0.00574368
WPR/BTC,1556998526261,2019-05-04T19:35:26.261Z,buy,1.86e-06,2896.0,0.00538656
WPR/BTC,1556998608239,2019-05-04T19:36:48.239Z,sell,1.85e-06,808.0,0.0014948
WPR/BTC,1556999167930,2019-05-04T19:46:07.930Z,sell,1.84e-06,1263.0,0.00232392
WPR/BTC,1556999358526,2019-05-04T19:49:18.526Z,buy,1.85e-06,5825.0,0.01077625
WPR/BTC,1556999615192,2019-05-04T19:53:35.192Z,buy,1.85e-06,5693.0,0.01053205
WPR/BTC,1556999615192,2019-05-04T19:53:35.192Z,buy,1.85e-06,5693.0,0.01053205
WPR/BTC,1557000070069,2019-05-04T20:01:10.069Z,buy,1.86e-06,47012.0,0.08744232
WPR/BTC,1557000070351,2019-05-04T20:01:10.351Z,sell,1.86e-06,5085.0,0.0094581
WPR/BTC,1557000085139,2019-05-04T20:01:25.139Z,sell,1.86e-06,1743.0,0.0032419799999999
WPR/BTC,1557000085542,2019-05-04T20:01:25.542Z,buy,1.87e-06,123436.0,0.23082532
WPR/BTC,1557000087571,2019-05-04T20:01:27.571Z,sell,1.86e-06,27072.0,0.0503539199999999
WPR/BTC,1557000089450,2019-05-04T20:01:29.450Z,buy,1.87e-06,56194.0,0.10508278
WPR/BTC,1557000089472,2019-05-04T20:01:29.472Z,sell,1.87e-06,820.0,0.0015334
WPR/BTC,1557000093044,2019-05-04T20:01:33.044Z,sell,1.87e-06,798.0,0.00149226
WPR/BTC,1557000093587,2019-05-04T20:01:33.587Z,sell,1.87e-06,630.0,0.0011781
WPR/BTC,1557000102026,2019-05-04T20:01:42.026Z,buy,1.88e-06,2338.0,0.00439544
WPR/BTC,1557000113304,2019-05-04T20:01:53.304Z,sell,1.87e-06,538.0,0.00100606
WPR/BTC,1557000115441,2019-05-04T20:01:55.441Z,sell,1.87e-06,1134.0,0.00212058
WPR/BTC,1557000155667,2019-05-04T20:02:35.667Z,sell,1.87e-06,685.0,0.00128095
WPR/BTC,1557000156826,2019-05-04T20:02:36.826Z,sell,1.87e-06,685.0,0.00128095
WPR/BTC,1557000157798,2019-05-04T20:02:37.798Z,sell,1.87e-06,1144.0,0.00213928
WPR/BTC,1557000158603,2019-05-04T20:02:38.603Z,sell,1.87e-06,1508.0,0.00281996
WPR/BTC,1557000161297,2019-05-04T20:02:41.297Z,sell,1.87e-06,1031.0,0.00192797
WPR/BTC,1557000162806,2019-05-04T20:02:42.806Z,sell,1.87e-06,747.0,0.00139689
WPR/BTC,1557000165345,2019-05-04T20:02:45.345Z,sell,1.87e-06,1701.0,0.00318087
WPR/BTC,1557000168533,2019-05-04T20:02:48.533Z,sell,1.87e-06,7627.0,0.01426249
WPR/BTC,1557000174535,2019-05-04T20:02:54.535Z,sell,1.87e-06,656.0,0.00122672
WPR/BTC,1557000175397,2019-05-04T20:02:55.397Z,sell,1.87e-06,3104.0,0.00580448
WPR/BTC,1557000175404,2019-05-04T20:02:55.404Z,sell,1.87e-06,1221.0,0.00228327
WPR/BTC,1557000176697,2019-05-04T20:02:56.697Z,sell,1.87e-06,573.0,0.00107151
WPR/BTC,1557000180838,2019-05-04T20:03:00.838Z,sell,1.87e-06,4499.0,0.00841313
WPR/BTC,1557000184066,2019-05-04T20:03:04.066Z,sell,1.86e-06,2718.0,0.00505548
WPR/BTC,1557000189243,2019-05-04T20:03:09.243Z,buy,1.87e-06,101113.0,0.18908131
WPR/BTC,1557000189354,2019-05-04T20:03:09.354Z,sell,1.87e-06,15617.0,0.02920379
WPR/BTC,1557000293571,2019-05-04T20:04:53.571Z,sell,1.86e-06,1387.0,0.00257982
WPR/BTC,1557000444913,2019-05-04T20:07:24.913Z,buy,1.87e-06,89237.0,0.16687319
WPR/BTC,1557000444938,2019-05-04T20:07:24.938Z,sell,1.87e-06,4367.0,0.00816629
WPR/BTC,1557000553022,2019-05-04T20:09:13.022Z,buy,1.87e-06,1551.0,0.00290037
WPR/BTC,1557000648817,2019-05-04T20:10:48.817Z,buy,1.87e-06,970.0,0.0018139
WPR/BTC,1557000888044,2019-05-04T20:14:48.044Z,sell,1.86e-06,18619.0,0.03463134
WPR/BTC,1557000888264,2019-05-04T20:14:48.264Z,sell,1.86e-06,718.0,0.00133548
WPR/BTC,1557000933759,2019-05-04T20:15:33.759Z,sell,1.86e-06,14518.0,0.02700348
WPR/BTC,1557000991054,2019-05-04T20:16:31.054Z,buy,1.86e-06,931.0,0.0017316599999999
WPR/BTC,1557001068671,2019-05-04T20:17:48.671Z,buy,1.86e-06,42774.0,0.07955964
WPR/BTC,1557001068671,2019-05-04T20:17:48.671Z,buy,1.87e-06,86029.0,0.16087423
WPR/BTC,1557001098327,2019-05-04T20:18:18.327Z,buy,1.87e-06,963.0,0.00180081
WPR/BTC,1557001247344,2019-05-04T20:20:47.344Z,buy,1.87e-06,4006.0,0.00749122
WPR/BTC,1557001698772,2019-05-04T20:28:18.772Z,sell,1.86e-06,791.0,0.00147126
WPR/BTC,1557001934537,2019-05-04T20:32:14.537Z,sell,1.86e-06,1414.0,0.00263004
WPR/BTC,1557002189307,2019-05-04T20:36:29.307Z,sell,1.86e-06,1813.0,0.00337218
WPR/BTC,1557002325302,2019-05-04T20:38:45.302Z,sell,1.86e-06,793.0,0.00147498
WPR/BTC,1557002456942,2019-05-04T20:40:56.942Z,sell,1.86e-06,970.0,0.0018042
WPR/BTC,1557002668369,2019-05-04T20:44:28.369Z,sell,1.86e-06,3746.0,0.00696756
WPR/BTC,1557003033909,2019-05-04T20:50:33.909Z,sell,1.86e-06,102135.0,0.1899711
WPR/BTC,1557003076435,2019-05-04T20:51:16.435Z,sell,1.84e-06,122738.0,0.22583792
WPR/BTC,1557003076435,2019-05-04T20:51:16.435Z,sell,1.84e-06,122738.0,0.22583792
WPR/BTC,1557003267248,2019-05-04T20:54:27.248Z,sell,1.84e-06,2278.0,0.00419152
WPR/BTC,1557003385585,2019-05-04T20:56:25.585Z,sell,1.84e-06,6574.0,0.01209616
WPR/BTC,1557003502108,2019-05-04T20:58:22.108Z,sell,1.84e-06,6619.0,0.0121789599999999
WPR/BTC,1557004090865,2019-05-04T21:08:10.865Z,sell,1.84e-06,15325.0,0.028198
WPR/BTC,1557004169577,2019-05-04T21:09:29.577Z,sell,1.83e-06,17541.0,0.03210003
WPR/BTC,1557004169577,2019-05-04T21:09:29.577Z,sell,1.82e-06,75539.0,0.13748098
WPR/BTC,1557004176260,2019-05-04T21:09:36.260Z,sell,1.82e-06,555.0,0.0010100999999999
WPR/BTC,1557004306412,2019-05-04T21:11:46.412Z,sell,1.82e-06,714.0,0.00129948
WPR/BTC,1557004329156,2019-05-04T21:12:09.156Z,buy,1.83e-06,4681.0,0.00856623
WPR/BTC,1557004383194,2019-05-04T21:13:03.194Z,sell,1.82e-06,32361.0,0.05889702
WPR/BTC,1557004383222,2019-05-04T21:13:03.222Z,sell,1.82e-06,7166.0,0.0130421199999999
WPR/BTC,1557004421219,2019-05-04T21:13:41.219Z,sell,1.82e-06,923.0,0.00167986
WPR/BTC,1557004505772,2019-05-04T21:15:05.772Z,buy,1.82e-06,929.0,0.00169078
WPR/BTC,1557004727019,2019-05-04T21:18:47.019Z,sell,1.81e-06,4681.0,0.00847261
WPR/BTC,1557004764192,2019-05-04T21:19:24.192Z,sell,1.81e-06,12588.0,0.02278428
WPR/BTC,1557004889438,2019-05-04T21:21:29.438Z,sell,1.81e-06,7125.0,0.01289625
WPR/BTC,1557004892471,2019-05-04T21:21:32.471Z,sell,1.81e-06,91616.0,0.16582496
WPR/BTC,1557004892760,2019-05-04T21:21:32.760Z,buy,1.81e-06,16728.0,0.03027768
WPR/BTC,1557004906410,2019-05-04T21:21:46.410Z,sell,1.8e-06,798.0,0.0014364
WPR/BTC,1557004916699,2019-05-04T21:21:56.699Z,sell,1.8e-06,56563.0,0.1018134
WPR/BTC,1557004931611,2019-05-04T21:22:11.611Z,sell,1.8e-06,5673.0,0.0102113999999999
WPR/BTC,1557004943815,2019-05-04T21:22:23.815Z,buy,1.8e-06,719.0,0.0012942
WPR/BTC,1557004964106,2019-05-04T21:22:44.106Z,buy,1.8e-06,41805.0,0.075249
WPR/BTC,1557004996280,2019-05-04T21:23:16.280Z,sell,1.79e-06,153212.0,0.27424948
