symbol,timestamp,datetime,side,price,amount,btc_volume
YOYOW/BTC,1588436669412,2020-05-02T16:24:29.412Z,sell,9.6e-07,21190.0,0.0203423999999999
YOYOW/BTC,1588437140254,2020-05-02T16:32:20.254Z,sell,9.6e-07,1998.0,0.0019180799999999
YOYOW/BTC,1588437143928,2020-05-02T16:32:23.928Z,sell,9.6e-07,45091.0,0.04328736
YOYOW/BTC,1588437573997,2020-05-02T16:39:33.997Z,sell,9.6e-07,114334.0,0.1097606399999999
YOYOW/BTC,1588437595556,2020-05-02T16:39:55.556Z,sell,9.5e-07,1129.0,0.00107255
YOYOW/BTC,1588437595556,2020-05-02T16:39:55.556Z,sell,9.5e-07,408.0,0.0003876
YOYOW/BTC,1588437761488,2020-05-02T16:42:41.488Z,buy,9.6e-07,25838.0,0.0248044799999999
YOYOW/BTC,1588437918604,2020-05-02T16:45:18.604Z,buy,9.6e-07,1042.0,0.0010003199999999
YOYOW/BTC,1588437979299,2020-05-02T16:46:19.299Z,buy,9.6e-07,1042.0,0.0010003199999999
YOYOW/BTC,1588438260279,2020-05-02T16:51:00.279Z,sell,9.5e-07,360.0,0.000342
YOYOW/BTC,1588438536921,2020-05-02T16:55:36.921Z,buy,9.6e-07,521.0,0.0005001599999999
YOYOW/BTC,1588438536921,2020-05-02T16:55:36.921Z,buy,9.6e-07,521.0,0.0005001599999999
YOYOW/BTC,1588438864362,2020-05-02T17:01:04.362Z,buy,9.6e-07,48803.0,0.04685088
YOYOW/BTC,1588439093399,2020-05-02T17:04:53.399Z,sell,9.6e-07,3280.0,0.0031487999999999
YOYOW/BTC,1588439145853,2020-05-02T17:05:45.853Z,buy,9.6e-07,28900.0,0.0277439999999999
YOYOW/BTC,1588440211512,2020-05-02T17:23:31.512Z,buy,9.7e-07,29343.0,0.02846271
YOYOW/BTC,1588440631249,2020-05-02T17:30:31.249Z,buy,9.7e-07,20025.0,0.01942425
YOYOW/BTC,1588440756003,2020-05-02T17:32:36.003Z,sell,9.6e-07,25838.0,0.0248044799999999
YOYOW/BTC,1588440758901,2020-05-02T17:32:38.901Z,sell,9.6e-07,3579.0,0.00343584
YOYOW/BTC,1588441180523,2020-05-02T17:39:40.523Z,buy,9.7e-07,109.0,0.00010573
YOYOW/BTC,1588441211894,2020-05-02T17:40:11.894Z,buy,9.7e-07,76036.0,0.07375492
YOYOW/BTC,1588441939017,2020-05-02T17:52:19.017Z,buy,9.7e-07,34481.0,0.03344657
YOYOW/BTC,1588441939017,2020-05-02T17:52:19.017Z,buy,9.7e-07,34481.0,0.03344657
YOYOW/BTC,1588442482984,2020-05-02T18:01:22.984Z,sell,9.6e-07,25300.0,0.0242879999999999
YOYOW/BTC,1588442607012,2020-05-02T18:03:27.012Z,sell,9.6e-07,3000.0,0.0028799999999999
YOYOW/BTC,1588442645735,2020-05-02T18:04:05.735Z,buy,9.7e-07,50215.0,0.04870855
YOYOW/BTC,1588442759710,2020-05-02T18:05:59.710Z,sell,9.7e-07,52877.0,0.05129069
YOYOW/BTC,1588444101194,2020-05-02T18:28:21.194Z,buy,9.7e-07,10072.0,0.00976984
YOYOW/BTC,1588444120937,2020-05-02T18:28:40.937Z,buy,9.7e-07,116099.0,0.11261603
YOYOW/BTC,1588445121611,2020-05-02T18:45:21.611Z,buy,9.7e-07,1414.0,0.00137158
YOYOW/BTC,1588445459253,2020-05-02T18:50:59.253Z,buy,9.7e-07,459.0,0.00044523
YOYOW/BTC,1588445489059,2020-05-02T18:51:29.059Z,buy,9.8e-07,509242.0,0.4990571599999999
YOYOW/BTC,1588445494109,2020-05-02T18:51:34.109Z,buy,9.7e-07,1170.0,0.0011349
YOYOW/BTC,1588445494109,2020-05-02T18:51:34.109Z,buy,9.7e-07,1170.0,0.0011349
YOYOW/BTC,1588445651435,2020-05-02T18:54:11.435Z,sell,9.7e-07,201808.0,0.19575376
YOYOW/BTC,1588445760507,2020-05-02T18:56:00.507Z,sell,9.7e-07,776.0,0.00075272
YOYOW/BTC,1588445816840,2020-05-02T18:56:56.840Z,sell,9.7e-07,86530.0,0.0839341
YOYOW/BTC,1588445892798,2020-05-02T18:58:12.798Z,buy,9.8e-07,103.0,0.0001009399999999
YOYOW/BTC,1588445899125,2020-05-02T18:58:19.125Z,buy,9.8e-07,103.0,0.0001009399999999
YOYOW/BTC,1588445907373,2020-05-02T18:58:27.373Z,buy,9.8e-07,103.0,0.0001009399999999
YOYOW/BTC,1588445913387,2020-05-02T18:58:33.387Z,buy,9.8e-07,103.0,0.0001009399999999
YOYOW/BTC,1588445919094,2020-05-02T18:58:39.094Z,buy,9.8e-07,103.0,0.0001009399999999
YOYOW/BTC,1588446067402,2020-05-02T19:01:07.402Z,buy,9.8e-07,853.0,0.00083594
YOYOW/BTC,1588446273794,2020-05-02T19:04:33.794Z,buy,9.8e-07,25000.0,0.0244999999999999
YOYOW/BTC,1588446425625,2020-05-02T19:07:05.625Z,buy,9.8e-07,23693.0,0.02321914
YOYOW/BTC,1588446519250,2020-05-02T19:08:39.250Z,sell,9.7e-07,599.0,0.00058103
YOYOW/BTC,1588446697375,2020-05-02T19:11:37.375Z,buy,9.8e-07,77742.0,0.0761871599999999
YOYOW/BTC,1588446739707,2020-05-02T19:12:19.707Z,buy,9.8e-07,32825.0,0.0321684999999999
YOYOW/BTC,1588446751430,2020-05-02T19:12:31.430Z,buy,9.8e-07,744.0,0.00072912
YOYOW/BTC,1588447025426,2020-05-02T19:17:05.426Z,buy,9.8e-07,11668.0,0.01143464
YOYOW/BTC,1588447157320,2020-05-02T19:19:17.320Z,buy,9.8e-07,62508.0,0.0612578399999999
YOYOW/BTC,1588447167205,2020-05-02T19:19:27.205Z,sell,9.8e-07,1593.0,0.00156114
YOYOW/BTC,1588447196822,2020-05-02T19:19:56.822Z,sell,9.8e-07,231170.0,0.2265466
YOYOW/BTC,1588447392684,2020-05-02T19:23:12.684Z,buy,9.8e-07,919.0,0.00090062
YOYOW/BTC,1588447621862,2020-05-02T19:27:01.862Z,buy,9.8e-07,204.0,0.00019992
YOYOW/BTC,1588447755306,2020-05-02T19:29:15.306Z,sell,9.7e-07,26463.0,0.02566911
YOYOW/BTC,1588447759312,2020-05-02T19:29:19.312Z,buy,9.8e-07,1806.0,0.00176988
YOYOW/BTC,1588447876371,2020-05-02T19:31:16.371Z,buy,9.8e-07,25362.0,0.02485476
YOYOW/BTC,1588447934711,2020-05-02T19:32:14.711Z,sell,9.8e-07,271.0,0.0002655799999999
YOYOW/BTC,1588448098140,2020-05-02T19:34:58.140Z,sell,9.8e-07,229938.0,0.22533924
YOYOW/BTC,1588448193886,2020-05-02T19:36:33.886Z,buy,9.9e-07,2551.0,0.00252549
YOYOW/BTC,1588448217315,2020-05-02T19:36:57.315Z,buy,9.9e-07,107.0,0.00010593
YOYOW/BTC,1588448234908,2020-05-02T19:37:14.908Z,buy,9.9e-07,47270.0,0.0467973
YOYOW/BTC,1588448702058,2020-05-02T19:45:02.058Z,buy,9.9e-07,3311.0,0.00327789
YOYOW/BTC,1588448770177,2020-05-02T19:46:10.177Z,sell,9.8e-07,73457.0,0.07198786
YOYOW/BTC,1588448921450,2020-05-02T19:48:41.450Z,sell,9.8e-07,850.0,0.000833
YOYOW/BTC,1588448921450,2020-05-02T19:48:41.450Z,sell,9.8e-07,850.0,0.000833
YOYOW/BTC,1588449415094,2020-05-02T19:56:55.094Z,sell,9.8e-07,193.0,0.00018914
YOYOW/BTC,1588450511347,2020-05-02T20:15:11.347Z,buy,9.9e-07,233810.0,0.2314719
YOYOW/BTC,1588450568786,2020-05-02T20:16:08.786Z,sell,9.9e-07,103.0,0.00010197
YOYOW/BTC,1588450794292,2020-05-02T20:19:54.292Z,sell,9.9e-07,47659.0,0.04718241
YOYOW/BTC,1588450986308,2020-05-02T20:23:06.308Z,buy,9.9e-07,21505.0,0.02128995
YOYOW/BTC,1588450993606,2020-05-02T20:23:13.606Z,sell,9.9e-07,9183.0,0.00909117
YOYOW/BTC,1588451447002,2020-05-02T20:30:47.002Z,buy,9.9e-07,676.0,0.00066924
YOYOW/BTC,1588452187706,2020-05-02T20:43:07.706Z,sell,9.8e-07,29856.0,0.0292588799999999
YOYOW/BTC,1588452187706,2020-05-02T20:43:07.706Z,sell,9.8e-07,29856.0,0.0292588799999999
YOYOW/BTC,1588452880478,2020-05-02T20:54:40.478Z,sell,9.8e-07,6794.0,0.0066581199999999
YOYOW/BTC,1588452897274,2020-05-02T20:54:57.274Z,sell,9.8e-07,320600.0,0.3141879999999999
YOYOW/BTC,1588453009041,2020-05-02T20:56:49.041Z,sell,9.7e-07,233576.0,0.22656872
YOYOW/BTC,1588453009041,2020-05-02T20:56:49.041Z,sell,9.7e-07,500.0,0.000485
YOYOW/BTC,1588453009041,2020-05-02T20:56:49.041Z,sell,9.7e-07,1000.0,0.00097
YOYOW/BTC,1588453009041,2020-05-02T20:56:49.041Z,sell,9.7e-07,500.0,0.000485
YOYOW/BTC,1588453025044,2020-05-02T20:57:05.044Z,sell,9.7e-07,1188.0,0.00115236
YOYOW/BTC,1588453026301,2020-05-02T20:57:06.301Z,sell,9.7e-07,2119.0,0.00205543
YOYOW/BTC,1588453348886,2020-05-02T21:02:28.886Z,buy,9.8e-07,108.0,0.0001058399999999
YOYOW/BTC,1588453358505,2020-05-02T21:02:38.505Z,buy,9.8e-07,155.0,0.0001518999999999
YOYOW/BTC,1588453642706,2020-05-02T21:07:22.706Z,sell,9.7e-07,6990.0,0.0067803
YOYOW/BTC,1588453655526,2020-05-02T21:07:35.526Z,buy,9.8e-07,108.0,0.0001058399999999
YOYOW/BTC,1588453795908,2020-05-02T21:09:55.908Z,sell,9.7e-07,1917.0,0.00185949
YOYOW/BTC,1588454139418,2020-05-02T21:15:39.418Z,sell,9.7e-07,7496.0,0.00727112
YOYOW/BTC,1588455017554,2020-05-02T21:30:17.554Z,sell,9.7e-07,1452.0,0.00140844
YOYOW/BTC,1588455329032,2020-05-02T21:35:29.032Z,sell,9.7e-07,5918.0,0.00574046
YOYOW/BTC,1588455329032,2020-05-02T21:35:29.032Z,sell,9.7e-07,5918.0,0.00574046
YOYOW/BTC,1588456091587,2020-05-02T21:48:11.587Z,sell,9.7e-07,943.0,0.00091471
YOYOW/BTC,1588456577340,2020-05-02T21:56:17.340Z,buy,9.8e-07,12049.0,0.0118080199999999
YOYOW/BTC,1588457313603,2020-05-02T22:08:33.603Z,buy,9.8e-07,12800.0,0.012544
YOYOW/BTC,1588457952247,2020-05-02T22:19:12.247Z,sell,9.7e-07,31536.0,0.03058992
YOYOW/BTC,1588457985868,2020-05-02T22:19:45.868Z,buy,9.8e-07,396.0,0.0003880799999999
YOYOW/BTC,1588458515339,2020-05-02T22:28:35.339Z,buy,9.8e-07,1100.0,0.001078
YOYOW/BTC,1588458660216,2020-05-02T22:31:00.216Z,sell,9.7e-07,2184.0,0.00211848
YOYOW/BTC,1588458675305,2020-05-02T22:31:15.305Z,buy,9.8e-07,87615.0,0.0858627
YOYOW/BTC,1588458903490,2020-05-02T22:35:03.490Z,buy,9.8e-07,5788.0,0.0056722399999999
YOYOW/BTC,1588458903490,2020-05-02T22:35:03.490Z,buy,9.8e-07,5788.0,0.0056722399999999
YOYOW/BTC,1588459916215,2020-05-02T22:51:56.215Z,buy,9.8e-07,5010.0,0.0049098
YOYOW/BTC,1588460546525,2020-05-02T23:02:26.525Z,sell,9.7e-07,261692.0,0.25384124
YOYOW/BTC,1588460547342,2020-05-02T23:02:27.342Z,buy,9.7e-07,6458.0,0.00626426
YOYOW/BTC,1588460547885,2020-05-02T23:02:27.885Z,sell,9.7e-07,1101.0,0.00106797
YOYOW/BTC,1588460945447,2020-05-02T23:09:05.447Z,buy,9.7e-07,4614.0,0.00447558
YOYOW/BTC,1588461124655,2020-05-02T23:12:04.655Z,sell,9.7e-07,23849.0,0.02313353
YOYOW/BTC,1588461234437,2020-05-02T23:13:54.437Z,buy,9.8e-07,109.0,0.00010682
YOYOW/BTC,1588461787890,2020-05-02T23:23:07.890Z,sell,9.6e-07,73981.0,0.0710217599999999
YOYOW/BTC,1588461787890,2020-05-02T23:23:07.890Z,sell,9.6e-07,1806.0,0.0017337599999999
YOYOW/BTC,1588461787890,2020-05-02T23:23:07.890Z,sell,9.6e-07,89462.0,0.0858835199999999
YOYOW/BTC,1588461787890,2020-05-02T23:23:07.890Z,sell,9.5e-07,9680.0,0.009196
YOYOW/BTC,1588461787890,2020-05-02T23:23:07.890Z,sell,9.5e-07,1262.0,0.0011989
YOYOW/BTC,1588461807063,2020-05-02T23:23:27.063Z,sell,9.5e-07,15662.0,0.0148789
YOYOW/BTC,1588461807779,2020-05-02T23:23:27.779Z,buy,9.6e-07,36368.0,0.03491328
YOYOW/BTC,1588461808005,2020-05-02T23:23:28.005Z,buy,9.6e-07,5178.0,0.00497088
YOYOW/BTC,1588461811952,2020-05-02T23:23:31.952Z,buy,9.6e-07,73631.0,0.07068576
YOYOW/BTC,1588461812503,2020-05-02T23:23:32.503Z,sell,9.5e-07,150.0,0.0001425
YOYOW/BTC,1588461812574,2020-05-02T23:23:32.574Z,sell,9.5e-07,440.0,0.000418
YOYOW/BTC,1588461812695,2020-05-02T23:23:32.695Z,sell,9.5e-07,209.0,0.00019855
YOYOW/BTC,1588461812707,2020-05-02T23:23:32.707Z,sell,9.5e-07,110.0,0.0001045
YOYOW/BTC,1588461840763,2020-05-02T23:24:00.763Z,buy,9.6e-07,20884.0,0.02004864
YOYOW/BTC,1588461840781,2020-05-02T23:24:00.781Z,buy,9.6e-07,1480.0,0.0014207999999999
YOYOW/BTC,1588461840808,2020-05-02T23:24:00.808Z,buy,9.6e-07,30002.0,0.0288019199999999
YOYOW/BTC,1588461869219,2020-05-02T23:24:29.219Z,buy,9.6e-07,133.0,0.00012768
YOYOW/BTC,1588461929985,2020-05-02T23:25:29.985Z,buy,9.6e-07,1788.0,0.0017164799999999
YOYOW/BTC,1588461939659,2020-05-02T23:25:39.659Z,buy,9.6e-07,1522.0,0.0014611199999999
YOYOW/BTC,1588461940457,2020-05-02T23:25:40.457Z,buy,9.6e-07,1261.0,0.0012105599999999
YOYOW/BTC,1588461941074,2020-05-02T23:25:41.074Z,buy,9.6e-07,2806.0,0.00269376
YOYOW/BTC,1588461941109,2020-05-02T23:25:41.109Z,buy,9.6e-07,2681.0,0.0025737599999999
YOYOW/BTC,1588462151018,2020-05-02T23:29:11.018Z,buy,9.6e-07,111.0,0.00010656
YOYOW/BTC,1588462191545,2020-05-02T23:29:51.545Z,buy,9.6e-07,141.0,0.0001353599999999
YOYOW/BTC,1588462208641,2020-05-02T23:30:08.641Z,buy,9.6e-07,105.0,0.0001008
YOYOW/BTC,1588462224486,2020-05-02T23:30:24.486Z,buy,9.6e-07,412780.0,0.3962688
YOYOW/BTC,1588462310661,2020-05-02T23:31:50.661Z,buy,9.7e-07,11567.0,0.01121999
YOYOW/BTC,1588462323952,2020-05-02T23:32:03.952Z,sell,9.7e-07,10971.0,0.01064187
YOYOW/BTC,1588462428008,2020-05-02T23:33:48.008Z,buy,9.7e-07,110.0,0.0001067
YOYOW/BTC,1588462428008,2020-05-02T23:33:48.008Z,buy,9.7e-07,110.0,0.0001067
YOYOW/BTC,1588463794455,2020-05-02T23:56:34.455Z,buy,9.7e-07,5288.0,0.00512936
YOYOW/BTC,1588464494621,2020-05-03T00:08:14.621Z,sell,9.7e-07,65662.0,0.06369214
YOYOW/BTC,1588465245870,2020-05-03T00:20:45.870Z,sell,9.7e-07,412368.0,0.39999696
YOYOW/BTC,1588465862345,2020-05-03T00:31:02.345Z,sell,9.7e-07,4449.0,0.00431553
YOYOW/BTC,1588465903806,2020-05-03T00:31:43.806Z,buy,9.7e-07,4153.0,0.00402841
YOYOW/BTC,1588465903806,2020-05-03T00:31:43.806Z,buy,9.7e-07,4153.0,0.00402841
YOYOW/BTC,1588466084712,2020-05-03T00:34:44.712Z,sell,9.6e-07,44058.0,0.0422956799999999
YOYOW/BTC,1588466108314,2020-05-03T00:35:08.314Z,buy,9.6e-07,105.0,0.0001008
YOYOW/BTC,1588466159134,2020-05-03T00:35:59.134Z,buy,9.6e-07,141.0,0.0001353599999999
YOYOW/BTC,1588466551356,2020-05-03T00:42:31.356Z,sell,9.5e-07,10061.0,0.00955795
YOYOW/BTC,1588466551907,2020-05-03T00:42:31.907Z,sell,9.5e-07,25703.0,0.02441785
YOYOW/BTC,1588466572165,2020-05-03T00:42:52.165Z,sell,9.5e-07,400.0,0.00038
YOYOW/BTC,1588466606456,2020-05-03T00:43:26.456Z,sell,9.5e-07,1597.0,0.00151715
YOYOW/BTC,1588466715869,2020-05-03T00:45:15.869Z,sell,9.5e-07,15000.0,0.01425
YOYOW/BTC,1588466912876,2020-05-03T00:48:32.876Z,buy,9.6e-07,3125.0,0.0029999999999999
YOYOW/BTC,1588466922705,2020-05-03T00:48:42.705Z,buy,9.6e-07,1000.0,0.0009599999999999
YOYOW/BTC,1588466925641,2020-05-03T00:48:45.641Z,buy,9.6e-07,131.0,0.00012576
YOYOW/BTC,1588466929198,2020-05-03T00:48:49.198Z,sell,9.5e-07,65023.0,0.06177185
YOYOW/BTC,1588466929222,2020-05-03T00:48:49.222Z,sell,9.5e-07,36501.0,0.03467595
YOYOW/BTC,1588466942869,2020-05-03T00:49:02.869Z,buy,9.5e-07,2220.0,0.002109
YOYOW/BTC,1588466944929,2020-05-03T00:49:04.929Z,buy,9.5e-07,4000.0,0.0038
YOYOW/BTC,1588467111290,2020-05-03T00:51:51.290Z,buy,9.5e-07,25386.0,0.0241167
YOYOW/BTC,1588467119172,2020-05-03T00:51:59.172Z,buy,9.5e-07,12611.0,0.01198045
YOYOW/BTC,1588467192478,2020-05-03T00:53:12.478Z,buy,9.5e-07,22259.0,0.02114605
YOYOW/BTC,1588467383338,2020-05-03T00:56:23.338Z,buy,9.5e-07,28001.0,0.02660095
YOYOW/BTC,1588467498921,2020-05-03T00:58:18.921Z,sell,9.5e-07,77219.0,0.07335805
YOYOW/BTC,1588467650662,2020-05-03T01:00:50.662Z,sell,9.4e-07,179401.0,0.16863694
YOYOW/BTC,1588467650662,2020-05-03T01:00:50.662Z,sell,9.4e-07,51884.0,0.04877096
YOYOW/BTC,1588467650662,2020-05-03T01:00:50.662Z,sell,9.4e-07,5203.0,0.00489082
YOYOW/BTC,1588467650662,2020-05-03T01:00:50.662Z,sell,9.4e-07,5203.0,0.00489082
YOYOW/BTC,1588467723935,2020-05-03T01:02:03.935Z,sell,9.4e-07,5320.0,0.0050008
YOYOW/BTC,1588467769604,2020-05-03T01:02:49.604Z,sell,9.4e-07,77664.0,0.07300416
YOYOW/BTC,1588467844208,2020-05-03T01:04:04.208Z,sell,9.4e-07,332274.0,0.31233756
YOYOW/BTC,1588467888479,2020-05-03T01:04:48.479Z,buy,9.4e-07,13603.0,0.01278682
YOYOW/BTC,1588467904425,2020-05-03T01:05:04.425Z,buy,9.4e-07,4000.0,0.00376
YOYOW/BTC,1588468373239,2020-05-03T01:12:53.239Z,buy,9.4e-07,40376.0,0.03795344
YOYOW/BTC,1588468399701,2020-05-03T01:13:19.701Z,sell,9.3e-07,20000.0,0.0186
YOYOW/BTC,1588468399701,2020-05-03T01:13:19.701Z,sell,9.3e-07,7142.0,0.00664206
YOYOW/BTC,1588468399701,2020-05-03T01:13:19.701Z,sell,9.3e-07,5807.0,0.00540051
YOYOW/BTC,1588468399701,2020-05-03T01:13:19.701Z,sell,9.3e-07,12047.0,0.01120371
YOYOW/BTC,1588468399701,2020-05-03T01:13:19.701Z,sell,9.3e-07,11323.0,0.01053039
YOYOW/BTC,1588468399701,2020-05-03T01:13:19.701Z,sell,9.3e-07,115982.0,0.10786326
YOYOW/BTC,1588468399701,2020-05-03T01:13:19.701Z,sell,9.3e-07,7212.0,0.00670716
YOYOW/BTC,1588468474389,2020-05-03T01:14:34.389Z,sell,9.3e-07,10224.0,0.00950832
YOYOW/BTC,1588468496910,2020-05-03T01:14:56.910Z,sell,9.3e-07,6316.0,0.00587388
YOYOW/BTC,1588468506872,2020-05-03T01:15:06.872Z,buy,9.4e-07,3649.0,0.00343006
YOYOW/BTC,1588468775056,2020-05-03T01:19:35.056Z,sell,9.3e-07,3786.0,0.00352098
YOYOW/BTC,1588468777376,2020-05-03T01:19:37.376Z,buy,9.4e-07,3192.0,0.00300048
YOYOW/BTC,1588468777932,2020-05-03T01:19:37.932Z,buy,9.4e-07,426.0,0.00040044
YOYOW/BTC,1588468778204,2020-05-03T01:19:38.204Z,buy,9.4e-07,20442.0,0.01921548
YOYOW/BTC,1588468778204,2020-05-03T01:19:38.204Z,buy,9.4e-07,20442.0,0.01921548
YOYOW/BTC,1588469571082,2020-05-03T01:32:51.082Z,buy,9.4e-07,138000.0,0.12972
YOYOW/BTC,1588469581195,2020-05-03T01:33:01.195Z,buy,9.4e-07,79.0,7.426e-05
YOYOW/BTC,1588470340588,2020-05-03T01:45:40.588Z,sell,9.4e-07,540.0,0.0005076
YOYOW/BTC,1588470594080,2020-05-03T01:49:54.080Z,sell,9.4e-07,5004.0,0.00470376
YOYOW/BTC,1588470973646,2020-05-03T01:56:13.646Z,buy,9.5e-07,1700.0,0.001615
YOYOW/BTC,1588471248129,2020-05-03T02:00:48.129Z,buy,9.5e-07,1732.0,0.0016454
YOYOW/BTC,1588471248129,2020-05-03T02:00:48.129Z,buy,9.5e-07,1732.0,0.0016454
YOYOW/BTC,1588472582950,2020-05-03T02:23:02.950Z,sell,9.4e-07,50000.0,0.047
YOYOW/BTC,1588473257666,2020-05-03T02:34:17.666Z,buy,9.5e-07,1414.0,0.0013433
YOYOW/BTC,1588473329150,2020-05-03T02:35:29.150Z,buy,9.5e-07,15000.0,0.01425
YOYOW/BTC,1588473440006,2020-05-03T02:37:20.006Z,buy,9.5e-07,1785.0,0.00169575
YOYOW/BTC,1588473580866,2020-05-03T02:39:40.866Z,buy,9.5e-07,651.0,0.00061845
YOYOW/BTC,1588473599720,2020-05-03T02:39:59.720Z,buy,9.5e-07,210.0,0.0001995
YOYOW/BTC,1588474062446,2020-05-03T02:47:42.446Z,buy,9.5e-07,119.0,0.00011305
YOYOW/BTC,1588474071716,2020-05-03T02:47:51.716Z,buy,9.5e-07,109.0,0.00010355
YOYOW/BTC,1588474330952,2020-05-03T02:52:10.952Z,sell,9.4e-07,1339.0,0.00125866
YOYOW/BTC,1588474680327,2020-05-03T02:58:00.327Z,buy,9.5e-07,93673.0,0.08898935
YOYOW/BTC,1588474798500,2020-05-03T02:59:58.500Z,buy,9.5e-07,156568.0,0.1487396
YOYOW/BTC,1588474798500,2020-05-03T02:59:58.500Z,buy,9.5e-07,156568.0,0.1487396
YOYOW/BTC,1588476068514,2020-05-03T03:21:08.514Z,buy,9.5e-07,5260.0,0.004997
YOYOW/BTC,1588476173060,2020-05-03T03:22:53.060Z,buy,9.5e-07,3158.0,0.0030001
YOYOW/BTC,1588476632646,2020-05-03T03:30:32.646Z,sell,9.4e-07,141.0,0.00013254
YOYOW/BTC,1588477628882,2020-05-03T03:47:08.882Z,sell,9.4e-07,250000.0,0.235
YOYOW/BTC,1588478262261,2020-05-03T03:57:42.261Z,buy,9.5e-07,222084.0,0.2109798
YOYOW/BTC,1588478262261,2020-05-03T03:57:42.261Z,buy,9.5e-07,222084.0,0.2109798
YOYOW/BTC,1588478566697,2020-05-03T04:02:46.697Z,sell,9.4e-07,1195.0,0.0011233
YOYOW/BTC,1588478649239,2020-05-03T04:04:09.239Z,buy,9.5e-07,7784.0,0.0073948
YOYOW/BTC,1588478698477,2020-05-03T04:04:58.477Z,sell,9.4e-07,22259.0,0.02092346
YOYOW/BTC,1588478734119,2020-05-03T04:05:34.119Z,sell,9.4e-07,106739.0,0.10033466
YOYOW/BTC,1588479144663,2020-05-03T04:12:24.663Z,sell,9.4e-07,15000.0,0.0141
YOYOW/BTC,1588479267384,2020-05-03T04:14:27.384Z,sell,9.4e-07,3019.0,0.00283786
YOYOW/BTC,1588481850049,2020-05-03T04:57:30.049Z,sell,9.4e-07,1030.0,0.0009682
YOYOW/BTC,1588481850049,2020-05-03T04:57:30.049Z,sell,9.4e-07,1030.0,0.0009682
YOYOW/BTC,1588482686163,2020-05-03T05:11:26.163Z,sell,9.4e-07,1974.0,0.00185556
YOYOW/BTC,1588482874030,2020-05-03T05:14:34.030Z,buy,9.4e-07,5134.0,0.00482596
YOYOW/BTC,1588483701992,2020-05-03T05:28:21.992Z,buy,9.5e-07,2262.0,0.0021489
YOYOW/BTC,1588484031489,2020-05-03T05:33:51.489Z,sell,9.4e-07,1000.0,0.00094
YOYOW/BTC,1588484031572,2020-05-03T05:33:51.572Z,buy,9.4e-07,9742.0,0.00915748
YOYOW/BTC,1588484346558,2020-05-03T05:39:06.558Z,sell,9.3e-07,600.0,0.000558
YOYOW/BTC,1588484688127,2020-05-03T05:44:48.127Z,sell,9.4e-07,957.0,0.00089958
YOYOW/BTC,1588484688127,2020-05-03T05:44:48.127Z,sell,9.3e-07,22712.0,0.02112216
YOYOW/BTC,1588484763047,2020-05-03T05:46:03.047Z,sell,9.4e-07,5320.0,0.0050008
YOYOW/BTC,1588484763047,2020-05-03T05:46:03.047Z,sell,9.4e-07,5320.0,0.0050008
YOYOW/BTC,1588485911400,2020-05-03T06:05:11.400Z,buy,9.5e-07,531.0,0.00050445
YOYOW/BTC,1588486319135,2020-05-03T06:11:59.135Z,buy,9.5e-07,17943.0,0.01704585
YOYOW/BTC,1588486380548,2020-05-03T06:13:00.548Z,buy,9.5e-07,4305.0,0.00408975
YOYOW/BTC,1588486427863,2020-05-03T06:13:47.863Z,buy,9.5e-07,6008.0,0.0057076
YOYOW/BTC,1588486515120,2020-05-03T06:15:15.120Z,sell,9.4e-07,530.0,0.0004982
YOYOW/BTC,1588486523914,2020-05-03T06:15:23.914Z,buy,9.5e-07,3500.0,0.003325
YOYOW/BTC,1588486556681,2020-05-03T06:15:56.681Z,buy,9.5e-07,20000.0,0.019
YOYOW/BTC,1588486964916,2020-05-03T06:22:44.916Z,buy,9.5e-07,30033.0,0.02853135
YOYOW/BTC,1588487683136,2020-05-03T06:34:43.136Z,buy,9.5e-07,2568.0,0.0024396
YOYOW/BTC,1588487836295,2020-05-03T06:37:16.295Z,buy,9.5e-07,1503.0,0.00142785
YOYOW/BTC,1588487899901,2020-05-03T06:38:19.901Z,buy,9.5e-07,6015.0,0.00571425
YOYOW/BTC,1588487908296,2020-05-03T06:38:28.296Z,sell,9.4e-07,9990.0,0.0093906
YOYOW/BTC,1588488314840,2020-05-03T06:45:14.840Z,buy,9.5e-07,531.0,0.00050445
YOYOW/BTC,1588488314840,2020-05-03T06:45:14.840Z,buy,9.5e-07,531.0,0.00050445
YOYOW/BTC,1588488503454,2020-05-03T06:48:23.454Z,buy,9.5e-07,7008.0,0.0066576
YOYOW/BTC,1588488936581,2020-05-03T06:55:36.581Z,buy,9.5e-07,1422.0,0.0013509
YOYOW/BTC,1588488988625,2020-05-03T06:56:28.625Z,buy,9.5e-07,1580.0,0.001501
YOYOW/BTC,1588490557986,2020-05-03T07:22:37.986Z,buy,9.5e-07,113436.0,0.1077642
YOYOW/BTC,1588490931939,2020-05-03T07:28:51.939Z,sell,9.4e-07,15099.0,0.01419306
YOYOW/BTC,1588490931939,2020-05-03T07:28:51.939Z,sell,9.4e-07,15099.0,0.01419306
YOYOW/BTC,1588493364928,2020-05-03T08:09:24.928Z,sell,9.4e-07,20421.0,0.01919574
YOYOW/BTC,1588493855043,2020-05-03T08:17:35.043Z,buy,9.5e-07,200.0,0.00019
YOYOW/BTC,1588494312185,2020-05-03T08:25:12.185Z,sell,9.4e-07,530.0,0.0004982
YOYOW/BTC,1588494312185,2020-05-03T08:25:12.185Z,sell,9.4e-07,530.0,0.0004982
YOYOW/BTC,1588494914032,2020-05-03T08:35:14.032Z,buy,9.5e-07,531.0,0.00050445
YOYOW/BTC,1588495868199,2020-05-03T08:51:08.199Z,buy,9.5e-07,200001.0,0.19000095
YOYOW/BTC,1588496083773,2020-05-03T08:54:43.773Z,buy,9.5e-07,96682.0,0.0918479
YOYOW/BTC,1588496214514,2020-05-03T08:56:54.514Z,sell,9.4e-07,22515.0,0.0211641
YOYOW/BTC,1588496336120,2020-05-03T08:58:56.120Z,buy,9.5e-07,427.0,0.00040565
YOYOW/BTC,1588496527407,2020-05-03T09:02:07.407Z,buy,9.5e-07,2302.0,0.0021869
YOYOW/BTC,1588496549689,2020-05-03T09:02:29.689Z,buy,9.5e-07,693.0,0.00065835
YOYOW/BTC,1588496579550,2020-05-03T09:02:59.550Z,buy,9.5e-07,1853.0,0.00176035
YOYOW/BTC,1588496654418,2020-05-03T09:04:14.418Z,buy,9.5e-07,2105.0,0.00199975
YOYOW/BTC,1588496665495,2020-05-03T09:04:25.495Z,buy,9.5e-07,72293.0,0.06867835
YOYOW/BTC,1588496731881,2020-05-03T09:05:31.881Z,buy,9.5e-07,10526.0,0.0099997
YOYOW/BTC,1588496757804,2020-05-03T09:05:57.804Z,buy,9.5e-07,10526.0,0.0099997
YOYOW/BTC,1588496765271,2020-05-03T09:06:05.271Z,buy,9.5e-07,2850.0,0.0027075
YOYOW/BTC,1588496822484,2020-05-03T09:07:02.484Z,buy,9.5e-07,10775.0,0.01023625
YOYOW/BTC,1588496862138,2020-05-03T09:07:42.138Z,buy,9.5e-07,271.0,0.00025745
YOYOW/BTC,1588496879906,2020-05-03T09:07:59.906Z,buy,9.5e-07,7000.0,0.00665
YOYOW/BTC,1588496882785,2020-05-03T09:08:02.785Z,buy,9.5e-07,1749.0,0.00166155
YOYOW/BTC,1588496884435,2020-05-03T09:08:04.435Z,buy,9.5e-07,387.0,0.00036765
YOYOW/BTC,1588496897257,2020-05-03T09:08:17.257Z,buy,9.5e-07,883.0,0.00083885
YOYOW/BTC,1588496903478,2020-05-03T09:08:23.478Z,buy,9.5e-07,290.0,0.0002755
YOYOW/BTC,1588496906593,2020-05-03T09:08:26.593Z,buy,9.5e-07,1052.0,0.0009994
YOYOW/BTC,1588497050778,2020-05-03T09:10:50.778Z,buy,9.5e-07,1748.0,0.0016606
YOYOW/BTC,1588497189783,2020-05-03T09:13:09.783Z,sell,9.4e-07,2535.0,0.0023829
YOYOW/BTC,1588497268073,2020-05-03T09:14:28.073Z,buy,9.5e-07,21363.0,0.02029485
YOYOW/BTC,1588497273351,2020-05-03T09:14:33.351Z,buy,9.5e-07,2548.0,0.0024206
YOYOW/BTC,1588497323349,2020-05-03T09:15:23.349Z,sell,9.4e-07,351406.0,0.33032164
YOYOW/BTC,1588497323349,2020-05-03T09:15:23.349Z,sell,9.3e-07,157785.0,0.14674005
YOYOW/BTC,1588497323349,2020-05-03T09:15:23.349Z,sell,9.3e-07,3497.0,0.00325221
YOYOW/BTC,1588497346205,2020-05-03T09:15:46.205Z,sell,9.3e-07,319.0,0.00029667
YOYOW/BTC,1588497347369,2020-05-03T09:15:47.369Z,buy,9.4e-07,1410.0,0.0013254
YOYOW/BTC,1588497363963,2020-05-03T09:16:03.963Z,sell,9.4e-07,5320.0,0.0050008
YOYOW/BTC,1588497480816,2020-05-03T09:18:00.816Z,buy,9.5e-07,1150.0,0.0010925
YOYOW/BTC,1588497490296,2020-05-03T09:18:10.296Z,sell,9.4e-07,1386.0,0.00130284
YOYOW/BTC,1588497599149,2020-05-03T09:19:59.149Z,buy,9.5e-07,5894.0,0.0055993
YOYOW/BTC,1588497618159,2020-05-03T09:20:18.159Z,sell,9.4e-07,6730.0,0.0063262
YOYOW/BTC,1588497618159,2020-05-03T09:20:18.159Z,sell,9.4e-07,6730.0,0.0063262
YOYOW/BTC,1588498025802,2020-05-03T09:27:05.802Z,buy,9.5e-07,750.0,0.0007125
YOYOW/BTC,1588498101439,2020-05-03T09:28:21.439Z,buy,9.5e-07,6524.0,0.0061978
YOYOW/BTC,1588498136703,2020-05-03T09:28:56.703Z,buy,9.5e-07,1853.0,0.00176035
YOYOW/BTC,1588498312646,2020-05-03T09:31:52.646Z,buy,9.5e-07,7469.0,0.00709555
YOYOW/BTC,1588498394124,2020-05-03T09:33:14.124Z,buy,9.5e-07,15180.0,0.014421
YOYOW/BTC,1588498492929,2020-05-03T09:34:52.929Z,buy,9.5e-07,35462.0,0.0336889
YOYOW/BTC,1588498636803,2020-05-03T09:37:16.803Z,buy,9.5e-07,10526.0,0.0099997
YOYOW/BTC,1588499040324,2020-05-03T09:44:00.324Z,buy,9.5e-07,1200.0,0.00114
YOYOW/BTC,1588499318094,2020-05-03T09:48:38.094Z,buy,9.5e-07,1720.0,0.001634
YOYOW/BTC,1588499431259,2020-05-03T09:50:31.259Z,sell,9.4e-07,10091.0,0.00948554
YOYOW/BTC,1588499432966,2020-05-03T09:50:32.966Z,buy,9.5e-07,316.0,0.0003002
YOYOW/BTC,1588499564651,2020-05-03T09:52:44.651Z,sell,9.4e-07,6889.0,0.00647566
YOYOW/BTC,1588499767386,2020-05-03T09:56:07.386Z,sell,9.4e-07,315.0,0.0002961
YOYOW/BTC,1588499909183,2020-05-03T09:58:29.183Z,sell,9.4e-07,500.0,0.00047
YOYOW/BTC,1588499956640,2020-05-03T09:59:16.640Z,buy,9.5e-07,842.0,0.0007999
YOYOW/BTC,1588500023292,2020-05-03T10:00:23.292Z,buy,9.5e-07,2000.0,0.0019
YOYOW/BTC,1588500127244,2020-05-03T10:02:07.244Z,sell,9.4e-07,105507.0,0.09917658
YOYOW/BTC,1588500145935,2020-05-03T10:02:25.935Z,buy,9.4e-07,59493.0,0.05592342
YOYOW/BTC,1588500219835,2020-05-03T10:03:39.835Z,buy,9.5e-07,27699.0,0.02631405
YOYOW/BTC,1588500249735,2020-05-03T10:04:09.735Z,buy,9.5e-07,282.0,0.0002679
YOYOW/BTC,1588500392382,2020-05-03T10:06:32.382Z,buy,9.5e-07,855.0,0.00081225
YOYOW/BTC,1588500613465,2020-05-03T10:10:13.465Z,buy,9.5e-07,414.0,0.0003933
YOYOW/BTC,1588500785250,2020-05-03T10:13:05.250Z,buy,9.5e-07,135.0,0.00012825
YOYOW/BTC,1588500785250,2020-05-03T10:13:05.250Z,buy,9.5e-07,135.0,0.00012825
YOYOW/BTC,1588501301386,2020-05-03T10:21:41.386Z,buy,9.5e-07,2105.0,0.00199975
YOYOW/BTC,1588501363717,2020-05-03T10:22:43.717Z,buy,9.5e-07,106.0,0.0001007
YOYOW/BTC,1588501388330,2020-05-03T10:23:08.330Z,buy,9.5e-07,78947.0,0.07499965
YOYOW/BTC,1588501464719,2020-05-03T10:24:24.719Z,sell,9.4e-07,9076.0,0.00853144
YOYOW/BTC,1588501464719,2020-05-03T10:24:24.719Z,sell,9.3e-07,10814.0,0.01005702
YOYOW/BTC,1588501466325,2020-05-03T10:24:26.325Z,buy,9.4e-07,316.0,0.00029704
YOYOW/BTC,1588501487028,2020-05-03T10:24:47.028Z,buy,9.4e-07,1094.0,0.00102836
YOYOW/BTC,1588501487725,2020-05-03T10:24:47.725Z,sell,9.4e-07,161.0,0.00015134
YOYOW/BTC,1588501508814,2020-05-03T10:25:08.814Z,buy,9.4e-07,3945.0,0.0037083
YOYOW/BTC,1588501623281,2020-05-03T10:27:03.281Z,buy,9.5e-07,41787.0,0.03969765
YOYOW/BTC,1588501623281,2020-05-03T10:27:03.281Z,buy,9.6e-07,2942.0,0.00282432
YOYOW/BTC,1588501625907,2020-05-03T10:27:05.907Z,buy,9.6e-07,10577.0,0.0101539199999999
YOYOW/BTC,1588501626441,2020-05-03T10:27:06.441Z,sell,9.4e-07,315.0,0.0002961
YOYOW/BTC,1588501628574,2020-05-03T10:27:08.574Z,buy,9.6e-07,2700.0,0.0025919999999999
YOYOW/BTC,1588501631075,2020-05-03T10:27:11.075Z,buy,9.6e-07,826.0,0.0007929599999999
YOYOW/BTC,1588501986043,2020-05-03T10:33:06.043Z,buy,9.5e-07,1519.0,0.00144305
YOYOW/BTC,1588502107615,2020-05-03T10:35:07.615Z,buy,9.6e-07,620.0,0.0005951999999999
YOYOW/BTC,1588502126792,2020-05-03T10:35:26.792Z,sell,9.4e-07,87884.0,0.08261096
YOYOW/BTC,1588502417788,2020-05-03T10:40:17.788Z,sell,9.4e-07,876.0,0.00082344
YOYOW/BTC,1588502734852,2020-05-03T10:45:34.852Z,sell,9.4e-07,2302.0,0.00216388
YOYOW/BTC,1588502806072,2020-05-03T10:46:46.072Z,buy,9.5e-07,15789.0,0.01499955
YOYOW/BTC,1588503286966,2020-05-03T10:54:46.966Z,buy,9.5e-07,37867.0,0.03597365
YOYOW/BTC,1588503286966,2020-05-03T10:54:46.966Z,buy,9.6e-07,176211.0,0.16916256
YOYOW/BTC,1588503737580,2020-05-03T11:02:17.580Z,buy,9.6e-07,123202.0,0.1182739199999999
YOYOW/BTC,1588503755706,2020-05-03T11:02:35.706Z,sell,9.5e-07,11308.0,0.0107426
YOYOW/BTC,1588503954606,2020-05-03T11:05:54.606Z,sell,9.5e-07,61295.0,0.05823025
YOYOW/BTC,1588504071787,2020-05-03T11:07:51.787Z,buy,9.6e-07,259.0,0.00024864
YOYOW/BTC,1588504155030,2020-05-03T11:09:15.030Z,buy,9.6e-07,1785.0,0.0017135999999999
YOYOW/BTC,1588504359981,2020-05-03T11:12:39.981Z,sell,9.5e-07,15789.0,0.01499955
YOYOW/BTC,1588504359981,2020-05-03T11:12:39.981Z,sell,9.5e-07,15789.0,0.01499955
YOYOW/BTC,1588504496625,2020-05-03T11:14:56.625Z,buy,9.6e-07,22916.0,0.02199936
YOYOW/BTC,1588504983267,2020-05-03T11:23:03.267Z,sell,9.5e-07,8591.0,0.00816145
YOYOW/BTC,1588505133716,2020-05-03T11:25:33.716Z,buy,9.5e-07,325.0,0.00030875
YOYOW/BTC,1588505134719,2020-05-03T11:25:34.719Z,buy,9.5e-07,368.0,0.0003496
YOYOW/BTC,1588505177075,2020-05-03T11:26:17.075Z,sell,9.4e-07,359.0,0.00033746
YOYOW/BTC,1588505364156,2020-05-03T11:29:24.156Z,sell,9.4e-07,4837.0,0.00454678
YOYOW/BTC,1588505606760,2020-05-03T11:33:26.760Z,buy,9.5e-07,5862.0,0.0055689
YOYOW/BTC,1588505723699,2020-05-03T11:35:23.699Z,buy,9.5e-07,10536.0,0.0100092
YOYOW/BTC,1588505787822,2020-05-03T11:36:27.822Z,buy,9.5e-07,43888.0,0.0416936
YOYOW/BTC,1588506163382,2020-05-03T11:42:43.382Z,buy,9.5e-07,1000.0,0.00095
YOYOW/BTC,1588506468370,2020-05-03T11:47:48.370Z,buy,9.5e-07,3160.0,0.003002
YOYOW/BTC,1588506684911,2020-05-03T11:51:24.911Z,buy,9.5e-07,1887.0,0.00179265
YOYOW/BTC,1588506957442,2020-05-03T11:55:57.442Z,buy,9.5e-07,471.0,0.00044745
YOYOW/BTC,1588507237534,2020-05-03T12:00:37.534Z,buy,9.5e-07,34010.0,0.0323095
YOYOW/BTC,1588507283006,2020-05-03T12:01:23.006Z,buy,9.5e-07,17368.0,0.0164996
YOYOW/BTC,1588507283006,2020-05-03T12:01:23.006Z,buy,9.5e-07,17368.0,0.0164996
YOYOW/BTC,1588508258131,2020-05-03T12:17:38.131Z,buy,9.5e-07,122.0,0.0001159
YOYOW/BTC,1588508427843,2020-05-03T12:20:27.843Z,buy,9.5e-07,120.0,0.000114
YOYOW/BTC,1588508427861,2020-05-03T12:20:27.861Z,buy,9.5e-07,9331.0,0.00886445
YOYOW/BTC,1588508524649,2020-05-03T12:22:04.649Z,buy,9.6e-07,190.0,0.0001824
YOYOW/BTC,1588508912393,2020-05-03T12:28:32.393Z,sell,9.5e-07,270.0,0.0002565
YOYOW/BTC,1588509028619,2020-05-03T12:30:28.619Z,buy,9.6e-07,129123.0,0.1239580799999999
YOYOW/BTC,1588509100060,2020-05-03T12:31:40.060Z,buy,9.6e-07,84270.0,0.0808991999999999
YOYOW/BTC,1588510291197,2020-05-03T12:51:31.197Z,buy,9.6e-07,4138.0,0.00397248
YOYOW/BTC,1588510291197,2020-05-03T12:51:31.197Z,buy,9.6e-07,4138.0,0.00397248
YOYOW/BTC,1588511709675,2020-05-03T13:15:09.675Z,sell,9.5e-07,20407.0,0.01938665
YOYOW/BTC,1588512281501,2020-05-03T13:24:41.501Z,buy,9.6e-07,203713.0,0.1955644799999999
YOYOW/BTC,1588512500326,2020-05-03T13:28:20.326Z,sell,9.5e-07,1006.0,0.0009557
YOYOW/BTC,1588513634199,2020-05-03T13:47:14.199Z,sell,9.5e-07,2500.0,0.002375
YOYOW/BTC,1588513663047,2020-05-03T13:47:43.047Z,buy,9.6e-07,5713.0,0.00548448
YOYOW/BTC,1588513710836,2020-05-03T13:48:30.836Z,buy,9.6e-07,15000.0,0.0143999999999999
YOYOW/BTC,1588513710836,2020-05-03T13:48:30.836Z,buy,9.6e-07,15000.0,0.0143999999999999
YOYOW/BTC,1588514819508,2020-05-03T14:06:59.508Z,buy,9.6e-07,550.0,0.0005279999999999
YOYOW/BTC,1588515516126,2020-05-03T14:18:36.126Z,buy,9.6e-07,2000.0,0.0019199999999999
YOYOW/BTC,1588515903751,2020-05-03T14:25:03.751Z,buy,9.6e-07,2526.0,0.00242496
YOYOW/BTC,1588516249793,2020-05-03T14:30:49.793Z,buy,9.6e-07,16505.0,0.0158448
YOYOW/BTC,1588516447243,2020-05-03T14:34:07.243Z,buy,9.6e-07,419.0,0.0004022399999999
YOYOW/BTC,1588516551803,2020-05-03T14:35:51.803Z,buy,9.6e-07,3256.0,0.0031257599999999
YOYOW/BTC,1588516833273,2020-05-03T14:40:33.273Z,sell,9.5e-07,1183.0,0.00112385
YOYOW/BTC,1588517127998,2020-05-03T14:45:27.998Z,sell,9.5e-07,3477.0,0.00330315
YOYOW/BTC,1588517127998,2020-05-03T14:45:27.998Z,sell,9.5e-07,3477.0,0.00330315
YOYOW/BTC,1588517390114,2020-05-03T14:49:50.114Z,sell,9.5e-07,333.0,0.00031635
YOYOW/BTC,1588517953046,2020-05-03T14:59:13.046Z,sell,9.5e-07,551.0,0.00052345
YOYOW/BTC,1588518085511,2020-05-03T15:01:25.511Z,sell,9.5e-07,7000.0,0.00665
YOYOW/BTC,1588518160592,2020-05-03T15:02:40.592Z,sell,9.5e-07,16729.0,0.01589255
YOYOW/BTC,1588518161292,2020-05-03T15:02:41.292Z,buy,9.5e-07,1627.0,0.00154565
YOYOW/BTC,1588518217127,2020-05-03T15:03:37.127Z,buy,9.5e-07,2004.0,0.0019038
YOYOW/BTC,1588518284840,2020-05-03T15:04:44.840Z,buy,9.5e-07,4367.0,0.00414865
YOYOW/BTC,1588518701325,2020-05-03T15:11:41.325Z,sell,9.5e-07,639.0,0.00060705
YOYOW/BTC,1588518754210,2020-05-03T15:12:34.210Z,sell,9.4e-07,3370.0,0.0031678
YOYOW/BTC,1588518974066,2020-05-03T15:16:14.066Z,buy,9.5e-07,1028.0,0.0009766
YOYOW/BTC,1588519165165,2020-05-03T15:19:25.165Z,buy,9.6e-07,20833.0,0.01999968
YOYOW/BTC,1588519223018,2020-05-03T15:20:23.018Z,sell,9.5e-07,312.0,0.0002964
YOYOW/BTC,1588519557753,2020-05-03T15:25:57.753Z,sell,9.5e-07,51155.0,0.04859725
YOYOW/BTC,1588519617264,2020-05-03T15:26:57.264Z,buy,9.5e-07,3006.0,0.0028557
YOYOW/BTC,1588519669281,2020-05-03T15:27:49.281Z,buy,9.5e-07,3004.0,0.0028538
YOYOW/BTC,1588519790534,2020-05-03T15:29:50.534Z,buy,9.5e-07,400.0,0.00038
YOYOW/BTC,1588519830061,2020-05-03T15:30:30.061Z,buy,9.5e-07,1808.0,0.0017176
YOYOW/BTC,1588519968702,2020-05-03T15:32:48.702Z,buy,9.5e-07,2591.0,0.00246145
YOYOW/BTC,1588520062522,2020-05-03T15:34:22.522Z,buy,9.5e-07,10702.0,0.0101669
YOYOW/BTC,1588520415485,2020-05-03T15:40:15.485Z,buy,9.5e-07,2090.0,0.0019855
YOYOW/BTC,1588520463750,2020-05-03T15:41:03.750Z,buy,9.5e-07,3002.0,0.0028519
YOYOW/BTC,1588520463750,2020-05-03T15:41:03.750Z,buy,9.5e-07,3002.0,0.0028519
YOYOW/BTC,1588520934945,2020-05-03T15:48:54.945Z,buy,9.5e-07,210.0,0.0001995
YOYOW/BTC,1588521352601,2020-05-03T15:55:52.601Z,sell,9.4e-07,32852.0,0.03088088
YOYOW/BTC,1588521396698,2020-05-03T15:56:36.698Z,buy,9.5e-07,3004.0,0.0028538
YOYOW/BTC,1588521406311,2020-05-03T15:56:46.311Z,sell,9.4e-07,58773.0,0.05524662
YOYOW/BTC,1588522550817,2020-05-03T16:15:50.817Z,sell,9.4e-07,132782.0,0.12481508
YOYOW/BTC,1588522572472,2020-05-03T16:16:12.472Z,buy,9.5e-07,104007.0,0.09880665
YOYOW/BTC,1588522695675,2020-05-03T16:18:15.675Z,sell,9.4e-07,5137.0,0.00482878
YOYOW/BTC,1588523054167,2020-05-03T16:24:14.167Z,buy,9.5e-07,519.0,0.00049305
YOYOW/BTC,1588523054167,2020-05-03T16:24:14.167Z,buy,9.5e-07,519.0,0.00049305
YOYOW/BTC,1588524254211,2020-05-03T16:44:14.211Z,buy,9.5e-07,318.0,0.0003021
YOYOW/BTC,1588524350747,2020-05-03T16:45:50.747Z,buy,9.5e-07,53199.0,0.05053905
YOYOW/BTC,1588525124706,2020-05-03T16:58:44.706Z,sell,9.4e-07,2448.0,0.00230112
YOYOW/BTC,1588525124706,2020-05-03T16:58:44.706Z,sell,9.4e-07,24975.0,0.0234765
YOYOW/BTC,1588525456331,2020-05-03T17:04:16.331Z,sell,9.4e-07,486.0,0.00045684
YOYOW/BTC,1588526242617,2020-05-03T17:17:22.617Z,buy,9.6e-07,9055.0,0.0086927999999999
YOYOW/BTC,1588526557653,2020-05-03T17:22:37.653Z,sell,9.4e-07,364.0,0.00034216
YOYOW/BTC,1588526557653,2020-05-03T17:22:37.653Z,sell,9.4e-07,364.0,0.00034216
YOYOW/BTC,1588527073234,2020-05-03T17:31:13.234Z,buy,9.6e-07,275.0,0.0002639999999999
YOYOW/BTC,1588528005207,2020-05-03T17:46:45.207Z,sell,9.4e-07,397.0,0.00037318
YOYOW/BTC,1588529074264,2020-05-03T18:04:34.264Z,sell,9.4e-07,48090.0,0.0452046
YOYOW/BTC,1588530122009,2020-05-03T18:22:02.009Z,buy,9.5e-07,13158.0,0.0125001
YOYOW/BTC,1588530122009,2020-05-03T18:22:02.009Z,buy,9.5e-07,13158.0,0.0125001
YOYOW/BTC,1588530191937,2020-05-03T18:23:11.937Z,buy,9.5e-07,2318.0,0.0022021
YOYOW/BTC,1588530655324,2020-05-03T18:30:55.324Z,buy,9.6e-07,1562.0,0.0014995199999999
YOYOW/BTC,1588531217711,2020-05-03T18:40:17.711Z,sell,9.5e-07,530.0,0.0005035
YOYOW/BTC,1588531404998,2020-05-03T18:43:24.998Z,sell,9.5e-07,11912.0,0.0113164
YOYOW/BTC,1588531784265,2020-05-03T18:49:44.265Z,sell,9.5e-07,18290.0,0.0173755
YOYOW/BTC,1588531816782,2020-05-03T18:50:16.782Z,buy,9.6e-07,526.0,0.0005049599999999
YOYOW/BTC,1588533337105,2020-05-03T19:15:37.105Z,sell,9.5e-07,19081.0,0.01812695
YOYOW/BTC,1588533447725,2020-05-03T19:17:27.725Z,sell,9.5e-07,10000.0,0.0095
YOYOW/BTC,1588533447725,2020-05-03T19:17:27.725Z,sell,9.5e-07,10000.0,0.0095
YOYOW/BTC,1588537315340,2020-05-03T20:21:55.340Z,sell,9.5e-07,979.0,0.00093005
YOYOW/BTC,1588537563886,2020-05-03T20:26:03.886Z,sell,9.5e-07,9014.0,0.0085633
YOYOW/BTC,1588537563886,2020-05-03T20:26:03.886Z,sell,9.5e-07,9014.0,0.0085633
YOYOW/BTC,1588537763891,2020-05-03T20:29:23.891Z,sell,9.5e-07,6505.0,0.00617975
YOYOW/BTC,1588538505439,2020-05-03T20:41:45.439Z,sell,9.5e-07,10771.0,0.01023245
YOYOW/BTC,1588540841526,2020-05-03T21:20:41.526Z,buy,9.5e-07,36646.0,0.0348137
YOYOW/BTC,1588540841526,2020-05-03T21:20:41.526Z,buy,9.5e-07,36646.0,0.0348137
YOYOW/BTC,1588542948930,2020-05-03T21:55:48.930Z,buy,9.5e-07,2515.0,0.00238925
YOYOW/BTC,1588542949010,2020-05-03T21:55:49.010Z,sell,9.5e-07,9524.0,0.0090478
YOYOW/BTC,1588542949010,2020-05-03T21:55:49.010Z,sell,9.5e-07,9524.0,0.0090478
YOYOW/BTC,1588545340065,2020-05-03T22:35:40.065Z,buy,9.5e-07,2756.0,0.0026182
YOYOW/BTC,1588545377978,2020-05-03T22:36:17.978Z,buy,9.6e-07,1273.0,0.00122208
YOYOW/BTC,1588545412608,2020-05-03T22:36:52.608Z,sell,9.4e-07,689.0,0.00064766
YOYOW/BTC,1588546401477,2020-05-03T22:53:21.477Z,sell,9.4e-07,11640.0,0.0109416
YOYOW/BTC,1588546401477,2020-05-03T22:53:21.477Z,sell,9.4e-07,11640.0,0.0109416
YOYOW/BTC,1588546830670,2020-05-03T23:00:30.670Z,buy,9.6e-07,22393.0,0.0214972799999999
YOYOW/BTC,1588546853663,2020-05-03T23:00:53.663Z,sell,9.5e-07,1445.0,0.00137275
YOYOW/BTC,1588548940485,2020-05-03T23:35:40.485Z,buy,9.5e-07,12329.0,0.01171255
YOYOW/BTC,1588548940485,2020-05-03T23:35:40.485Z,buy,9.5e-07,12329.0,0.01171255
YOYOW/BTC,1588551418395,2020-05-04T00:16:58.395Z,buy,9.6e-07,7599.0,0.0072950399999999
YOYOW/BTC,1588551456123,2020-05-04T00:17:36.123Z,buy,9.6e-07,1834.0,0.00176064
YOYOW/BTC,1588551540429,2020-05-04T00:19:00.429Z,sell,9.5e-07,19392.0,0.0184224
YOYOW/BTC,1588551540429,2020-05-04T00:19:00.429Z,sell,9.4e-07,3001.0,0.00282094
YOYOW/BTC,1588551629136,2020-05-04T00:20:29.136Z,sell,9.5e-07,3001.0,0.00285095
YOYOW/BTC,1588551629136,2020-05-04T00:20:29.136Z,sell,9.5e-07,3001.0,0.00285095
YOYOW/BTC,1588553220385,2020-05-04T00:47:00.385Z,buy,9.6e-07,106.0,0.0001017599999999
YOYOW/BTC,1588553714855,2020-05-04T00:55:14.855Z,sell,9.5e-07,525.0,0.00049875
YOYOW/BTC,1588553825905,2020-05-04T00:57:05.905Z,sell,9.5e-07,1416.0,0.0013452
YOYOW/BTC,1588553856933,2020-05-04T00:57:36.933Z,sell,9.5e-07,4684.0,0.0044498
YOYOW/BTC,1588554313161,2020-05-04T01:05:13.161Z,buy,9.6e-07,526.0,0.0005049599999999
YOYOW/BTC,1588554313161,2020-05-04T01:05:13.161Z,buy,9.6e-07,526.0,0.0005049599999999
YOYOW/BTC,1588555505381,2020-05-04T01:25:05.381Z,sell,9.5e-07,1196.0,0.0011362
YOYOW/BTC,1588555530749,2020-05-04T01:25:30.749Z,sell,9.4e-07,7010.0,0.0065894
YOYOW/BTC,1588555530749,2020-05-04T01:25:30.749Z,sell,9.4e-07,1324.0,0.00124456
YOYOW/BTC,1588555851432,2020-05-04T01:30:51.432Z,buy,9.5e-07,11066.0,0.0105127
YOYOW/BTC,1588555890322,2020-05-04T01:31:30.322Z,buy,9.5e-07,12237.0,0.01162515
YOYOW/BTC,1588555944145,2020-05-04T01:32:24.145Z,sell,9.4e-07,3001.0,0.00282094
YOYOW/BTC,1588556555818,2020-05-04T01:42:35.818Z,buy,9.5e-07,12132.0,0.0115254
YOYOW/BTC,1588557553732,2020-05-04T01:59:13.732Z,sell,9.4e-07,88619.0,0.08330186
YOYOW/BTC,1588557789885,2020-05-04T02:03:09.885Z,sell,9.4e-07,86436.0,0.08124984
YOYOW/BTC,1588557789885,2020-05-04T02:03:09.885Z,sell,9.4e-07,86436.0,0.08124984
YOYOW/BTC,1588560125452,2020-05-04T02:42:05.452Z,buy,9.5e-07,456.0,0.0004332
YOYOW/BTC,1588560364149,2020-05-04T02:46:04.149Z,buy,9.5e-07,5472.0,0.0051984
YOYOW/BTC,1588560364149,2020-05-04T02:46:04.149Z,buy,9.5e-07,5472.0,0.0051984
YOYOW/BTC,1588561510971,2020-05-04T03:05:10.971Z,sell,9.4e-07,6500.0,0.00611
YOYOW/BTC,1588562501728,2020-05-04T03:21:41.728Z,buy,9.5e-07,105263.0,0.09999985
YOYOW/BTC,1588562522739,2020-05-04T03:22:02.739Z,buy,9.5e-07,39371.0,0.03740245
YOYOW/BTC,1588562522739,2020-05-04T03:22:02.739Z,buy,9.5e-07,39371.0,0.03740245
YOYOW/BTC,1588568265834,2020-05-04T04:57:45.834Z,sell,9.5e-07,7000.0,0.00665
YOYOW/BTC,1588568331967,2020-05-04T04:58:51.967Z,buy,9.5e-07,395.0,0.00037525
YOYOW/BTC,1588568331967,2020-05-04T04:58:51.967Z,buy,9.5e-07,395.0,0.00037525
YOYOW/BTC,1588568943169,2020-05-04T05:09:03.169Z,sell,9.4e-07,19936.0,0.01873984
YOYOW/BTC,1588569178938,2020-05-04T05:12:58.938Z,sell,9.4e-07,451.0,0.00042394
YOYOW/BTC,1588570229032,2020-05-04T05:30:29.032Z,sell,9.4e-07,2000.0,0.00188
YOYOW/BTC,1588570317885,2020-05-04T05:31:57.885Z,sell,9.4e-07,101145.0,0.0950763
YOYOW/BTC,1588570361582,2020-05-04T05:32:41.582Z,buy,9.4e-07,146.0,0.00013724
YOYOW/BTC,1588570391669,2020-05-04T05:33:11.669Z,buy,9.4e-07,5006.0,0.00470564
YOYOW/BTC,1588570413530,2020-05-04T05:33:33.530Z,buy,9.4e-07,3004.0,0.00282376
YOYOW/BTC,1588570452003,2020-05-04T05:34:12.003Z,buy,9.4e-07,1302.0,0.00122388
YOYOW/BTC,1588570474748,2020-05-04T05:34:34.748Z,buy,9.4e-07,10012.0,0.00941128
YOYOW/BTC,1588570495333,2020-05-04T05:34:55.333Z,buy,9.4e-07,2705.0,0.0025427
YOYOW/BTC,1588570518461,2020-05-04T05:35:18.461Z,buy,9.4e-07,6008.0,0.00564752
YOYOW/BTC,1588570540427,2020-05-04T05:35:40.427Z,buy,9.4e-07,2004.0,0.00188376
YOYOW/BTC,1588570547203,2020-05-04T05:35:47.203Z,buy,9.4e-07,37145.0,0.0349163
YOYOW/BTC,1588570660737,2020-05-04T05:37:40.737Z,buy,9.4e-07,5006.0,0.00470564
YOYOW/BTC,1588570696388,2020-05-04T05:38:16.388Z,buy,9.4e-07,3004.0,0.00282376
YOYOW/BTC,1588570709993,2020-05-04T05:38:29.993Z,sell,9.3e-07,7000.0,0.00651
YOYOW/BTC,1588570709993,2020-05-04T05:38:29.993Z,sell,9.3e-07,11895.0,0.01106235
YOYOW/BTC,1588570709993,2020-05-04T05:38:29.993Z,sell,9.3e-07,30000.0,0.0279
YOYOW/BTC,1588570709993,2020-05-04T05:38:29.993Z,sell,9.3e-07,5707.0,0.00530751
YOYOW/BTC,1588570709993,2020-05-04T05:38:29.993Z,sell,9.3e-07,19602.0,0.01822986
YOYOW/BTC,1588570709993,2020-05-04T05:38:29.993Z,sell,9.3e-07,84132.0,0.07824276
YOYOW/BTC,1588570743413,2020-05-04T05:39:03.413Z,sell,9.3e-07,5377.0,0.00500061
YOYOW/BTC,1588570747524,2020-05-04T05:39:07.524Z,sell,9.3e-07,2213.0,0.00205809
YOYOW/BTC,1588570760417,2020-05-04T05:39:20.417Z,buy,9.4e-07,1840.0,0.0017296
YOYOW/BTC,1588570775911,2020-05-04T05:39:35.911Z,buy,9.4e-07,2165.0,0.0020351
YOYOW/BTC,1588570990633,2020-05-04T05:43:10.633Z,sell,9.3e-07,32555.0,0.0302761499999999
YOYOW/BTC,1588571355518,2020-05-04T05:49:15.518Z,buy,9.4e-07,3004.0,0.00282376
YOYOW/BTC,1588571440673,2020-05-04T05:50:40.673Z,buy,9.4e-07,4450.0,0.004183
YOYOW/BTC,1588571511326,2020-05-04T05:51:51.326Z,buy,9.4e-07,100111.0,0.09410434
YOYOW/BTC,1588571515470,2020-05-04T05:51:55.470Z,buy,9.4e-07,9654.0,0.00907476
YOYOW/BTC,1588571515470,2020-05-04T05:51:55.470Z,buy,9.4e-07,9654.0,0.00907476
YOYOW/BTC,1588571984151,2020-05-04T05:59:44.151Z,sell,9.4e-07,14292.0,0.01343448
YOYOW/BTC,1588572245338,2020-05-04T06:04:05.338Z,buy,9.5e-07,2238.0,0.0021261
YOYOW/BTC,1588572426394,2020-05-04T06:07:06.394Z,sell,9.3e-07,98011.0,0.09115023
YOYOW/BTC,1588572426394,2020-05-04T06:07:06.394Z,sell,9.2e-07,21447.0,0.01973124
YOYOW/BTC,1588572426394,2020-05-04T06:07:06.394Z,sell,9.2e-07,350.0,0.0003219999999999
YOYOW/BTC,1588572426394,2020-05-04T06:07:06.394Z,sell,9.2e-07,350.0,0.0003219999999999
YOYOW/BTC,1588572426394,2020-05-04T06:07:06.394Z,sell,9.2e-07,352.0,0.00032384
YOYOW/BTC,1588572426394,2020-05-04T06:07:06.394Z,sell,9.2e-07,50000.0,0.046
YOYOW/BTC,1588572426394,2020-05-04T06:07:06.394Z,sell,9.2e-07,50000.0,0.046
YOYOW/BTC,1588572426394,2020-05-04T06:07:06.394Z,sell,9.2e-07,160.0,0.0001472
YOYOW/BTC,1588572426394,2020-05-04T06:07:06.394Z,sell,9.2e-07,5819.0,0.00535348
YOYOW/BTC,1588572426394,2020-05-04T06:07:06.394Z,sell,9.2e-07,2910.0,0.0026772
YOYOW/BTC,1588572426394,2020-05-04T06:07:06.394Z,sell,9.2e-07,2910.0,0.0026772
YOYOW/BTC,1588572426394,2020-05-04T06:07:06.394Z,sell,9.2e-07,646.0,0.00059432
YOYOW/BTC,1588572426394,2020-05-04T06:07:06.394Z,sell,9.2e-07,3459.0,0.00318228
YOYOW/BTC,1588572580234,2020-05-04T06:09:40.234Z,sell,9.3e-07,65176.0,0.0606136799999999
YOYOW/BTC,1588573393090,2020-05-04T06:23:13.090Z,sell,9.3e-07,4946.0,0.00459978
YOYOW/BTC,1588573855085,2020-05-04T06:30:55.085Z,buy,9.4e-07,3004.0,0.00282376
YOYOW/BTC,1588574760527,2020-05-04T06:46:00.527Z,buy,9.4e-07,2000.0,0.00188
YOYOW/BTC,1588574783809,2020-05-04T06:46:23.809Z,buy,9.4e-07,2001.0,0.00188094
YOYOW/BTC,1588574802373,2020-05-04T06:46:42.373Z,buy,9.4e-07,2003.0,0.00188282
YOYOW/BTC,1588574802373,2020-05-04T06:46:42.373Z,buy,9.4e-07,2003.0,0.00188282
YOYOW/BTC,1588575320514,2020-05-04T06:55:20.514Z,buy,9.4e-07,1992.0,0.00187248
YOYOW/BTC,1588575727477,2020-05-04T07:02:07.477Z,buy,9.4e-07,3003.0,0.00282282
YOYOW/BTC,1588575770844,2020-05-04T07:02:50.844Z,buy,9.4e-07,1112.0,0.00104528
YOYOW/BTC,1588575954906,2020-05-04T07:05:54.906Z,buy,9.4e-07,1860.0,0.0017484
YOYOW/BTC,1588576278185,2020-05-04T07:11:18.185Z,buy,9.4e-07,3139.0,0.00295066
YOYOW/BTC,1588576492879,2020-05-04T07:14:52.879Z,buy,9.4e-07,2117.0,0.00198998
YOYOW/BTC,1588576594075,2020-05-04T07:16:34.075Z,buy,9.4e-07,2660.0,0.0025004
YOYOW/BTC,1588576686241,2020-05-04T07:18:06.241Z,buy,9.4e-07,90099.0,0.08469306
YOYOW/BTC,1588576716321,2020-05-04T07:18:36.321Z,buy,9.4e-07,1197.0,0.00112518
YOYOW/BTC,1588576990983,2020-05-04T07:23:10.983Z,buy,9.5e-07,106.0,0.0001007
YOYOW/BTC,1588577055101,2020-05-04T07:24:15.101Z,buy,9.5e-07,106.0,0.0001007
YOYOW/BTC,1588577115548,2020-05-04T07:25:15.548Z,sell,9.4e-07,4810.0,0.0045214
YOYOW/BTC,1588577117162,2020-05-04T07:25:17.162Z,buy,9.4e-07,106.0,9.964e-05
YOYOW/BTC,1588577129789,2020-05-04T07:25:29.789Z,buy,9.4e-07,26555.0,0.0249617
YOYOW/BTC,1588577264615,2020-05-04T07:27:44.615Z,buy,9.4e-07,3004.0,0.00282376
YOYOW/BTC,1588577264615,2020-05-04T07:27:44.615Z,buy,9.4e-07,3004.0,0.00282376
YOYOW/BTC,1588578477753,2020-05-04T07:47:57.753Z,buy,9.4e-07,3718.0,0.00349492
YOYOW/BTC,1588578512333,2020-05-04T07:48:32.333Z,sell,9.4e-07,75157.0,0.07064758
YOYOW/BTC,1588578942201,2020-05-04T07:55:42.201Z,sell,9.3e-07,868.0,0.00080724
YOYOW/BTC,1588578993928,2020-05-04T07:56:33.928Z,buy,9.4e-07,9713.0,0.00913022
YOYOW/BTC,1588579909739,2020-05-04T08:11:49.739Z,buy,9.5e-07,631.0,0.00059945
YOYOW/BTC,1588579909739,2020-05-04T08:11:49.739Z,buy,9.5e-07,631.0,0.00059945
YOYOW/BTC,1588580948935,2020-05-04T08:29:08.935Z,buy,9.5e-07,106.0,0.0001007
YOYOW/BTC,1588581959554,2020-05-04T08:45:59.554Z,sell,9.4e-07,1496.0,0.00140624
YOYOW/BTC,1588583184190,2020-05-04T09:06:24.190Z,buy,9.5e-07,1692.0,0.0016074
YOYOW/BTC,1588583184190,2020-05-04T09:06:24.190Z,buy,9.5e-07,1692.0,0.0016074
YOYOW/BTC,1588583548433,2020-05-04T09:12:28.433Z,buy,9.5e-07,4479.0,0.00425505
YOYOW/BTC,1588583572220,2020-05-04T09:12:52.220Z,sell,9.4e-07,76162.0,0.07159228
YOYOW/BTC,1588584270904,2020-05-04T09:24:30.904Z,sell,9.4e-07,84290.0,0.0792326
YOYOW/BTC,1588584270912,2020-05-04T09:24:30.912Z,buy,9.4e-07,67600.0,0.063544
YOYOW/BTC,1588584270921,2020-05-04T09:24:30.921Z,buy,9.4e-07,45249.0,0.04253406
YOYOW/BTC,1588584554665,2020-05-04T09:29:14.665Z,sell,9.4e-07,855.0,0.0008037
YOYOW/BTC,1588586549075,2020-05-04T10:02:29.075Z,sell,9.4e-07,676.0,0.00063544
YOYOW/BTC,1588586549075,2020-05-04T10:02:29.075Z,sell,9.4e-07,676.0,0.00063544
YOYOW/BTC,1588587691232,2020-05-04T10:21:31.232Z,sell,9.4e-07,1562.0,0.00146828
YOYOW/BTC,1588587859616,2020-05-04T10:24:19.616Z,sell,9.4e-07,6359.0,0.00597746
YOYOW/BTC,1588588324616,2020-05-04T10:32:04.616Z,sell,9.4e-07,1959.0,0.00184146
YOYOW/BTC,1588588332794,2020-05-04T10:32:12.794Z,sell,9.4e-07,35725.0,0.0335815
YOYOW/BTC,1588588351083,2020-05-04T10:32:31.083Z,sell,9.4e-07,7995.0,0.0075153
YOYOW/BTC,1588588861659,2020-05-04T10:41:01.659Z,buy,9.5e-07,4673.0,0.00443935
YOYOW/BTC,1588588876383,2020-05-04T10:41:16.383Z,sell,9.4e-07,62744.0,0.05897936
YOYOW/BTC,1588589548636,2020-05-04T10:52:28.636Z,buy,9.4e-07,5591.0,0.00525554
YOYOW/BTC,1588589906195,2020-05-04T10:58:26.195Z,sell,9.4e-07,12607.0,0.01185058
YOYOW/BTC,1588589906195,2020-05-04T10:58:26.195Z,sell,9.4e-07,12607.0,0.01185058
YOYOW/BTC,1588590489070,2020-05-04T11:08:09.070Z,sell,9.4e-07,2105.0,0.0019787
YOYOW/BTC,1588591584430,2020-05-04T11:26:24.430Z,sell,9.4e-07,395.0,0.0003713
YOYOW/BTC,1588592959915,2020-05-04T11:49:19.915Z,sell,9.4e-07,18432.0,0.01732608
YOYOW/BTC,1588592995435,2020-05-04T11:49:55.435Z,buy,9.5e-07,181.0,0.00017195
YOYOW/BTC,1588592995435,2020-05-04T11:49:55.435Z,buy,9.5e-07,181.0,0.00017195
YOYOW/BTC,1588593608144,2020-05-04T12:00:08.144Z,buy,9.4e-07,387.0,0.00036378
YOYOW/BTC,1588593794182,2020-05-04T12:03:14.182Z,buy,9.4e-07,17198.0,0.01616612
YOYOW/BTC,1588595109611,2020-05-04T12:25:09.611Z,buy,9.4e-07,5262.0,0.00494628
YOYOW/BTC,1588596537336,2020-05-04T12:48:57.336Z,buy,9.4e-07,3655.0,0.0034357
YOYOW/BTC,1588596537336,2020-05-04T12:48:57.336Z,buy,9.4e-07,3655.0,0.0034357
YOYOW/BTC,1588596858048,2020-05-04T12:54:18.048Z,sell,9.3e-07,21341.0,0.01984713
YOYOW/BTC,1588596858048,2020-05-04T12:54:18.048Z,sell,9.3e-07,832.0,0.00077376
YOYOW/BTC,1588596981653,2020-05-04T12:56:21.653Z,sell,9.3e-07,7979.0,0.00742047
YOYOW/BTC,1588596982564,2020-05-04T12:56:22.564Z,sell,9.3e-07,8102.0,0.00753486
YOYOW/BTC,1588597024779,2020-05-04T12:57:04.779Z,sell,9.3e-07,7829.0,0.00728097
YOYOW/BTC,1588597191445,2020-05-04T12:59:51.445Z,buy,9.4e-07,155.0,0.0001457
YOYOW/BTC,1588598281112,2020-05-04T13:18:01.112Z,sell,9.3e-07,537.0,0.00049941
YOYOW/BTC,1588598307849,2020-05-04T13:18:27.849Z,buy,9.4e-07,18729.0,0.01760526
YOYOW/BTC,1588598307874,2020-05-04T13:18:27.874Z,buy,9.4e-07,20130.0,0.0189222
YOYOW/BTC,1588598307882,2020-05-04T13:18:27.882Z,buy,9.4e-07,28524.0,0.02681256
YOYOW/BTC,1588598592274,2020-05-04T13:23:12.274Z,buy,9.4e-07,107.0,0.00010058
YOYOW/BTC,1588599082384,2020-05-04T13:31:22.384Z,buy,9.4e-07,1182.0,0.00111108
YOYOW/BTC,1588599328809,2020-05-04T13:35:28.809Z,buy,9.4e-07,1241.0,0.00116654
YOYOW/BTC,1588599344541,2020-05-04T13:35:44.541Z,buy,9.4e-07,1352.0,0.00127088
YOYOW/BTC,1588599503672,2020-05-04T13:38:23.672Z,buy,9.4e-07,1236.0,0.00116184
YOYOW/BTC,1588599667175,2020-05-04T13:41:07.175Z,buy,9.4e-07,359.0,0.00033746
YOYOW/BTC,1588599667175,2020-05-04T13:41:07.175Z,buy,9.4e-07,359.0,0.00033746
YOYOW/BTC,1588600979622,2020-05-04T14:02:59.622Z,buy,9.4e-07,149.0,0.00014006
YOYOW/BTC,1588601873511,2020-05-04T14:17:53.511Z,buy,9.4e-07,361.0,0.00033934
YOYOW/BTC,1588602401809,2020-05-04T14:26:41.809Z,buy,9.4e-07,408.0,0.00038352
YOYOW/BTC,1588602479351,2020-05-04T14:27:59.351Z,buy,9.4e-07,75555.0,0.0710217
YOYOW/BTC,1588602586282,2020-05-04T14:29:46.282Z,sell,9.3e-07,61624.0,0.05731032
YOYOW/BTC,1588602753542,2020-05-04T14:32:33.542Z,buy,9.4e-07,130094.0,0.12228836
YOYOW/BTC,1588602949980,2020-05-04T14:35:49.980Z,buy,9.4e-07,134.0,0.00012596
YOYOW/BTC,1588602957997,2020-05-04T14:35:57.997Z,buy,9.4e-07,106382.0,0.09999908
YOYOW/BTC,1588602957997,2020-05-04T14:35:57.997Z,buy,9.4e-07,106382.0,0.09999908
YOYOW/BTC,1588603307301,2020-05-04T14:41:47.301Z,buy,9.4e-07,2711.0,0.00254834
YOYOW/BTC,1588604220422,2020-05-04T14:57:00.422Z,buy,9.4e-07,77666.0,0.07300604
YOYOW/BTC,1588604719438,2020-05-04T15:05:19.438Z,sell,9.4e-07,2249.0,0.00211406
YOYOW/BTC,1588604802380,2020-05-04T15:06:42.380Z,buy,9.4e-07,108.0,0.00010152
YOYOW/BTC,1588604912283,2020-05-04T15:08:32.283Z,sell,9.3e-07,175404.0,0.16312572
YOYOW/BTC,1588605734152,2020-05-04T15:22:14.152Z,buy,9.4e-07,3295.0,0.0030973
YOYOW/BTC,1588605734152,2020-05-04T15:22:14.152Z,buy,9.4e-07,3295.0,0.0030973
YOYOW/BTC,1588606729546,2020-05-04T15:38:49.546Z,sell,9.3e-07,1037.0,0.00096441
YOYOW/BTC,1588607101406,2020-05-04T15:45:01.406Z,buy,9.4e-07,9967.0,0.00936898
YOYOW/BTC,1588607746280,2020-05-04T15:55:46.280Z,sell,9.3e-07,184426.0,0.17151618
YOYOW/BTC,1588608146131,2020-05-04T16:02:26.131Z,sell,9.3e-07,2548.0,0.00236964
YOYOW/BTC,1588608392400,2020-05-04T16:06:32.400Z,sell,9.3e-07,63231.0,0.05880483
YOYOW/BTC,1588608490900,2020-05-04T16:08:10.900Z,sell,9.3e-07,121.0,0.00011253
YOYOW/BTC,1588608501650,2020-05-04T16:08:21.650Z,buy,9.4e-07,64974.0,0.06107556
YOYOW/BTC,1588608678512,2020-05-04T16:11:18.512Z,buy,9.4e-07,107.0,0.00010058
YOYOW/BTC,1588608741413,2020-05-04T16:12:21.413Z,buy,9.4e-07,107.0,0.00010058
YOYOW/BTC,1588608795221,2020-05-04T16:13:15.221Z,buy,9.4e-07,107.0,0.00010058
YOYOW/BTC,1588609001666,2020-05-04T16:16:41.666Z,buy,9.4e-07,1187.0,0.00111578
YOYOW/BTC,1588609001666,2020-05-04T16:16:41.666Z,buy,9.4e-07,1187.0,0.00111578
YOYOW/BTC,1588609404217,2020-05-04T16:23:24.217Z,buy,9.4e-07,1373.0,0.00129062
YOYOW/BTC,1588609731378,2020-05-04T16:28:51.378Z,buy,9.4e-07,120098.0,0.11289212
YOYOW/BTC,1588609807590,2020-05-04T16:30:07.590Z,sell,9.3e-07,10205.0,0.00949065
YOYOW/BTC,1588610370016,2020-05-04T16:39:30.016Z,sell,9.3e-07,1916.0,0.00178188
YOYOW/BTC,1588612524345,2020-05-04T17:15:24.345Z,buy,9.4e-07,6400.0,0.006016
YOYOW/BTC,1588612524345,2020-05-04T17:15:24.345Z,buy,9.4e-07,6400.0,0.006016
YOYOW/BTC,1588613486663,2020-05-04T17:31:26.663Z,sell,9.3e-07,515.0,0.00047895
YOYOW/BTC,1588613514738,2020-05-04T17:31:54.738Z,buy,9.4e-07,55902.0,0.05254788
YOYOW/BTC,1588613536216,2020-05-04T17:32:16.216Z,sell,9.4e-07,71866.0,0.06755404
YOYOW/BTC,1588613989057,2020-05-04T17:39:49.057Z,sell,9.4e-07,115190.0,0.1082786
YOYOW/BTC,1588614038063,2020-05-04T17:40:38.063Z,sell,9.4e-07,29696.0,0.02791424
YOYOW/BTC,1588615655427,2020-05-04T18:07:35.427Z,sell,9.3e-07,99368.0,0.0924122399999999
YOYOW/BTC,1588615917007,2020-05-04T18:11:57.007Z,sell,9.3e-07,126533.0,0.11767569
YOYOW/BTC,1588616079654,2020-05-04T18:14:39.654Z,buy,9.4e-07,426.0,0.00040044
YOYOW/BTC,1588616079654,2020-05-04T18:14:39.654Z,buy,9.4e-07,426.0,0.00040044
YOYOW/BTC,1588616446241,2020-05-04T18:20:46.241Z,sell,9.3e-07,34473.0,0.03205989
YOYOW/BTC,1588617335204,2020-05-04T18:35:35.204Z,sell,9.3e-07,14985.0,0.01393605
YOYOW/BTC,1588618209084,2020-05-04T18:50:09.084Z,sell,9.3e-07,8389.0,0.0078017699999999
YOYOW/BTC,1588619022608,2020-05-04T19:03:42.608Z,buy,9.4e-07,7446.0,0.00699924
YOYOW/BTC,1588619160720,2020-05-04T19:06:00.720Z,buy,9.4e-07,6264.0,0.00588816
YOYOW/BTC,1588619160720,2020-05-04T19:06:00.720Z,buy,9.4e-07,6264.0,0.00588816
YOYOW/BTC,1588620295004,2020-05-04T19:24:55.004Z,buy,9.4e-07,3670.0,0.0034498
YOYOW/BTC,1588620731863,2020-05-04T19:32:11.863Z,buy,9.4e-07,4136.0,0.00388784
YOYOW/BTC,1588622143713,2020-05-04T19:55:43.713Z,buy,9.4e-07,1622.0,0.00152468
YOYOW/BTC,1588622280428,2020-05-04T19:58:00.428Z,buy,9.4e-07,31914.0,0.02999916
YOYOW/BTC,1588622715906,2020-05-04T20:05:15.906Z,buy,9.4e-07,2274.0,0.00213756
YOYOW/BTC,1588622715906,2020-05-04T20:05:15.906Z,buy,9.4e-07,2274.0,0.00213756
YOYOW/BTC,1588622779649,2020-05-04T20:06:19.649Z,buy,9.4e-07,2274.0,0.00213756
YOYOW/BTC,1588622798456,2020-05-04T20:06:38.456Z,buy,9.4e-07,500.0,0.00047
YOYOW/BTC,1588623004100,2020-05-04T20:10:04.100Z,sell,9.3e-07,2997.0,0.00278721
YOYOW/BTC,1588623600672,2020-05-04T20:20:00.672Z,sell,9.3e-07,5472.0,0.00508896
YOYOW/BTC,1588623758447,2020-05-04T20:22:38.447Z,buy,9.4e-07,1845.0,0.0017343
YOYOW/BTC,1588625048664,2020-05-04T20:44:08.664Z,buy,9.4e-07,619.0,0.00058186
YOYOW/BTC,1588625150502,2020-05-04T20:45:50.502Z,sell,9.3e-07,619.0,0.00057567
YOYOW/BTC,1588625731574,2020-05-04T20:55:31.574Z,sell,9.3e-07,5096.0,0.00473928
YOYOW/BTC,1588625811520,2020-05-04T20:56:51.520Z,sell,9.3e-07,159311.0,0.14815923
YOYOW/BTC,1588626133804,2020-05-04T21:02:13.804Z,buy,9.3e-07,113.0,0.00010509
YOYOW/BTC,1588626230594,2020-05-04T21:03:50.594Z,buy,9.3e-07,200.0,0.000186
YOYOW/BTC,1588626230594,2020-05-04T21:03:50.594Z,buy,9.3e-07,200.0,0.000186
YOYOW/BTC,1588626350428,2020-05-04T21:05:50.428Z,sell,9.2e-07,2242.0,0.00206264
YOYOW/BTC,1588626350428,2020-05-04T21:05:50.428Z,sell,9.2e-07,1542.0,0.0014186399999999
YOYOW/BTC,1588626442101,2020-05-04T21:07:22.101Z,buy,9.3e-07,6123.0,0.00569439
YOYOW/BTC,1588626530138,2020-05-04T21:08:50.138Z,buy,9.3e-07,35804.0,0.03329772
YOYOW/BTC,1588626661814,2020-05-04T21:11:01.814Z,sell,9.2e-07,851182.0,0.78308744
YOYOW/BTC,1588626708831,2020-05-04T21:11:48.831Z,buy,9.2e-07,21740.0,0.0200008
YOYOW/BTC,1588626708855,2020-05-04T21:11:48.855Z,buy,9.2e-07,21740.0,0.0200008
YOYOW/BTC,1588626722458,2020-05-04T21:12:02.458Z,sell,9.1e-07,5495.0,0.00500045
YOYOW/BTC,1588626722458,2020-05-04T21:12:02.458Z,sell,9.1e-07,10309.0,0.00938119
YOYOW/BTC,1588626722458,2020-05-04T21:12:02.458Z,sell,9.1e-07,54284.0,0.04939844
YOYOW/BTC,1588626722458,2020-05-04T21:12:02.458Z,sell,9.1e-07,3218.0,0.00292838
YOYOW/BTC,1588626722458,2020-05-04T21:12:02.458Z,sell,9.1e-07,3311.0,0.00301301
YOYOW/BTC,1588626722458,2020-05-04T21:12:02.458Z,sell,9.1e-07,1732.0,0.0015761199999999
YOYOW/BTC,1588626722458,2020-05-04T21:12:02.458Z,sell,9.1e-07,113323.0,0.10312393
YOYOW/BTC,1588626722458,2020-05-04T21:12:02.458Z,sell,9.1e-07,2453.0,0.00223223
YOYOW/BTC,1588626722458,2020-05-04T21:12:02.458Z,sell,9.1e-07,33975.0,0.03091725
YOYOW/BTC,1588626722458,2020-05-04T21:12:02.458Z,sell,9.1e-07,4153.0,0.0037792299999999
YOYOW/BTC,1588626722458,2020-05-04T21:12:02.458Z,sell,9.1e-07,1346.0,0.00122486
YOYOW/BTC,1588626722458,2020-05-04T21:12:02.458Z,sell,9.1e-07,5168.0,0.0047028799999999
YOYOW/BTC,1588626722458,2020-05-04T21:12:02.458Z,sell,9.1e-07,426.0,0.00038766
YOYOW/BTC,1588626722458,2020-05-04T21:12:02.458Z,sell,9.1e-07,1629.0,0.0014823899999999
YOYOW/BTC,1588626722458,2020-05-04T21:12:02.458Z,sell,9.1e-07,1629.0,0.0014823899999999
YOYOW/BTC,1588626722458,2020-05-04T21:12:02.458Z,sell,9.1e-07,10384.0,0.00944944
YOYOW/BTC,1588626722458,2020-05-04T21:12:02.458Z,sell,9.1e-07,8923.0,0.00811993
YOYOW/BTC,1588626722458,2020-05-04T21:12:02.458Z,sell,9.1e-07,651.0,0.00059241
YOYOW/BTC,1588626722458,2020-05-04T21:12:02.458Z,sell,9.1e-07,31882.0,0.02901262
YOYOW/BTC,1588626724848,2020-05-04T21:12:04.848Z,sell,9.1e-07,326.0,0.0002966599999999
YOYOW/BTC,1588626725385,2020-05-04T21:12:05.385Z,sell,9.1e-07,10184.0,0.00926744
YOYOW/BTC,1588626726072,2020-05-04T21:12:06.072Z,sell,9.1e-07,10205.0,0.00928655
YOYOW/BTC,1588626727573,2020-05-04T21:12:07.573Z,sell,9.1e-07,7084.0,0.0064464399999999
YOYOW/BTC,1588626728924,2020-05-04T21:12:08.924Z,buy,9.1e-07,22064.0,0.02007824
YOYOW/BTC,1588626858204,2020-05-04T21:14:18.204Z,sell,9.1e-07,1622.0,0.00147602
YOYOW/BTC,1588626932812,2020-05-04T21:15:32.812Z,sell,9.1e-07,5782.0,0.00526162
YOYOW/BTC,1588626952496,2020-05-04T21:15:52.496Z,buy,9.2e-07,112015.0,0.1030538
YOYOW/BTC,1588626959229,2020-05-04T21:15:59.229Z,buy,9.2e-07,8833.0,0.00812636
YOYOW/BTC,1588626967900,2020-05-04T21:16:07.900Z,sell,9.1e-07,2219.0,0.00201929
YOYOW/BTC,1588627004466,2020-05-04T21:16:44.466Z,buy,9.2e-07,2835.0,0.0026081999999999
YOYOW/BTC,1588627020904,2020-05-04T21:17:00.904Z,buy,9.2e-07,104068.0,0.09574256
YOYOW/BTC,1588627023100,2020-05-04T21:17:03.100Z,buy,9.2e-07,4043.0,0.00371956
YOYOW/BTC,1588627023852,2020-05-04T21:17:03.852Z,buy,9.2e-07,7633.0,0.00702236
YOYOW/BTC,1588627026200,2020-05-04T21:17:06.200Z,buy,9.2e-07,22667.0,0.02085364
YOYOW/BTC,1588627029183,2020-05-04T21:17:09.183Z,buy,9.2e-07,682.0,0.0006274399999999
YOYOW/BTC,1588627030314,2020-05-04T21:17:10.314Z,buy,9.2e-07,3036.0,0.00279312
YOYOW/BTC,1588627030802,2020-05-04T21:17:10.802Z,buy,9.2e-07,196.0,0.00018032
YOYOW/BTC,1588627030941,2020-05-04T21:17:10.941Z,buy,9.2e-07,16732.0,0.01539344
YOYOW/BTC,1588627040695,2020-05-04T21:17:20.695Z,buy,9.2e-07,119.0,0.00010948
YOYOW/BTC,1588627048915,2020-05-04T21:17:28.915Z,buy,9.2e-07,185.0,0.0001702
YOYOW/BTC,1588627129334,2020-05-04T21:18:49.334Z,buy,9.2e-07,1200.0,0.001104
YOYOW/BTC,1588627149283,2020-05-04T21:19:09.283Z,buy,9.2e-07,10000.0,0.0092
YOYOW/BTC,1588627197109,2020-05-04T21:19:57.109Z,buy,9.2e-07,39660.0,0.0364872
YOYOW/BTC,1588627529754,2020-05-04T21:25:29.754Z,sell,9.1e-07,13982.0,0.01272362
YOYOW/BTC,1588627649705,2020-05-04T21:27:29.705Z,buy,9.2e-07,1351.0,0.00124292
YOYOW/BTC,1588627763645,2020-05-04T21:29:23.645Z,buy,9.2e-07,27793.0,0.0255695599999999
YOYOW/BTC,1588627876045,2020-05-04T21:31:16.045Z,buy,9.3e-07,325.0,0.00030225
YOYOW/BTC,1588628466565,2020-05-04T21:41:06.565Z,sell,9.2e-07,36074.0,0.03318808
YOYOW/BTC,1588629072860,2020-05-04T21:51:12.860Z,sell,9.2e-07,24021.0,0.02209932
YOYOW/BTC,1588629516248,2020-05-04T21:58:36.248Z,sell,9.2e-07,31516.0,0.0289947199999999
YOYOW/BTC,1588629800419,2020-05-04T22:03:20.419Z,buy,9.3e-07,78964.0,0.07343652
YOYOW/BTC,1588629825851,2020-05-04T22:03:45.851Z,sell,9.1e-07,86329.0,0.0785593899999999
YOYOW/BTC,1588629825851,2020-05-04T22:03:45.851Z,sell,9.1e-07,86329.0,0.0785593899999999
YOYOW/BTC,1588629873831,2020-05-04T22:04:33.831Z,sell,9.1e-07,16618.0,0.01512238
YOYOW/BTC,1588630568809,2020-05-04T22:16:08.809Z,sell,9.1e-07,665.0,0.0006051499999999
YOYOW/BTC,1588631301500,2020-05-04T22:28:21.500Z,sell,9.2e-07,165.0,0.0001518
YOYOW/BTC,1588631368102,2020-05-04T22:29:28.102Z,buy,9.2e-07,1238.0,0.00113896
YOYOW/BTC,1588631398047,2020-05-04T22:29:58.047Z,buy,9.2e-07,60067.0,0.05526164
YOYOW/BTC,1588631458479,2020-05-04T22:30:58.479Z,buy,9.2e-07,6544.0,0.00602048
YOYOW/BTC,1588631553671,2020-05-04T22:32:33.671Z,sell,9.1e-07,13445.0,0.01223495
YOYOW/BTC,1588631616700,2020-05-04T22:33:36.700Z,buy,9.2e-07,217.0,0.00019964
YOYOW/BTC,1588631775371,2020-05-04T22:36:15.371Z,buy,9.2e-07,543.0,0.00049956
YOYOW/BTC,1588631777662,2020-05-04T22:36:17.662Z,buy,9.2e-07,4000.0,0.00368
YOYOW/BTC,1588631833074,2020-05-04T22:37:13.074Z,buy,9.2e-07,2004.0,0.0018436799999999
YOYOW/BTC,1588631851789,2020-05-04T22:37:31.789Z,buy,9.2e-07,2004.0,0.0018436799999999
YOYOW/BTC,1588631852094,2020-05-04T22:37:32.094Z,buy,9.2e-07,3000.0,0.00276
YOYOW/BTC,1588632007463,2020-05-04T22:40:07.463Z,buy,9.2e-07,2410.0,0.0022172
YOYOW/BTC,1588632481442,2020-05-04T22:48:01.442Z,buy,9.2e-07,3004.0,0.00276368
YOYOW/BTC,1588632617872,2020-05-04T22:50:17.872Z,buy,9.2e-07,2002.0,0.00184184
YOYOW/BTC,1588632835059,2020-05-04T22:53:55.059Z,sell,9.1e-07,13312.0,0.01211392
YOYOW/BTC,1588632857345,2020-05-04T22:54:17.345Z,buy,9.2e-07,1446.0,0.00133032
YOYOW/BTC,1588632956634,2020-05-04T22:55:56.634Z,buy,9.2e-07,17391.0,0.01599972
YOYOW/BTC,1588633291580,2020-05-04T23:01:31.580Z,buy,9.2e-07,115847.0,0.1065792399999999
YOYOW/BTC,1588633291580,2020-05-04T23:01:31.580Z,buy,9.2e-07,115847.0,0.1065792399999999
YOYOW/BTC,1588633440733,2020-05-04T23:04:00.733Z,sell,9.2e-07,112108.0,0.10313936
YOYOW/BTC,1588633444319,2020-05-04T23:04:04.319Z,buy,9.2e-07,5000.0,0.0046
YOYOW/BTC,1588633553950,2020-05-04T23:05:53.950Z,sell,9.2e-07,70077.0,0.06447084
YOYOW/BTC,1588633870054,2020-05-04T23:11:10.054Z,buy,9.2e-07,1277.0,0.00117484
YOYOW/BTC,1588633933226,2020-05-04T23:12:13.226Z,buy,9.2e-07,2733.0,0.0025143599999999
YOYOW/BTC,1588633950034,2020-05-04T23:12:30.034Z,buy,9.2e-07,7985.0,0.0073462
YOYOW/BTC,1588634471657,2020-05-04T23:21:11.657Z,sell,9.2e-07,6745.0,0.0062054
YOYOW/BTC,1588634513858,2020-05-04T23:21:53.858Z,sell,9.1e-07,7599.0,0.00691509
YOYOW/BTC,1588634585066,2020-05-04T23:23:05.066Z,buy,9.3e-07,13732.0,0.0127707599999999
YOYOW/BTC,1588634857921,2020-05-04T23:27:37.921Z,buy,9.3e-07,26881.0,0.02499933
YOYOW/BTC,1588635468944,2020-05-04T23:37:48.944Z,sell,9.2e-07,3160.0,0.0029072
YOYOW/BTC,1588636035745,2020-05-04T23:47:15.745Z,sell,9.2e-07,184.0,0.00016928
YOYOW/BTC,1588636625457,2020-05-04T23:57:05.457Z,buy,9.3e-07,682.0,0.00063426
YOYOW/BTC,1588636625457,2020-05-04T23:57:05.457Z,buy,9.3e-07,682.0,0.00063426
YOYOW/BTC,1588637378456,2020-05-05T00:09:38.456Z,sell,9.2e-07,22667.0,0.02085364
YOYOW/BTC,1588637855119,2020-05-05T00:17:35.119Z,sell,9.2e-07,85732.0,0.07887344
YOYOW/BTC,1588637855119,2020-05-05T00:17:35.119Z,sell,9.2e-07,85732.0,0.07887344
YOYOW/BTC,1588640987305,2020-05-05T01:09:47.305Z,buy,9.3e-07,60000.0,0.0558
YOYOW/BTC,1588640987305,2020-05-05T01:09:47.305Z,buy,9.3e-07,60000.0,0.0558
YOYOW/BTC,1588642828979,2020-05-05T01:40:28.979Z,sell,9.2e-07,79952.0,0.07355584
YOYOW/BTC,1588642899077,2020-05-05T01:41:39.077Z,buy,9.3e-07,1000.0,0.0009299999999999
YOYOW/BTC,1588643615184,2020-05-05T01:53:35.184Z,buy,9.3e-07,626.0,0.00058218
YOYOW/BTC,1588643718473,2020-05-05T01:55:18.473Z,sell,9.2e-07,626.0,0.00057592
YOYOW/BTC,1588643718473,2020-05-05T01:55:18.473Z,sell,9.2e-07,626.0,0.00057592
YOYOW/BTC,1588644885236,2020-05-05T02:14:45.236Z,buy,9.3e-07,3072.0,0.00285696
YOYOW/BTC,1588645573203,2020-05-05T02:26:13.203Z,buy,9.3e-07,108.0,0.00010044
YOYOW/BTC,1588645633064,2020-05-05T02:27:13.064Z,buy,9.3e-07,108.0,0.00010044
YOYOW/BTC,1588645633064,2020-05-05T02:27:13.064Z,buy,9.3e-07,108.0,0.00010044
YOYOW/BTC,1588648041174,2020-05-05T03:07:21.174Z,sell,9.2e-07,45161.0,0.04154812
YOYOW/BTC,1588649191345,2020-05-05T03:26:31.345Z,sell,9.2e-07,50294.0,0.0462704799999999
YOYOW/BTC,1588649191345,2020-05-05T03:26:31.345Z,sell,9.2e-07,50294.0,0.0462704799999999
YOYOW/BTC,1588650584083,2020-05-05T03:49:44.083Z,buy,9.3e-07,169.0,0.00015717
YOYOW/BTC,1588650611040,2020-05-05T03:50:11.040Z,buy,9.3e-07,179.0,0.00016647
YOYOW/BTC,1588651154376,2020-05-05T03:59:14.376Z,sell,9.2e-07,117943.0,0.10850756
YOYOW/BTC,1588651154376,2020-05-05T03:59:14.376Z,sell,9.2e-07,117943.0,0.10850756
YOYOW/BTC,1588652973203,2020-05-05T04:29:33.203Z,sell,9.2e-07,80000.0,0.0736
YOYOW/BTC,1588653105179,2020-05-05T04:31:45.179Z,buy,9.3e-07,53763.0,0.04999959
YOYOW/BTC,1588653123296,2020-05-05T04:32:03.296Z,sell,9.2e-07,72096.0,0.06632832
YOYOW/BTC,1588653123421,2020-05-05T04:32:03.421Z,sell,9.2e-07,67682.0,0.06226744
YOYOW/BTC,1588654275256,2020-05-05T04:51:15.256Z,sell,9.1e-07,794.0,0.0007225399999999
YOYOW/BTC,1588654339420,2020-05-05T04:52:19.420Z,sell,9.1e-07,3068.0,0.00279188
YOYOW/BTC,1588654339896,2020-05-05T04:52:19.896Z,sell,9.1e-07,359.0,0.00032669
YOYOW/BTC,1588654352456,2020-05-05T04:52:32.456Z,sell,9.1e-07,244372.0,0.22237852
YOYOW/BTC,1588654378416,2020-05-05T04:52:58.416Z,buy,9.1e-07,7692.0,0.00699972
YOYOW/BTC,1588654504344,2020-05-05T04:55:04.344Z,sell,9e-07,6400.0,0.0057599999999999
YOYOW/BTC,1588654504344,2020-05-05T04:55:04.344Z,sell,9e-07,27739.0,0.0249651
YOYOW/BTC,1588654504344,2020-05-05T04:55:04.344Z,sell,9e-07,5000.0,0.0045
YOYOW/BTC,1588654504344,2020-05-05T04:55:04.344Z,sell,9e-07,2500.0,0.00225
YOYOW/BTC,1588654504344,2020-05-05T04:55:04.344Z,sell,9e-07,2500.0,0.00225
YOYOW/BTC,1588654504344,2020-05-05T04:55:04.344Z,sell,9e-07,5000.0,0.0045
YOYOW/BTC,1588654504344,2020-05-05T04:55:04.344Z,sell,9e-07,407.0,0.0003662999999999
YOYOW/BTC,1588654504344,2020-05-05T04:55:04.344Z,sell,9e-07,33750.0,0.030375
YOYOW/BTC,1588654504344,2020-05-05T04:55:04.344Z,sell,9e-07,1800.0,0.00162
YOYOW/BTC,1588654504344,2020-05-05T04:55:04.344Z,sell,9e-07,3466.0,0.0031194
YOYOW/BTC,1588654504344,2020-05-05T04:55:04.344Z,sell,9e-07,124.0,0.0001115999999999
YOYOW/BTC,1588654504344,2020-05-05T04:55:04.344Z,sell,9e-07,126864.0,0.1141775999999999
YOYOW/BTC,1588654504344,2020-05-05T04:55:04.344Z,sell,9e-07,2088.0,0.0018792
YOYOW/BTC,1588654504344,2020-05-05T04:55:04.344Z,sell,9e-07,400.0,0.0003599999999999
YOYOW/BTC,1588654504344,2020-05-05T04:55:04.344Z,sell,9e-07,2083.0,0.0018747
YOYOW/BTC,1588654504344,2020-05-05T04:55:04.344Z,sell,9e-07,157050.0,0.141345
YOYOW/BTC,1588654504344,2020-05-05T04:55:04.344Z,sell,9e-07,4138.0,0.0037242
YOYOW/BTC,1588654504344,2020-05-05T04:55:04.344Z,sell,9e-07,75314.0,0.0677826
YOYOW/BTC,1588654504344,2020-05-05T04:55:04.344Z,sell,8.9e-07,209876.0,0.1867896399999999
YOYOW/BTC,1588654504344,2020-05-05T04:55:04.344Z,sell,8.9e-07,142595.0,0.1269095499999999
YOYOW/BTC,1588654504344,2020-05-05T04:55:04.344Z,sell,8.9e-07,142596.0,0.1269104399999999
YOYOW/BTC,1588654504344,2020-05-05T04:55:04.344Z,sell,8.9e-07,8242.0,0.00733538
YOYOW/BTC,1588654504344,2020-05-05T04:55:04.344Z,sell,8.9e-07,2060.0,0.0018333999999999
YOYOW/BTC,1588654504344,2020-05-05T04:55:04.344Z,sell,8.9e-07,6182.0,0.00550198
YOYOW/BTC,1588654504344,2020-05-05T04:55:04.344Z,sell,8.9e-07,20482.0,0.01822898
YOYOW/BTC,1588654504344,2020-05-05T04:55:04.344Z,sell,8.9e-07,4577.0,0.00407353
YOYOW/BTC,1588654504344,2020-05-05T04:55:04.344Z,sell,8.9e-07,1816.0,0.00161624
YOYOW/BTC,1588654504344,2020-05-05T04:55:04.344Z,sell,8.9e-07,1816.0,0.00161624
YOYOW/BTC,1588654504344,2020-05-05T04:55:04.344Z,sell,8.9e-07,1816.0,0.00161624
YOYOW/BTC,1588654504344,2020-05-05T04:55:04.344Z,sell,8.9e-07,150.0,0.0001335
YOYOW/BTC,1588654504344,2020-05-05T04:55:04.344Z,sell,8.9e-07,1039.0,0.0009247099999999
YOYOW/BTC,1588654504344,2020-05-05T04:55:04.344Z,sell,8.9e-07,249.0,0.00022161
YOYOW/BTC,1588654504344,2020-05-05T04:55:04.344Z,sell,8.9e-07,187.0,0.00016643
YOYOW/BTC,1588654504344,2020-05-05T04:55:04.344Z,sell,8.9e-07,140.0,0.0001246
YOYOW/BTC,1588654504344,2020-05-05T04:55:04.344Z,sell,8.9e-07,211.0,0.00018779
YOYOW/BTC,1588654504344,2020-05-05T04:55:04.344Z,sell,8.9e-07,212.0,0.00018868
YOYOW/BTC,1588654504344,2020-05-05T04:55:04.344Z,sell,8.9e-07,14230.0,0.0126647
YOYOW/BTC,1588654504344,2020-05-05T04:55:04.344Z,sell,8.9e-07,806.0,0.0007173399999999
YOYOW/BTC,1588654504344,2020-05-05T04:55:04.344Z,sell,8.9e-07,1200.0,0.001068
YOYOW/BTC,1588654504344,2020-05-05T04:55:04.344Z,sell,8.9e-07,10418.0,0.0092720199999999
YOYOW/BTC,1588654504344,2020-05-05T04:55:04.344Z,sell,8.9e-07,52892.0,0.04707388
YOYOW/BTC,1588654504344,2020-05-05T04:55:04.344Z,sell,8.9e-07,400.0,0.000356
YOYOW/BTC,1588654506027,2020-05-05T04:55:06.027Z,sell,8.9e-07,666.0,0.00059274
YOYOW/BTC,1588654506689,2020-05-05T04:55:06.689Z,sell,8.9e-07,333.0,0.00029637
YOYOW/BTC,1588654516019,2020-05-05T04:55:16.019Z,buy,9e-07,18587.0,0.0167282999999999
YOYOW/BTC,1588654564937,2020-05-05T04:56:04.937Z,sell,9e-07,5556.0,0.0050003999999999
YOYOW/BTC,1588654641540,2020-05-05T04:57:21.540Z,sell,9e-07,21089.0,0.0189801
YOYOW/BTC,1588654641540,2020-05-05T04:57:21.540Z,sell,9e-07,21089.0,0.0189801
YOYOW/BTC,1588654838706,2020-05-05T05:00:38.706Z,buy,9.1e-07,72.0,6.552e-05
YOYOW/BTC,1588654938364,2020-05-05T05:02:18.364Z,sell,9e-07,1152.0,0.0010368
YOYOW/BTC,1588655013162,2020-05-05T05:03:33.162Z,sell,9e-07,1497.0,0.0013472999999999
YOYOW/BTC,1588655080545,2020-05-05T05:04:40.545Z,sell,9e-07,9080.0,0.008172
YOYOW/BTC,1588655113852,2020-05-05T05:05:13.852Z,sell,9e-07,52397.0,0.0471573
YOYOW/BTC,1588655838912,2020-05-05T05:17:18.912Z,sell,9e-07,200.0,0.0001799999999999
YOYOW/BTC,1588655923172,2020-05-05T05:18:43.172Z,buy,9.1e-07,34.0,3.094e-05
YOYOW/BTC,1588656806679,2020-05-05T05:33:26.679Z,sell,9e-07,911.0,0.0008198999999999
YOYOW/BTC,1588656806679,2020-05-05T05:33:26.679Z,sell,8.9e-07,19417.0,0.01728113
YOYOW/BTC,1588657069015,2020-05-05T05:37:49.015Z,buy,9.1e-07,60067.0,0.0546609699999999
YOYOW/BTC,1588657107073,2020-05-05T05:38:27.073Z,buy,9.1e-07,2269.0,0.00206479
YOYOW/BTC,1588657208980,2020-05-05T05:40:08.980Z,sell,9e-07,6213.0,0.0055917
YOYOW/BTC,1588657222665,2020-05-05T05:40:22.665Z,buy,9.1e-07,111.0,0.00010101
YOYOW/BTC,1588657242712,2020-05-05T05:40:42.712Z,buy,9.1e-07,17000.0,0.01547
YOYOW/BTC,1588657263585,2020-05-05T05:41:03.585Z,buy,9.1e-07,10012.0,0.00911092
YOYOW/BTC,1588657263585,2020-05-05T05:41:03.585Z,buy,9.1e-07,10012.0,0.00911092
YOYOW/BTC,1588659440397,2020-05-05T06:17:20.397Z,buy,9.1e-07,213.0,0.00019383
YOYOW/BTC,1588659781870,2020-05-05T06:23:01.870Z,buy,9.1e-07,579.0,0.00052689
YOYOW/BTC,1588659932104,2020-05-05T06:25:32.104Z,sell,9e-07,17350.0,0.0156149999999999
YOYOW/BTC,1588660371121,2020-05-05T06:32:51.121Z,buy,9.1e-07,111.0,0.00010101
YOYOW/BTC,1588660371121,2020-05-05T06:32:51.121Z,buy,9.1e-07,111.0,0.00010101
YOYOW/BTC,1588660951829,2020-05-05T06:42:31.829Z,buy,9.1e-07,15670.0,0.0142597
YOYOW/BTC,1588661425663,2020-05-05T06:50:25.663Z,sell,9e-07,165.0,0.0001485
YOYOW/BTC,1588662074559,2020-05-05T07:01:14.559Z,buy,9.1e-07,581.0,0.0005287099999999
YOYOW/BTC,1588663667627,2020-05-05T07:27:47.627Z,buy,9.1e-07,2875.0,0.00261625
YOYOW/BTC,1588663833911,2020-05-05T07:30:33.911Z,sell,9e-07,78868.0,0.0709812
YOYOW/BTC,1588663833911,2020-05-05T07:30:33.911Z,sell,9e-07,78868.0,0.0709812
YOYOW/BTC,1588663995448,2020-05-05T07:33:15.448Z,buy,9.1e-07,1724.0,0.00156884
YOYOW/BTC,1588664831621,2020-05-05T07:47:11.621Z,sell,9e-07,2266.0,0.0020394
YOYOW/BTC,1588664888233,2020-05-05T07:48:08.233Z,buy,9.1e-07,111.0,0.00010101
YOYOW/BTC,1588666655368,2020-05-05T08:17:35.368Z,buy,9.1e-07,131.0,0.0001192099999999
YOYOW/BTC,1588666682942,2020-05-05T08:18:02.942Z,buy,9.1e-07,1231.0,0.00112021
YOYOW/BTC,1588666852497,2020-05-05T08:20:52.497Z,buy,9.1e-07,1340.0,0.0012194
YOYOW/BTC,1588667117047,2020-05-05T08:25:17.047Z,buy,9.1e-07,772.0,0.00070252
YOYOW/BTC,1588667141368,2020-05-05T08:25:41.368Z,buy,9.1e-07,170.0,0.0001547
YOYOW/BTC,1588667317124,2020-05-05T08:28:37.124Z,buy,9.1e-07,600.0,0.0005459999999999
YOYOW/BTC,1588667317124,2020-05-05T08:28:37.124Z,buy,9.1e-07,600.0,0.0005459999999999
YOYOW/BTC,1588667504675,2020-05-05T08:31:44.675Z,buy,9.1e-07,799.0,0.00072709
YOYOW/BTC,1588667579062,2020-05-05T08:32:59.062Z,buy,9.1e-07,485.0,0.0004413499999999
YOYOW/BTC,1588667641977,2020-05-05T08:34:01.977Z,buy,9.1e-07,1513.0,0.00137683
YOYOW/BTC,1588667667166,2020-05-05T08:34:27.166Z,buy,9.1e-07,1134.0,0.00103194
YOYOW/BTC,1588667717730,2020-05-05T08:35:17.730Z,buy,9.1e-07,746.0,0.00067886
YOYOW/BTC,1588667743314,2020-05-05T08:35:43.314Z,buy,9.1e-07,423.0,0.0003849299999999
YOYOW/BTC,1588667778485,2020-05-05T08:36:18.485Z,buy,9.1e-07,122.0,0.0001110199999999
YOYOW/BTC,1588667847655,2020-05-05T08:37:27.655Z,buy,9.1e-07,482.0,0.0004386199999999
YOYOW/BTC,1588667850079,2020-05-05T08:37:30.079Z,buy,9.1e-07,189.0,0.0001719899999999
YOYOW/BTC,1588667859006,2020-05-05T08:37:39.006Z,buy,9.1e-07,141.0,0.00012831
YOYOW/BTC,1588667902052,2020-05-05T08:38:22.052Z,sell,9e-07,123309.0,0.1109781
YOYOW/BTC,1588668021569,2020-05-05T08:40:21.569Z,buy,9.1e-07,3153.0,0.00286923
YOYOW/BTC,1588668169198,2020-05-05T08:42:49.198Z,buy,9.1e-07,1211.0,0.00110201
YOYOW/BTC,1588668207082,2020-05-05T08:43:27.082Z,buy,9.1e-07,533.0,0.00048503
YOYOW/BTC,1588668230495,2020-05-05T08:43:50.495Z,buy,9.1e-07,2372.0,0.00215852
YOYOW/BTC,1588668248676,2020-05-05T08:44:08.676Z,buy,9.1e-07,407.0,0.0003703699999999
YOYOW/BTC,1588668358087,2020-05-05T08:45:58.087Z,buy,9.1e-07,246.0,0.00022386
YOYOW/BTC,1588668504799,2020-05-05T08:48:24.799Z,buy,9.1e-07,302.0,0.00027482
YOYOW/BTC,1588668564082,2020-05-05T08:49:24.082Z,buy,9.1e-07,893.0,0.00081263
YOYOW/BTC,1588668628748,2020-05-05T08:50:28.748Z,buy,9.1e-07,403.0,0.00036673
YOYOW/BTC,1588668646318,2020-05-05T08:50:46.318Z,buy,9.1e-07,919.0,0.00083629
YOYOW/BTC,1588668697392,2020-05-05T08:51:37.392Z,buy,9.1e-07,926.0,0.00084266
YOYOW/BTC,1588668936853,2020-05-05T08:55:36.853Z,buy,9.1e-07,209.0,0.00019019
YOYOW/BTC,1588668947104,2020-05-05T08:55:47.104Z,buy,9.1e-07,3189.0,0.0029019899999999
YOYOW/BTC,1588668961886,2020-05-05T08:56:01.886Z,buy,9.1e-07,824.0,0.00074984
YOYOW/BTC,1588668987338,2020-05-05T08:56:27.338Z,buy,9.1e-07,851.0,0.00077441
YOYOW/BTC,1588669109287,2020-05-05T08:58:29.287Z,buy,9.1e-07,193.0,0.00017563
YOYOW/BTC,1588669137789,2020-05-05T08:58:57.789Z,buy,9.1e-07,144.0,0.00013104
YOYOW/BTC,1588669159965,2020-05-05T08:59:19.965Z,buy,9.1e-07,1500.0,0.001365
YOYOW/BTC,1588669167247,2020-05-05T08:59:27.247Z,buy,9.1e-07,735.0,0.00066885
YOYOW/BTC,1588669259731,2020-05-05T09:00:59.731Z,buy,9.1e-07,531.0,0.00048321
YOYOW/BTC,1588669485868,2020-05-05T09:04:45.868Z,buy,9.1e-07,1779.0,0.00161889
YOYOW/BTC,1588669712805,2020-05-05T09:08:32.805Z,buy,9.1e-07,2840.0,0.0025843999999999
YOYOW/BTC,1588669843997,2020-05-05T09:10:43.997Z,buy,9.1e-07,3426.0,0.00311766
YOYOW/BTC,1588669905457,2020-05-05T09:11:45.457Z,buy,9.1e-07,11690.0,0.0106379
YOYOW/BTC,1588670138418,2020-05-05T09:15:38.418Z,buy,9.1e-07,3406.0,0.00309946
YOYOW/BTC,1588670152443,2020-05-05T09:15:52.443Z,buy,9.1e-07,1154.0,0.00105014
YOYOW/BTC,1588670365917,2020-05-05T09:19:25.917Z,buy,9.1e-07,353.0,0.00032123
YOYOW/BTC,1588670418621,2020-05-05T09:20:18.621Z,buy,9.1e-07,1098.0,0.00099918
YOYOW/BTC,1588670603202,2020-05-05T09:23:23.202Z,sell,9e-07,17391.0,0.0156519
YOYOW/BTC,1588670603202,2020-05-05T09:23:23.202Z,sell,9e-07,17391.0,0.0156519
YOYOW/BTC,1588670999255,2020-05-05T09:29:59.255Z,buy,9.1e-07,2000.0,0.00182
YOYOW/BTC,1588671026845,2020-05-05T09:30:26.845Z,buy,9.1e-07,2146.0,0.0019528599999999
YOYOW/BTC,1588671101396,2020-05-05T09:31:41.396Z,buy,9.1e-07,295.0,0.00026845
YOYOW/BTC,1588671151415,2020-05-05T09:32:31.415Z,sell,9e-07,62734.0,0.0564606
YOYOW/BTC,1588671298474,2020-05-05T09:34:58.474Z,buy,9.1e-07,66084.0,0.06013644
YOYOW/BTC,1588671327167,2020-05-05T09:35:27.167Z,buy,9.1e-07,137142.0,0.12479922
YOYOW/BTC,1588671433645,2020-05-05T09:37:13.645Z,buy,9.1e-07,115.0,0.00010465
YOYOW/BTC,1588671461281,2020-05-05T09:37:41.281Z,buy,9.1e-07,549.0,0.00049959
YOYOW/BTC,1588671588021,2020-05-05T09:39:48.021Z,buy,9.1e-07,158.0,0.0001437799999999
YOYOW/BTC,1588671808545,2020-05-05T09:43:28.545Z,buy,9.1e-07,833.0,0.0007580299999999
YOYOW/BTC,1588672286969,2020-05-05T09:51:26.969Z,buy,9.1e-07,1000.0,0.00091
YOYOW/BTC,1588672309656,2020-05-05T09:51:49.656Z,buy,9.1e-07,1200.0,0.0010919999999999
YOYOW/BTC,1588672814006,2020-05-05T10:00:14.006Z,sell,9e-07,21255.0,0.0191295
YOYOW/BTC,1588672852110,2020-05-05T10:00:52.110Z,buy,9.1e-07,2417.0,0.00219947
YOYOW/BTC,1588672879744,2020-05-05T10:01:19.744Z,sell,9e-07,360.0,0.0003239999999999
YOYOW/BTC,1588672940279,2020-05-05T10:02:20.279Z,buy,9.1e-07,76471.0,0.06958861
YOYOW/BTC,1588672961242,2020-05-05T10:02:41.242Z,buy,9.1e-07,55603.0,0.05059873
YOYOW/BTC,1588672972801,2020-05-05T10:02:52.801Z,sell,9.1e-07,8463.0,0.00770133
YOYOW/BTC,1588673015420,2020-05-05T10:03:35.420Z,buy,9.1e-07,5067.0,0.00461097
YOYOW/BTC,1588673322464,2020-05-05T10:08:42.464Z,buy,9.1e-07,5494.0,0.00499954
YOYOW/BTC,1588673525234,2020-05-05T10:12:05.234Z,buy,9.1e-07,75761.0,0.06894251
YOYOW/BTC,1588673842601,2020-05-05T10:17:22.601Z,buy,9.2e-07,22129.0,0.02035868
YOYOW/BTC,1588673894864,2020-05-05T10:18:14.864Z,sell,9.1e-07,231.0,0.0002102099999999
YOYOW/BTC,1588673982368,2020-05-05T10:19:42.368Z,sell,9.1e-07,200.0,0.000182
YOYOW/BTC,1588673982368,2020-05-05T10:19:42.368Z,sell,9.1e-07,200.0,0.000182
YOYOW/BTC,1588674520611,2020-05-05T10:28:40.611Z,buy,9.2e-07,800.0,0.000736
YOYOW/BTC,1588674549768,2020-05-05T10:29:09.768Z,sell,9.1e-07,76471.0,0.06958861
YOYOW/BTC,1588674748334,2020-05-05T10:32:28.334Z,sell,9.1e-07,11314.0,0.01029574
YOYOW/BTC,1588675827304,2020-05-05T10:50:27.304Z,sell,9.1e-07,25016.0,0.02276456
YOYOW/BTC,1588676723499,2020-05-05T11:05:23.499Z,buy,9.1e-07,132.0,0.00012012
YOYOW/BTC,1588676763076,2020-05-05T11:06:03.076Z,sell,9.1e-07,3504.0,0.00318864
YOYOW/BTC,1588676763076,2020-05-05T11:06:03.076Z,sell,9e-07,12265.0,0.0110385
YOYOW/BTC,1588676763076,2020-05-05T11:06:03.076Z,sell,9.1e-07,3504.0,0.00318864
YOYOW/BTC,1588676763076,2020-05-05T11:06:03.076Z,sell,9e-07,12265.0,0.0110385
YOYOW/BTC,1588677631025,2020-05-05T11:20:31.025Z,buy,9.1e-07,64681.0,0.0588597099999999
YOYOW/BTC,1588677886859,2020-05-05T11:24:46.859Z,buy,9.1e-07,113.0,0.00010283
YOYOW/BTC,1588678231979,2020-05-05T11:30:31.979Z,sell,9e-07,150.0,0.000135
YOYOW/BTC,1588678341052,2020-05-05T11:32:21.052Z,sell,9e-07,749.0,0.0006741
YOYOW/BTC,1588678458448,2020-05-05T11:34:18.448Z,buy,9.1e-07,36347.0,0.03307577
YOYOW/BTC,1588678466831,2020-05-05T11:34:26.831Z,buy,9.2e-07,423213.0,0.38935596
YOYOW/BTC,1588678473847,2020-05-05T11:34:33.847Z,sell,9.1e-07,1086.0,0.00098826
YOYOW/BTC,1588678473847,2020-05-05T11:34:33.847Z,sell,9e-07,63.0,5.67e-05
YOYOW/BTC,1588678872109,2020-05-05T11:41:12.109Z,buy,9.2e-07,109.0,0.00010028
YOYOW/BTC,1588678890451,2020-05-05T11:41:30.451Z,sell,9.1e-07,58677.0,0.05339607
YOYOW/BTC,1588679111855,2020-05-05T11:45:11.855Z,sell,9.1e-07,9698.0,0.00882518
YOYOW/BTC,1588679111855,2020-05-05T11:45:11.855Z,sell,9.1e-07,9698.0,0.00882518
YOYOW/BTC,1588680486365,2020-05-05T12:08:06.365Z,sell,9.1e-07,919.0,0.00083629
YOYOW/BTC,1588680738527,2020-05-05T12:12:18.527Z,buy,9.2e-07,554.0,0.00050968
YOYOW/BTC,1588681040165,2020-05-05T12:17:20.165Z,buy,9.2e-07,1086.0,0.00099912
YOYOW/BTC,1588681040166,2020-05-05T12:17:20.166Z,buy,9.2e-07,1086.0,0.00099912
YOYOW/BTC,1588681040168,2020-05-05T12:17:20.168Z,buy,9.2e-07,2173.0,0.00199916
YOYOW/BTC,1588681969197,2020-05-05T12:32:49.197Z,buy,9.2e-07,110.0,0.0001012
YOYOW/BTC,1588682174255,2020-05-05T12:36:14.255Z,sell,9.1e-07,7644.0,0.00695604
YOYOW/BTC,1588682219014,2020-05-05T12:36:59.014Z,sell,9.1e-07,795.0,0.0007234499999999
YOYOW/BTC,1588682273015,2020-05-05T12:37:53.015Z,sell,9.1e-07,62735.0,0.05708885
YOYOW/BTC,1588682273015,2020-05-05T12:37:53.015Z,sell,9.1e-07,62735.0,0.05708885
YOYOW/BTC,1588682769145,2020-05-05T12:46:09.145Z,sell,9.1e-07,527.0,0.0004795699999999
YOYOW/BTC,1588683159537,2020-05-05T12:52:39.537Z,buy,9.2e-07,2513.0,0.00231196
YOYOW/BTC,1588683407686,2020-05-05T12:56:47.686Z,buy,9.2e-07,110.0,0.0001012
YOYOW/BTC,1588685437140,2020-05-05T13:30:37.140Z,sell,9.1e-07,1968.0,0.00179088
YOYOW/BTC,1588685445212,2020-05-05T13:30:45.212Z,buy,9.2e-07,2177.0,0.00200284
YOYOW/BTC,1588685445212,2020-05-05T13:30:45.212Z,buy,9.2e-07,2177.0,0.00200284
YOYOW/BTC,1588686192729,2020-05-05T13:43:12.729Z,sell,9.1e-07,20833.0,0.01895803
YOYOW/BTC,1588686204957,2020-05-05T13:43:24.957Z,buy,9.2e-07,91802.0,0.0844578399999999
YOYOW/BTC,1588686324849,2020-05-05T13:45:24.849Z,buy,9.2e-07,54347.0,0.04999924
YOYOW/BTC,1588686407235,2020-05-05T13:46:47.235Z,buy,9.2e-07,58289.0,0.05362588
YOYOW/BTC,1588686410815,2020-05-05T13:46:50.815Z,sell,9.2e-07,617.0,0.00056764
YOYOW/BTC,1588686430926,2020-05-05T13:47:10.926Z,buy,9.3e-07,1266.0,0.00117738
YOYOW/BTC,1588686708660,2020-05-05T13:51:48.660Z,buy,9.2e-07,42707.0,0.0392904399999999
YOYOW/BTC,1588686861463,2020-05-05T13:54:21.463Z,buy,9.3e-07,1889.0,0.00175677
YOYOW/BTC,1588686973358,2020-05-05T13:56:13.358Z,buy,9.3e-07,109.0,0.00010137
YOYOW/BTC,1588687327091,2020-05-05T14:02:07.091Z,sell,9.2e-07,118.0,0.00010856
YOYOW/BTC,1588687593048,2020-05-05T14:06:33.048Z,sell,9.2e-07,24114.0,0.02218488
YOYOW/BTC,1588687713879,2020-05-05T14:08:33.879Z,sell,9.2e-07,63900.0,0.058788
YOYOW/BTC,1588687758105,2020-05-05T14:09:18.105Z,sell,9.2e-07,53713.0,0.04941596
YOYOW/BTC,1588688027712,2020-05-05T14:13:47.712Z,buy,9.2e-07,579.0,0.00053268
YOYOW/BTC,1588688247561,2020-05-05T14:17:27.561Z,sell,9.2e-07,6177.0,0.00568284
YOYOW/BTC,1588688688668,2020-05-05T14:24:48.668Z,sell,9.2e-07,27483.0,0.02528436
YOYOW/BTC,1588688728669,2020-05-05T14:25:28.669Z,buy,9.2e-07,205.0,0.0001886
YOYOW/BTC,1588688926982,2020-05-05T14:28:46.982Z,sell,9.1e-07,3089.0,0.0028109899999999
YOYOW/BTC,1588688985928,2020-05-05T14:29:45.928Z,buy,9.2e-07,2830.0,0.0026035999999999
YOYOW/BTC,1588688985928,2020-05-05T14:29:45.928Z,buy,9.2e-07,2830.0,0.0026035999999999
YOYOW/BTC,1588689099211,2020-05-05T14:31:39.211Z,buy,9.2e-07,224.0,0.00020608
YOYOW/BTC,1588689397744,2020-05-05T14:36:37.744Z,sell,9.1e-07,8468.0,0.00770588
YOYOW/BTC,1588689412879,2020-05-05T14:36:52.879Z,sell,9.1e-07,8468.0,0.00770588
YOYOW/BTC,1588689421404,2020-05-05T14:37:01.404Z,sell,9.1e-07,8468.0,0.00770588
YOYOW/BTC,1588689428792,2020-05-05T14:37:08.792Z,sell,9.1e-07,8470.0,0.0077077
YOYOW/BTC,1588690720913,2020-05-05T14:58:40.913Z,buy,9.2e-07,5267.0,0.00484564
YOYOW/BTC,1588690749899,2020-05-05T14:59:09.899Z,buy,9.3e-07,109.0,0.00010137
YOYOW/BTC,1588690766639,2020-05-05T14:59:26.639Z,sell,9.2e-07,11397.0,0.01048524
YOYOW/BTC,1588690878954,2020-05-05T15:01:18.954Z,buy,9.3e-07,109.0,0.00010137
YOYOW/BTC,1588691076407,2020-05-05T15:04:36.407Z,buy,9.3e-07,109.0,0.00010137
YOYOW/BTC,1588691158561,2020-05-05T15:05:58.561Z,sell,9.2e-07,24021.0,0.02209932
YOYOW/BTC,1588691161777,2020-05-05T15:06:01.777Z,buy,9.2e-07,109.0,0.00010028
YOYOW/BTC,1588691162154,2020-05-05T15:06:02.154Z,buy,9.2e-07,109.0,0.00010028
YOYOW/BTC,1588691233756,2020-05-05T15:07:13.756Z,buy,9.2e-07,109.0,0.00010028
YOYOW/BTC,1588691233813,2020-05-05T15:07:13.813Z,buy,9.2e-07,109.0,0.00010028
YOYOW/BTC,1588691297054,2020-05-05T15:08:17.054Z,buy,9.2e-07,109.0,0.00010028
YOYOW/BTC,1588691297606,2020-05-05T15:08:17.606Z,buy,9.2e-07,109.0,0.00010028
YOYOW/BTC,1588691353206,2020-05-05T15:09:13.206Z,buy,9.2e-07,109.0,0.00010028
YOYOW/BTC,1588691353206,2020-05-05T15:09:13.206Z,buy,9.2e-07,109.0,0.00010028
YOYOW/BTC,1588692775573,2020-05-05T15:32:55.573Z,sell,9.1e-07,129150.0,0.1175264999999999
YOYOW/BTC,1588692791329,2020-05-05T15:33:11.329Z,buy,9.2e-07,62526.0,0.05752392
YOYOW/BTC,1588692879089,2020-05-05T15:34:39.089Z,sell,9.2e-07,11436.0,0.01052112
YOYOW/BTC,1588694074565,2020-05-05T15:54:34.565Z,buy,9.2e-07,2174.0,0.00200008
YOYOW/BTC,1588694080088,2020-05-05T15:54:40.088Z,buy,9.2e-07,2174.0,0.00200008
YOYOW/BTC,1588694086000,2020-05-05T15:54:46.000Z,buy,9.2e-07,4352.0,0.00400384
YOYOW/BTC,1588694139560,2020-05-05T15:55:39.560Z,buy,9.2e-07,1304.0,0.00119968
YOYOW/BTC,1588694400911,2020-05-05T16:00:00.911Z,sell,9.1e-07,195.0,0.00017745
YOYOW/BTC,1588694431003,2020-05-05T16:00:31.003Z,buy,9.2e-07,24490.0,0.0225308
YOYOW/BTC,1588694431003,2020-05-05T16:00:31.003Z,buy,9.2e-07,24490.0,0.0225308
YOYOW/BTC,1588695853526,2020-05-05T16:24:13.526Z,buy,9.2e-07,110.0,0.0001012
YOYOW/BTC,1588695945287,2020-05-05T16:25:45.287Z,buy,9.2e-07,10000.0,0.0092
YOYOW/BTC,1588696688476,2020-05-05T16:38:08.476Z,buy,9.2e-07,874.0,0.00080408
YOYOW/BTC,1588697068313,2020-05-05T16:44:28.313Z,sell,9.1e-07,3720.0,0.0033852
YOYOW/BTC,1588697068313,2020-05-05T16:44:28.313Z,sell,9.1e-07,3720.0,0.0033852
YOYOW/BTC,1588699177954,2020-05-05T17:19:37.954Z,sell,9.1e-07,123078.0,0.11200098
YOYOW/BTC,1588699198157,2020-05-05T17:19:58.157Z,sell,9.1e-07,110929.0,0.10094539
YOYOW/BTC,1588699449069,2020-05-05T17:24:09.069Z,sell,9.1e-07,8536.0,0.0077677599999999
YOYOW/BTC,1588699452640,2020-05-05T17:24:12.640Z,buy,9.1e-07,110.0,0.0001001
YOYOW/BTC,1588699453211,2020-05-05T17:24:13.211Z,buy,9.1e-07,110.0,0.0001001
YOYOW/BTC,1588699484645,2020-05-05T17:24:44.645Z,buy,9.1e-07,1282.0,0.00116662
YOYOW/BTC,1588699521692,2020-05-05T17:25:21.692Z,buy,9.1e-07,110.0,0.0001001
YOYOW/BTC,1588699522649,2020-05-05T17:25:22.649Z,buy,9.1e-07,110.0,0.0001001
YOYOW/BTC,1588699749485,2020-05-05T17:29:09.485Z,sell,9e-07,159337.0,0.1434032999999999
YOYOW/BTC,1588699770342,2020-05-05T17:29:30.342Z,buy,9.1e-07,9180.0,0.0083538
YOYOW/BTC,1588699862615,2020-05-05T17:31:02.615Z,buy,9.1e-07,52127.0,0.0474355699999999
YOYOW/BTC,1588699895124,2020-05-05T17:31:35.124Z,buy,9.1e-07,9180.0,0.0083538
YOYOW/BTC,1588700196165,2020-05-05T17:36:36.165Z,sell,9e-07,1231.0,0.0011079
YOYOW/BTC,1588700236481,2020-05-05T17:37:16.481Z,buy,9.1e-07,7778.0,0.0070779799999999
YOYOW/BTC,1588700473228,2020-05-05T17:41:13.228Z,buy,9.2e-07,109.0,0.00010028
YOYOW/BTC,1588700473228,2020-05-05T17:41:13.228Z,buy,9.2e-07,109.0,0.00010028
YOYOW/BTC,1588700765163,2020-05-05T17:46:05.163Z,sell,9.1e-07,10000.0,0.0091
YOYOW/BTC,1588702148849,2020-05-05T18:09:08.849Z,buy,9.2e-07,133.0,0.00012236
YOYOW/BTC,1588702367547,2020-05-05T18:12:47.547Z,buy,9.2e-07,110.0,0.0001012
YOYOW/BTC,1588703382996,2020-05-05T18:29:42.996Z,sell,9.1e-07,65453.0,0.05956223
YOYOW/BTC,1588703439280,2020-05-05T18:30:39.280Z,buy,9.1e-07,110.0,0.0001001
YOYOW/BTC,1588703454555,2020-05-05T18:30:54.555Z,buy,9.1e-07,6752.0,0.00614432
YOYOW/BTC,1588703477566,2020-05-05T18:31:17.566Z,buy,9.1e-07,110.0,0.0001001
YOYOW/BTC,1588703543644,2020-05-05T18:32:23.644Z,buy,9.1e-07,110.0,0.0001001
YOYOW/BTC,1588703582611,2020-05-05T18:33:02.611Z,sell,9e-07,50000.0,0.045
YOYOW/BTC,1588703602447,2020-05-05T18:33:22.447Z,buy,9.1e-07,110.0,0.0001001
YOYOW/BTC,1588703603839,2020-05-05T18:33:23.839Z,buy,9.1e-07,79663.0,0.07249333
YOYOW/BTC,1588703680614,2020-05-05T18:34:40.614Z,sell,9e-07,50000.0,0.045
YOYOW/BTC,1588703700497,2020-05-05T18:35:00.497Z,buy,9.1e-07,1381.0,0.0012567099999999
YOYOW/BTC,1588703718240,2020-05-05T18:35:18.240Z,buy,9.1e-07,20000.0,0.0182
YOYOW/BTC,1588703795630,2020-05-05T18:36:35.630Z,buy,9.1e-07,9553.0,0.00869323
YOYOW/BTC,1588703832425,2020-05-05T18:37:12.425Z,buy,9.1e-07,1030.0,0.0009373
YOYOW/BTC,1588704031646,2020-05-05T18:40:31.646Z,buy,9.1e-07,1488.0,0.00135408
YOYOW/BTC,1588704031646,2020-05-05T18:40:31.646Z,buy,9.1e-07,1488.0,0.00135408
YOYOW/BTC,1588704074169,2020-05-05T18:41:14.169Z,buy,9.1e-07,2518.0,0.00229138
YOYOW/BTC,1588705271700,2020-05-05T19:01:11.700Z,sell,9e-07,1278.0,0.0011501999999999
YOYOW/BTC,1588705544410,2020-05-05T19:05:44.410Z,sell,9e-07,6908.0,0.0062172
YOYOW/BTC,1588705610925,2020-05-05T19:06:50.925Z,sell,9e-07,10362.0,0.0093258
YOYOW/BTC,1588705668647,2020-05-05T19:07:48.647Z,sell,9e-07,5181.0,0.0046629
YOYOW/BTC,1588706228420,2020-05-05T19:17:08.420Z,sell,9e-07,200.0,0.0001799999999999
YOYOW/BTC,1588706228420,2020-05-05T19:17:08.420Z,sell,9e-07,200.0,0.0001799999999999
YOYOW/BTC,1588708436847,2020-05-05T19:53:56.847Z,buy,9.1e-07,127.0,0.0001155699999999
YOYOW/BTC,1588708455233,2020-05-05T19:54:15.233Z,buy,9.1e-07,115.0,0.00010465
YOYOW/BTC,1588708711700,2020-05-05T19:58:31.700Z,buy,9.1e-07,1600.0,0.001456
YOYOW/BTC,1588708716648,2020-05-05T19:58:36.648Z,buy,9.1e-07,2857.0,0.00259987
YOYOW/BTC,1588708719048,2020-05-05T19:58:39.048Z,buy,9.1e-07,1478.0,0.00134498
YOYOW/BTC,1588708721920,2020-05-05T19:58:41.920Z,buy,9.1e-07,2966.0,0.00269906
YOYOW/BTC,1588708725556,2020-05-05T19:58:45.556Z,buy,9.1e-07,1921.0,0.00174811
YOYOW/BTC,1588708731255,2020-05-05T19:58:51.255Z,sell,9e-07,1598.0,0.0014382
YOYOW/BTC,1588708735488,2020-05-05T19:58:55.488Z,sell,9e-07,2853.0,0.0025677
YOYOW/BTC,1588708737533,2020-05-05T19:58:57.533Z,sell,9e-07,1476.0,0.0013284
YOYOW/BTC,1588708738923,2020-05-05T19:58:58.923Z,sell,9e-07,2962.0,0.0026658
YOYOW/BTC,1588708740231,2020-05-05T19:59:00.231Z,sell,9e-07,1918.0,0.0017262
YOYOW/BTC,1588708801453,2020-05-05T20:00:01.453Z,buy,9.1e-07,83330.0,0.0758303
YOYOW/BTC,1588708821338,2020-05-05T20:00:21.338Z,sell,9.1e-07,5718.0,0.00520338
YOYOW/BTC,1588709659843,2020-05-05T20:14:19.843Z,sell,9e-07,660.0,0.000594
YOYOW/BTC,1588709756771,2020-05-05T20:15:56.771Z,sell,9e-07,2295.0,0.0020655
YOYOW/BTC,1588709756771,2020-05-05T20:15:56.771Z,sell,9e-07,2295.0,0.0020655
YOYOW/BTC,1588709927275,2020-05-05T20:18:47.275Z,sell,9e-07,47092.0,0.0423828
YOYOW/BTC,1588710912217,2020-05-05T20:35:12.217Z,sell,9e-07,429.0,0.0003861
YOYOW/BTC,1588710912217,2020-05-05T20:35:12.217Z,sell,9e-07,429.0,0.0003861
YOYOW/BTC,1588713396417,2020-05-05T21:16:36.417Z,buy,9.1e-07,1178.0,0.00107198
YOYOW/BTC,1588713416279,2020-05-05T21:16:56.279Z,sell,9e-07,71268.0,0.0641412
YOYOW/BTC,1588713416519,2020-05-05T21:16:56.519Z,sell,9e-07,70851.0,0.0637659
YOYOW/BTC,1588713418703,2020-05-05T21:16:58.703Z,sell,9e-07,61655.0,0.0554895
YOYOW/BTC,1588713515468,2020-05-05T21:18:35.468Z,sell,9e-07,1672.0,0.0015048
YOYOW/BTC,1588713515468,2020-05-05T21:18:35.468Z,sell,9e-07,1672.0,0.0015048
YOYOW/BTC,1588714731650,2020-05-05T21:38:51.650Z,buy,9.1e-07,23.0,2.093e-05
YOYOW/BTC,1588714753003,2020-05-05T21:39:13.003Z,sell,9e-07,94033.0,0.0846297
YOYOW/BTC,1588715739108,2020-05-05T21:55:39.108Z,sell,9e-07,682.0,0.0006138
YOYOW/BTC,1588715982617,2020-05-05T21:59:42.617Z,sell,9e-07,31537.0,0.0283833
YOYOW/BTC,1588716727158,2020-05-05T22:12:07.158Z,buy,9.1e-07,150.0,0.0001364999999999
YOYOW/BTC,1588717085912,2020-05-05T22:18:05.912Z,sell,9e-07,12963.0,0.0116667
YOYOW/BTC,1588717085912,2020-05-05T22:18:05.912Z,sell,9e-07,12963.0,0.0116667
YOYOW/BTC,1588717419210,2020-05-05T22:23:39.210Z,sell,9e-07,3426.0,0.0030834
YOYOW/BTC,1588719221242,2020-05-05T22:53:41.242Z,sell,9e-07,4455.0,0.0040095
YOYOW/BTC,1588719221242,2020-05-05T22:53:41.242Z,sell,9e-07,4455.0,0.0040095
YOYOW/BTC,1588720948366,2020-05-05T23:22:28.366Z,buy,9.1e-07,2198.0,0.00200018
YOYOW/BTC,1588720959079,2020-05-05T23:22:39.079Z,buy,9.1e-07,2198.0,0.00200018
YOYOW/BTC,1588720962392,2020-05-05T23:22:42.392Z,sell,9e-07,4347.0,0.0039123
YOYOW/BTC,1588720964645,2020-05-05T23:22:44.645Z,buy,9.1e-07,2198.0,0.00200018
YOYOW/BTC,1588720980083,2020-05-05T23:23:00.083Z,buy,9.1e-07,2198.0,0.00200018
YOYOW/BTC,1588720985610,2020-05-05T23:23:05.610Z,buy,9.1e-07,1209.0,0.00110019
YOYOW/BTC,1588722231491,2020-05-05T23:43:51.491Z,buy,9.1e-07,1152.0,0.00104832
YOYOW/BTC,1588722338525,2020-05-05T23:45:38.525Z,buy,9.1e-07,111.0,0.00010101
YOYOW/BTC,1588722338525,2020-05-05T23:45:38.525Z,buy,9.1e-07,111.0,0.00010101
YOYOW/BTC,1588722953724,2020-05-05T23:55:53.724Z,sell,9e-07,15000.0,0.0135
YOYOW/BTC,1588723122044,2020-05-05T23:58:42.044Z,sell,9e-07,46666.0,0.0419994
YOYOW/BTC,1588724499306,2020-05-06T00:21:39.306Z,sell,9e-07,3000.0,0.0026999999999999
YOYOW/BTC,1588725221634,2020-05-06T00:33:41.634Z,sell,9e-07,179.0,0.0001610999999999
YOYOW/BTC,1588725221634,2020-05-06T00:33:41.634Z,sell,9e-07,179.0,0.0001610999999999
YOYOW/BTC,1588726294938,2020-05-06T00:51:34.938Z,buy,9.1e-07,2243.0,0.00204113
YOYOW/BTC,1588726316718,2020-05-06T00:51:56.718Z,buy,9.1e-07,16620.0,0.0151241999999999
YOYOW/BTC,1588726357931,2020-05-06T00:52:37.931Z,buy,9.1e-07,1508.0,0.00137228
YOYOW/BTC,1588726494951,2020-05-06T00:54:54.951Z,buy,9.1e-07,1867.0,0.00169897
YOYOW/BTC,1588726661139,2020-05-06T00:57:41.139Z,buy,9.1e-07,2669.0,0.00242879
YOYOW/BTC,1588726793023,2020-05-06T00:59:53.023Z,buy,9.1e-07,2297.0,0.00209027
YOYOW/BTC,1588726798946,2020-05-06T00:59:58.946Z,buy,9.1e-07,1536.0,0.00139776
YOYOW/BTC,1588726908081,2020-05-06T01:01:48.081Z,buy,9.1e-07,1148.0,0.0010446799999999
YOYOW/BTC,1588727685145,2020-05-06T01:14:45.145Z,buy,9.1e-07,5921.0,0.00538811
YOYOW/BTC,1588727685145,2020-05-06T01:14:45.145Z,buy,9.1e-07,5921.0,0.00538811
YOYOW/BTC,1588730863333,2020-05-06T02:07:43.333Z,sell,9e-07,147967.0,0.1331703
YOYOW/BTC,1588730863333,2020-05-06T02:07:43.333Z,sell,9e-07,147967.0,0.1331703
YOYOW/BTC,1588731587529,2020-05-06T02:19:47.529Z,buy,9.1e-07,2094.0,0.0019055399999999
YOYOW/BTC,1588731853180,2020-05-06T02:24:13.180Z,sell,9e-07,52079.0,0.0468711
YOYOW/BTC,1588731949984,2020-05-06T02:25:49.984Z,buy,9.1e-07,2241.0,0.00203931
YOYOW/BTC,1588732001191,2020-05-06T02:26:41.191Z,buy,9.1e-07,2242.0,0.00204022
YOYOW/BTC,1588732433284,2020-05-06T02:33:53.284Z,buy,9.1e-07,2263.0,0.00205933
YOYOW/BTC,1588732484434,2020-05-06T02:34:44.434Z,buy,9.1e-07,2248.0,0.00204568
YOYOW/BTC,1588733391780,2020-05-06T02:49:51.780Z,buy,9.1e-07,1590.0,0.0014468999999999
YOYOW/BTC,1588733391780,2020-05-06T02:49:51.780Z,buy,9.1e-07,1590.0,0.0014468999999999
YOYOW/BTC,1588734578840,2020-05-06T03:09:38.840Z,buy,9.1e-07,132334.0,0.12042394
YOYOW/BTC,1588734854350,2020-05-06T03:14:14.350Z,buy,9.1e-07,110.0,0.0001001
YOYOW/BTC,1588735125235,2020-05-06T03:18:45.235Z,buy,9.1e-07,2294.0,0.00208754
YOYOW/BTC,1588736165811,2020-05-06T03:36:05.811Z,buy,9.1e-07,95996.0,0.08735636
YOYOW/BTC,1588736165811,2020-05-06T03:36:05.811Z,buy,9.1e-07,95996.0,0.08735636
YOYOW/BTC,1588737391803,2020-05-06T03:56:31.803Z,buy,9.1e-07,3656.0,0.00332696
YOYOW/BTC,1588737461295,2020-05-06T03:57:41.295Z,buy,9.1e-07,26656.0,0.0242569599999999
YOYOW/BTC,1588737483713,2020-05-06T03:58:03.713Z,buy,9.1e-07,1874.0,0.0017053399999999
YOYOW/BTC,1588737535650,2020-05-06T03:58:55.650Z,buy,9.1e-07,65406.0,0.0595194599999999
YOYOW/BTC,1588737898698,2020-05-06T04:04:58.698Z,buy,9.2e-07,11898.0,0.01094616
YOYOW/BTC,1588738138212,2020-05-06T04:08:58.212Z,sell,9.1e-07,265.0,0.0002411499999999
YOYOW/BTC,1588738340557,2020-05-06T04:12:20.557Z,sell,9.1e-07,32998.0,0.0300281799999999
YOYOW/BTC,1588738340557,2020-05-06T04:12:20.557Z,sell,9.1e-07,32998.0,0.0300281799999999
YOYOW/BTC,1588740528603,2020-05-06T04:48:48.603Z,buy,9.2e-07,3978.0,0.0036597599999999
YOYOW/BTC,1588740549359,2020-05-06T04:49:09.359Z,buy,9.2e-07,20000.0,0.0184
YOYOW/BTC,1588741677016,2020-05-06T05:07:57.016Z,buy,9.2e-07,1600.0,0.001472
YOYOW/BTC,1588741677016,2020-05-06T05:07:57.016Z,buy,9.2e-07,1600.0,0.001472
YOYOW/BTC,1588743012252,2020-05-06T05:30:12.252Z,sell,9.1e-07,26222.0,0.0238620199999999
YOYOW/BTC,1588744962147,2020-05-06T06:02:42.147Z,buy,9.2e-07,125.0,0.000115
YOYOW/BTC,1588744962147,2020-05-06T06:02:42.147Z,buy,9.2e-07,125.0,0.000115
YOYOW/BTC,1588745966022,2020-05-06T06:19:26.022Z,sell,9.1e-07,11704.0,0.01065064
YOYOW/BTC,1588746205741,2020-05-06T06:23:25.741Z,buy,9.1e-07,92865.0,0.08450715
YOYOW/BTC,1588746901620,2020-05-06T06:35:01.620Z,sell,9e-07,150.0,0.000135
YOYOW/BTC,1588746925705,2020-05-06T06:35:25.705Z,buy,9.1e-07,71924.0,0.06545084
YOYOW/BTC,1588747174317,2020-05-06T06:39:34.317Z,buy,9.1e-07,1490.0,0.0013559
YOYOW/BTC,1588747270863,2020-05-06T06:41:10.863Z,buy,9.1e-07,11786.0,0.01072526
YOYOW/BTC,1588747521942,2020-05-06T06:45:21.942Z,buy,9.1e-07,51099.0,0.04650009
YOYOW/BTC,1588747521942,2020-05-06T06:45:21.942Z,buy,9.1e-07,51099.0,0.04650009
YOYOW/BTC,1588748631003,2020-05-06T07:03:51.003Z,sell,9e-07,208422.0,0.1875798
YOYOW/BTC,1588748647739,2020-05-06T07:04:07.739Z,buy,9.1e-07,66277.0,0.0603120699999999
YOYOW/BTC,1588748665383,2020-05-06T07:04:25.383Z,sell,9e-07,10333.0,0.0092997
YOYOW/BTC,1588748691751,2020-05-06T07:04:51.751Z,buy,9.1e-07,70489.0,0.06414499
YOYOW/BTC,1588749329676,2020-05-06T07:15:29.676Z,buy,9.1e-07,689.0,0.00062699
YOYOW/BTC,1588749887116,2020-05-06T07:24:47.116Z,buy,9.1e-07,1058.0,0.00096278
YOYOW/BTC,1588750005671,2020-05-06T07:26:45.671Z,buy,9.1e-07,12968.0,0.01180088
YOYOW/BTC,1588750095385,2020-05-06T07:28:15.385Z,buy,9.1e-07,16772.0,0.01526252
YOYOW/BTC,1588750231154,2020-05-06T07:30:31.154Z,buy,9.1e-07,15343.0,0.01396213
YOYOW/BTC,1588750231154,2020-05-06T07:30:31.154Z,buy,9.2e-07,1140.0,0.0010488
YOYOW/BTC,1588750409754,2020-05-06T07:33:29.754Z,sell,9e-07,7469.0,0.0067221
YOYOW/BTC,1588750461987,2020-05-06T07:34:21.987Z,buy,9.1e-07,11419.0,0.01039129
YOYOW/BTC,1588750728397,2020-05-06T07:38:48.397Z,buy,9.2e-07,21978.0,0.02021976
YOYOW/BTC,1588750950090,2020-05-06T07:42:30.090Z,sell,9.1e-07,101955.0,0.09277905
YOYOW/BTC,1588750950090,2020-05-06T07:42:30.090Z,sell,9.1e-07,101955.0,0.09277905
YOYOW/BTC,1588751821617,2020-05-06T07:57:01.617Z,buy,9.1e-07,111623.0,0.10157693
YOYOW/BTC,1588751821617,2020-05-06T07:57:01.617Z,buy,9.1e-07,111623.0,0.10157693
YOYOW/BTC,1588754979716,2020-05-06T08:49:39.716Z,sell,9e-07,74441.0,0.0669969
YOYOW/BTC,1588754982624,2020-05-06T08:49:42.624Z,buy,9e-07,112.0,0.0001008
YOYOW/BTC,1588754983022,2020-05-06T08:49:43.022Z,buy,9e-07,112.0,0.0001008
YOYOW/BTC,1588754985748,2020-05-06T08:49:45.748Z,buy,9e-07,2262.0,0.0020358
YOYOW/BTC,1588754991221,2020-05-06T08:49:51.221Z,buy,9e-07,1138.0,0.0010241999999999
YOYOW/BTC,1588754996794,2020-05-06T08:49:56.794Z,buy,9e-07,2269.0,0.0020421
YOYOW/BTC,1588754998820,2020-05-06T08:49:58.820Z,buy,9e-07,51507.0,0.0463562999999999
YOYOW/BTC,1588755292731,2020-05-06T08:54:52.731Z,sell,9e-07,358.0,0.0003221999999999
YOYOW/BTC,1588755292731,2020-05-06T08:54:52.731Z,sell,9e-07,358.0,0.0003221999999999
YOYOW/BTC,1588755849077,2020-05-06T09:04:09.077Z,sell,8.9e-07,64561.0,0.0574592899999999
YOYOW/BTC,1588755849077,2020-05-06T09:04:09.077Z,sell,8.9e-07,616.0,0.00054824
YOYOW/BTC,1588755849077,2020-05-06T09:04:09.077Z,sell,8.9e-07,569.0,0.00050641
YOYOW/BTC,1588755852113,2020-05-06T09:04:12.113Z,buy,9.1e-07,8131.0,0.00739921
YOYOW/BTC,1588756129306,2020-05-06T09:08:49.306Z,buy,9e-07,2312.0,0.0020808
YOYOW/BTC,1588756135358,2020-05-06T09:08:55.358Z,buy,9e-07,2265.0,0.0020385
YOYOW/BTC,1588756141402,2020-05-06T09:09:01.402Z,buy,9e-07,21249.0,0.0191240999999999
YOYOW/BTC,1588756273561,2020-05-06T09:11:13.561Z,buy,9e-07,1920.0,0.001728
YOYOW/BTC,1588756284302,2020-05-06T09:11:24.302Z,buy,9e-07,8667.0,0.0078003
YOYOW/BTC,1588756323464,2020-05-06T09:12:03.464Z,buy,9.1e-07,498.0,0.0004531799999999
YOYOW/BTC,1588756368508,2020-05-06T09:12:48.508Z,buy,9.1e-07,487.0,0.00044317
YOYOW/BTC,1588757453766,2020-05-06T09:30:53.766Z,sell,9e-07,51507.0,0.0463562999999999
YOYOW/BTC,1588757730085,2020-05-06T09:35:30.085Z,sell,9e-07,550.0,0.000495
YOYOW/BTC,1588757847267,2020-05-06T09:37:27.267Z,buy,9.1e-07,36311.0,0.03304301
YOYOW/BTC,1588757961228,2020-05-06T09:39:21.228Z,buy,9.1e-07,129.0,0.00011739
YOYOW/BTC,1588758445907,2020-05-06T09:47:25.907Z,sell,9e-07,5921.0,0.0053289
YOYOW/BTC,1588758741634,2020-05-06T09:52:21.634Z,sell,9e-07,896.0,0.0008064
YOYOW/BTC,1588758780868,2020-05-06T09:53:00.868Z,buy,9.1e-07,1666.0,0.0015160599999999
YOYOW/BTC,1588758845264,2020-05-06T09:54:05.264Z,sell,9e-07,48913.0,0.0440217
YOYOW/BTC,1588758850199,2020-05-06T09:54:10.199Z,buy,9e-07,15088.0,0.0135792
YOYOW/BTC,1588758850199,2020-05-06T09:54:10.199Z,buy,9e-07,15088.0,0.0135792
YOYOW/BTC,1588758957348,2020-05-06T09:55:57.348Z,sell,8.9e-07,933.0,0.00083037
YOYOW/BTC,1588759026864,2020-05-06T09:57:06.864Z,sell,8.9e-07,440.0,0.0003916
YOYOW/BTC,1588759026981,2020-05-06T09:57:06.981Z,sell,8.9e-07,114.0,0.00010146
YOYOW/BTC,1588759027366,2020-05-06T09:57:07.366Z,sell,8.9e-07,150.0,0.0001335
YOYOW/BTC,1588759142774,2020-05-06T09:59:02.774Z,buy,9e-07,2230.0,0.002007
YOYOW/BTC,1588759150440,2020-05-06T09:59:10.440Z,buy,9e-07,2879.0,0.0025911
YOYOW/BTC,1588759150440,2020-05-06T09:59:10.440Z,buy,9.1e-07,201.0,0.00018291
YOYOW/BTC,1588759174119,2020-05-06T09:59:34.119Z,buy,9e-07,2294.0,0.0020645999999999
YOYOW/BTC,1588759179873,2020-05-06T09:59:39.873Z,buy,9e-07,30388.0,0.0273491999999999
YOYOW/BTC,1588759191162,2020-05-06T09:59:51.162Z,buy,9e-07,5327.0,0.0047943
