symbol,timestamp,datetime,side,price,amount,btc_volume
YOYOW/BTC,1564243206741,2019-07-27T16:00:06.741Z,buy,1.77e-06,1958.0,0.00346566
YOYOW/BTC,1564243252665,2019-07-27T16:00:52.665Z,sell,1.76e-06,1030.0,0.0018128
YOYOW/BTC,1564243573931,2019-07-27T16:06:13.931Z,buy,1.77e-06,678.0,0.00120006
YOYOW/BTC,1564243642770,2019-07-27T16:07:22.770Z,buy,1.77e-06,617.0,0.00109209
YOYOW/BTC,1564243655163,2019-07-27T16:07:35.163Z,buy,1.77e-06,1266.0,0.00224082
YOYOW/BTC,1564243919049,2019-07-27T16:11:59.049Z,buy,1.77e-06,2824.0,0.00499848
YOYOW/BTC,1564244234964,2019-07-27T16:17:14.964Z,buy,1.77e-06,274.0,0.00048498
YOYOW/BTC,1564244402291,2019-07-27T16:20:02.291Z,buy,1.77e-06,1250.0,0.0022125
YOYOW/BTC,1564244500868,2019-07-27T16:21:40.868Z,buy,1.77e-06,10000.0,0.0177
YOYOW/BTC,1564244555664,2019-07-27T16:22:35.664Z,buy,1.77e-06,255.0,0.00045135
YOYOW/BTC,1564244678511,2019-07-27T16:24:38.511Z,sell,1.76e-06,816.0,0.00143616
YOYOW/BTC,1564245238599,2019-07-27T16:33:58.599Z,buy,1.77e-06,1000.0,0.00177
YOYOW/BTC,1564245238931,2019-07-27T16:33:58.931Z,buy,1.77e-06,1000.0,0.00177
YOYOW/BTC,1564245264180,2019-07-27T16:34:24.180Z,sell,1.76e-06,1000.0,0.00176
YOYOW/BTC,1564245771834,2019-07-27T16:42:51.834Z,buy,1.77e-06,2358.0,0.00417366
YOYOW/BTC,1564245776719,2019-07-27T16:42:56.719Z,buy,1.77e-06,2843.0,0.00503211
YOYOW/BTC,1564245780579,2019-07-27T16:43:00.579Z,buy,1.77e-06,799.0,0.00141423
YOYOW/BTC,1564245863417,2019-07-27T16:44:23.417Z,sell,1.76e-06,84472.0,0.14867072
YOYOW/BTC,1564245879773,2019-07-27T16:44:39.773Z,buy,1.76e-06,420.0,0.0007392
YOYOW/BTC,1564245883404,2019-07-27T16:44:43.404Z,buy,1.76e-06,180.0,0.0003168
YOYOW/BTC,1564245917602,2019-07-27T16:45:17.602Z,sell,1.75e-06,125000.0,0.21875
YOYOW/BTC,1564246065422,2019-07-27T16:47:45.422Z,buy,1.76e-06,2954.0,0.00519904
YOYOW/BTC,1564246176587,2019-07-27T16:49:36.587Z,buy,1.76e-06,853.0,0.00150128
YOYOW/BTC,1564246204492,2019-07-27T16:50:04.492Z,buy,1.76e-06,7785.0,0.0137016
YOYOW/BTC,1564246323647,2019-07-27T16:52:03.647Z,buy,1.76e-06,511.0,0.00089936
YOYOW/BTC,1564246349412,2019-07-27T16:52:29.412Z,buy,1.76e-06,2238.0,0.00393888
YOYOW/BTC,1564246594845,2019-07-27T16:56:34.845Z,buy,1.76e-06,433.0,0.00076208
YOYOW/BTC,1564246649154,2019-07-27T16:57:29.154Z,buy,1.76e-06,1679.0,0.00295504
YOYOW/BTC,1564246661223,2019-07-27T16:57:41.223Z,buy,1.76e-06,493.0,0.00086768
YOYOW/BTC,1564246739631,2019-07-27T16:58:59.631Z,buy,1.76e-06,1069.0,0.00188144
YOYOW/BTC,1564246773206,2019-07-27T16:59:33.206Z,sell,1.75e-06,21913.0,0.03834775
YOYOW/BTC,1564246773206,2019-07-27T16:59:33.206Z,sell,1.75e-06,21913.0,0.03834775
YOYOW/BTC,1564246800777,2019-07-27T17:00:00.777Z,buy,1.76e-06,800.0,0.001408
YOYOW/BTC,1564246805718,2019-07-27T17:00:05.718Z,buy,1.76e-06,1000.0,0.00176
YOYOW/BTC,1564246815069,2019-07-27T17:00:15.069Z,buy,1.76e-06,56062.0,0.09866912
YOYOW/BTC,1564246865446,2019-07-27T17:01:05.446Z,buy,1.77e-06,1367.0,0.00241959
YOYOW/BTC,1564247064308,2019-07-27T17:04:24.308Z,buy,1.77e-06,564.0,0.00099828
YOYOW/BTC,1564247080792,2019-07-27T17:04:40.792Z,sell,1.76e-06,900.0,0.001584
YOYOW/BTC,1564247499769,2019-07-27T17:11:39.769Z,sell,1.76e-06,3641.0,0.00640816
YOYOW/BTC,1564248420447,2019-07-27T17:27:00.447Z,sell,1.76e-06,1998.0,0.00351648
YOYOW/BTC,1564248608930,2019-07-27T17:30:08.930Z,sell,1.76e-06,3077.0,0.00541552
YOYOW/BTC,1564248636695,2019-07-27T17:30:36.695Z,sell,1.76e-06,608.0,0.00107008
YOYOW/BTC,1564249535372,2019-07-27T17:45:35.372Z,sell,1.76e-06,1020.0,0.0017952
YOYOW/BTC,1564249562030,2019-07-27T17:46:02.030Z,sell,1.76e-06,581.0,0.00102256
YOYOW/BTC,1564249562030,2019-07-27T17:46:02.030Z,sell,1.76e-06,581.0,0.00102256
YOYOW/BTC,1564250478688,2019-07-27T18:01:18.688Z,sell,1.76e-06,620.0,0.0010912
YOYOW/BTC,1564251706620,2019-07-27T18:21:46.620Z,sell,1.76e-06,3351.0,0.00589776
YOYOW/BTC,1564251748317,2019-07-27T18:22:28.317Z,sell,1.76e-06,1118.0,0.00196768
YOYOW/BTC,1564251877231,2019-07-27T18:24:37.231Z,sell,1.76e-06,30744.0,0.05410944
YOYOW/BTC,1564251877250,2019-07-27T18:24:37.250Z,buy,1.76e-06,7697.0,0.01354672
YOYOW/BTC,1564251877251,2019-07-27T18:24:37.251Z,buy,1.76e-06,4788.0,0.00842688
YOYOW/BTC,1564251877255,2019-07-27T18:24:37.255Z,buy,1.76e-06,12276.0,0.02160576
YOYOW/BTC,1564252434770,2019-07-27T18:33:54.770Z,sell,1.76e-06,3996.0,0.00703296
YOYOW/BTC,1564252434791,2019-07-27T18:33:54.791Z,buy,1.76e-06,3996.0,0.00703296
YOYOW/BTC,1564252434795,2019-07-27T18:33:54.795Z,buy,1.76e-06,1948.0,0.00342848
YOYOW/BTC,1564252895823,2019-07-27T18:41:35.823Z,buy,1.77e-06,633.0,0.00112041
YOYOW/BTC,1564252945903,2019-07-27T18:42:25.903Z,buy,1.77e-06,3545.0,0.00627465
YOYOW/BTC,1564253023504,2019-07-27T18:43:43.504Z,buy,1.77e-06,1710.0,0.0030267
YOYOW/BTC,1564253023504,2019-07-27T18:43:43.504Z,buy,1.77e-06,1710.0,0.0030267
YOYOW/BTC,1564253481787,2019-07-27T18:51:21.787Z,sell,1.76e-06,951.0,0.00167376
YOYOW/BTC,1564254680381,2019-07-27T19:11:20.381Z,sell,1.76e-06,1624.0,0.00285824
YOYOW/BTC,1564255372025,2019-07-27T19:22:52.025Z,sell,1.76e-06,66.0,0.00011616
YOYOW/BTC,1564255742823,2019-07-27T19:29:02.823Z,buy,1.77e-06,114.0,0.00020178
YOYOW/BTC,1564256468568,2019-07-27T19:41:08.568Z,sell,1.76e-06,1178.0,0.00207328
YOYOW/BTC,1564256468568,2019-07-27T19:41:08.568Z,sell,1.76e-06,1178.0,0.00207328
YOYOW/BTC,1564257553330,2019-07-27T19:59:13.330Z,sell,1.76e-06,120.0,0.0002112
YOYOW/BTC,1564258634871,2019-07-27T20:17:14.871Z,buy,1.77e-06,1000.0,0.00177
YOYOW/BTC,1564258635333,2019-07-27T20:17:15.333Z,buy,1.77e-06,1000.0,0.00177
YOYOW/BTC,1564259107256,2019-07-27T20:25:07.256Z,sell,1.76e-06,7777.0,0.01368752
YOYOW/BTC,1564259107256,2019-07-27T20:25:07.256Z,sell,1.76e-06,7777.0,0.01368752
YOYOW/BTC,1564260363523,2019-07-27T20:46:03.523Z,sell,1.76e-06,2392.0,0.00420992
YOYOW/BTC,1564260369397,2019-07-27T20:46:09.397Z,sell,1.76e-06,2826.0,0.00497376
YOYOW/BTC,1564260372899,2019-07-27T20:46:12.899Z,sell,1.76e-06,782.0,0.00137632
YOYOW/BTC,1564260440751,2019-07-27T20:47:20.751Z,sell,1.76e-06,21893.0,0.03853168
YOYOW/BTC,1564260718573,2019-07-27T20:51:58.573Z,sell,1.76e-06,39572.0,0.06964672
YOYOW/BTC,1564260781145,2019-07-27T20:53:01.145Z,sell,1.76e-06,7346.0,0.01292896
YOYOW/BTC,1564261324205,2019-07-27T21:02:04.205Z,sell,1.76e-06,658.0,0.00115808
YOYOW/BTC,1564261339311,2019-07-27T21:02:19.311Z,sell,1.76e-06,59512.0,0.10474112
YOYOW/BTC,1564261339356,2019-07-27T21:02:19.356Z,buy,1.76e-06,12471.0,0.02194896
YOYOW/BTC,1564261382207,2019-07-27T21:03:02.207Z,buy,1.76e-06,555.0,0.0009768
YOYOW/BTC,1564261382250,2019-07-27T21:03:02.250Z,buy,1.76e-06,555.0,0.0009768
YOYOW/BTC,1564261428111,2019-07-27T21:03:48.111Z,buy,1.76e-06,1126.0,0.00198176
YOYOW/BTC,1564262425286,2019-07-27T21:20:25.286Z,buy,1.76e-06,3399.0,0.00598224
YOYOW/BTC,1564262425286,2019-07-27T21:20:25.286Z,buy,1.76e-06,3399.0,0.00598224
YOYOW/BTC,1564265715434,2019-07-27T22:15:15.434Z,buy,1.76e-06,63.0,0.00011088
YOYOW/BTC,1564265715434,2019-07-27T22:15:15.434Z,buy,1.76e-06,63.0,0.00011088
YOYOW/BTC,1564266122013,2019-07-27T22:22:02.013Z,sell,1.75e-06,3300.0,0.005775
YOYOW/BTC,1564267383665,2019-07-27T22:43:03.665Z,sell,1.75e-06,1011.0,0.00176925
YOYOW/BTC,1564268512689,2019-07-27T23:01:52.689Z,buy,1.76e-06,629.0,0.00110704
YOYOW/BTC,1564268512689,2019-07-27T23:01:52.689Z,buy,1.76e-06,629.0,0.00110704
YOYOW/BTC,1564269727530,2019-07-27T23:22:07.530Z,sell,1.75e-06,698.0,0.0012215
YOYOW/BTC,1564269755224,2019-07-27T23:22:35.224Z,buy,1.76e-06,89.0,0.00015664
YOYOW/BTC,1564271315890,2019-07-27T23:48:35.890Z,sell,1.75e-06,750.0,0.0013125
YOYOW/BTC,1564271606876,2019-07-27T23:53:26.876Z,buy,1.76e-06,34913.0,0.06144688
YOYOW/BTC,1564271741982,2019-07-27T23:55:41.982Z,sell,1.75e-06,76.0,0.000133
YOYOW/BTC,1564271741982,2019-07-27T23:55:41.982Z,sell,1.75e-06,76.0,0.000133
YOYOW/BTC,1564272131582,2019-07-28T00:02:11.582Z,sell,1.75e-06,2189.0,0.00383075
YOYOW/BTC,1564272309694,2019-07-28T00:05:09.694Z,sell,1.75e-06,555.0,0.00097125
YOYOW/BTC,1564272621639,2019-07-28T00:10:21.639Z,buy,1.76e-06,22257.0,0.03917232
YOYOW/BTC,1564272623048,2019-07-28T00:10:23.048Z,buy,1.76e-06,5469.0,0.00962544
YOYOW/BTC,1564272625104,2019-07-28T00:10:25.104Z,buy,1.76e-06,1336.0,0.00235136
YOYOW/BTC,1564272627439,2019-07-28T00:10:27.439Z,buy,1.76e-06,334.0,0.00058784
YOYOW/BTC,1564272629686,2019-07-28T00:10:29.686Z,buy,1.76e-06,84.0,0.00014784
YOYOW/BTC,1564272746161,2019-07-28T00:12:26.161Z,buy,1.76e-06,4403.0,0.00774928
YOYOW/BTC,1564272757626,2019-07-28T00:12:37.626Z,buy,1.76e-06,2169.0,0.00381744
YOYOW/BTC,1564272785011,2019-07-28T00:13:05.011Z,sell,1.76e-06,4228.0,0.00744128
YOYOW/BTC,1564272913440,2019-07-28T00:15:13.440Z,sell,1.76e-06,64.0,0.00011264
YOYOW/BTC,1564273252965,2019-07-28T00:20:52.965Z,sell,1.76e-06,1174.0,0.00206624
YOYOW/BTC,1564273396726,2019-07-28T00:23:16.726Z,sell,1.76e-06,77.0,0.00013552
YOYOW/BTC,1564273921015,2019-07-28T00:32:01.015Z,sell,1.76e-06,4127.0,0.00726352
YOYOW/BTC,1564274210890,2019-07-28T00:36:50.890Z,buy,1.77e-06,101.0,0.00017877
YOYOW/BTC,1564274532017,2019-07-28T00:42:12.017Z,sell,1.76e-06,864.0,0.00152064
YOYOW/BTC,1564274532017,2019-07-28T00:42:12.017Z,sell,1.76e-06,864.0,0.00152064
YOYOW/BTC,1564275804320,2019-07-28T01:03:24.320Z,buy,1.77e-06,1129.0,0.00199833
YOYOW/BTC,1564276307545,2019-07-28T01:11:47.545Z,sell,1.76e-06,746.0,0.00131296
YOYOW/BTC,1564276580906,2019-07-28T01:16:20.906Z,buy,1.77e-06,189948.0,0.33620796
YOYOW/BTC,1564276580932,2019-07-28T01:16:20.932Z,sell,1.77e-06,60052.0,0.10629204
YOYOW/BTC,1564277832289,2019-07-28T01:37:12.289Z,buy,1.77e-06,10403.0,0.01841331
YOYOW/BTC,1564278036329,2019-07-28T01:40:36.329Z,sell,1.76e-06,794.0,0.00139744
YOYOW/BTC,1564278036329,2019-07-28T01:40:36.329Z,sell,1.76e-06,794.0,0.00139744
YOYOW/BTC,1564279295838,2019-07-28T02:01:35.838Z,buy,1.78e-06,898.0,0.00159844
YOYOW/BTC,1564279826500,2019-07-28T02:10:26.500Z,sell,1.77e-06,899.0,0.00159123
YOYOW/BTC,1564279826523,2019-07-28T02:10:26.523Z,sell,1.77e-06,1311.0,0.00232047
YOYOW/BTC,1564279827296,2019-07-28T02:10:27.296Z,sell,1.77e-06,2425.0,0.00429225
YOYOW/BTC,1564280125688,2019-07-28T02:15:25.688Z,sell,1.76e-06,1878.0,0.00330528
YOYOW/BTC,1564280144108,2019-07-28T02:15:44.108Z,buy,1.77e-06,846.0,0.00149742
YOYOW/BTC,1564280172930,2019-07-28T02:16:12.930Z,sell,1.76e-06,844.0,0.00148544
YOYOW/BTC,1564280544912,2019-07-28T02:22:24.912Z,sell,1.76e-06,58.0,0.00010208
YOYOW/BTC,1564280544912,2019-07-28T02:22:24.912Z,sell,1.76e-06,58.0,0.00010208
YOYOW/BTC,1564281689031,2019-07-28T02:41:29.031Z,buy,1.77e-06,2000.0,0.00354
YOYOW/BTC,1564281689031,2019-07-28T02:41:29.031Z,buy,1.78e-06,542.0,0.0009647599999999
YOYOW/BTC,1564281916931,2019-07-28T02:45:16.931Z,sell,1.76e-06,60603.0,0.10666128
YOYOW/BTC,1564283808307,2019-07-28T03:16:48.307Z,sell,1.76e-06,8357.0,0.01470832
YOYOW/BTC,1564283808307,2019-07-28T03:16:48.307Z,sell,1.76e-06,8357.0,0.01470832
YOYOW/BTC,1564284248203,2019-07-28T03:24:08.203Z,sell,1.76e-06,419.0,0.00073744
YOYOW/BTC,1564284277682,2019-07-28T03:24:37.682Z,sell,1.76e-06,588.0,0.00103488
YOYOW/BTC,1564287312570,2019-07-28T04:15:12.570Z,sell,1.76e-06,58.0,0.00010208
YOYOW/BTC,1564287312570,2019-07-28T04:15:12.570Z,sell,1.76e-06,58.0,0.00010208
YOYOW/BTC,1564287767933,2019-07-28T04:22:47.933Z,sell,1.76e-06,5298.0,0.00932448
YOYOW/BTC,1564288190033,2019-07-28T04:29:50.033Z,sell,1.76e-06,11428.0,0.02011328
YOYOW/BTC,1564288405106,2019-07-28T04:33:25.106Z,buy,1.77e-06,500.0,0.000885
YOYOW/BTC,1564288405106,2019-07-28T04:33:25.106Z,buy,1.77e-06,500.0,0.000885
YOYOW/BTC,1564291038280,2019-07-28T05:17:18.280Z,sell,1.76e-06,81.0,0.00014256
YOYOW/BTC,1564291611871,2019-07-28T05:26:51.871Z,sell,1.76e-06,993.0,0.00174768
YOYOW/BTC,1564291612408,2019-07-28T05:26:52.408Z,sell,1.76e-06,1136.0,0.00199936
YOYOW/BTC,1564291845302,2019-07-28T05:30:45.302Z,buy,1.77e-06,696.0,0.00123192
YOYOW/BTC,1564291884885,2019-07-28T05:31:24.885Z,sell,1.76e-06,696.0,0.00122496
YOYOW/BTC,1564291884885,2019-07-28T05:31:24.885Z,sell,1.76e-06,696.0,0.00122496
YOYOW/BTC,1564293118328,2019-07-28T05:51:58.328Z,sell,1.76e-06,800.0,0.001408
YOYOW/BTC,1564293118328,2019-07-28T05:51:58.328Z,sell,1.76e-06,800.0,0.001408
YOYOW/BTC,1564296219018,2019-07-28T06:43:39.018Z,sell,1.76e-06,2547.0,0.00448272
YOYOW/BTC,1564296219018,2019-07-28T06:43:39.018Z,sell,1.75e-06,63178.0,0.1105615
YOYOW/BTC,1564296230679,2019-07-28T06:43:50.679Z,buy,1.77e-06,891.0,0.00157707
YOYOW/BTC,1564296598566,2019-07-28T06:49:58.566Z,sell,1.76e-06,800.0,0.001408
YOYOW/BTC,1564296604013,2019-07-28T06:50:04.013Z,sell,1.76e-06,800.0,0.001408
YOYOW/BTC,1564296613739,2019-07-28T06:50:13.739Z,sell,1.76e-06,800.0,0.001408
YOYOW/BTC,1564296613739,2019-07-28T06:50:13.739Z,sell,1.76e-06,800.0,0.001408
YOYOW/BTC,1564296794765,2019-07-28T06:53:14.765Z,sell,1.76e-06,800.0,0.001408
YOYOW/BTC,1564296823805,2019-07-28T06:53:43.805Z,sell,1.76e-06,1126.0,0.00198176
YOYOW/BTC,1564296827886,2019-07-28T06:53:47.886Z,sell,1.76e-06,1031.0,0.00181456
YOYOW/BTC,1564296828967,2019-07-28T06:53:48.967Z,sell,1.76e-06,800.0,0.001408
YOYOW/BTC,1564296830255,2019-07-28T06:53:50.255Z,sell,1.76e-06,1057.0,0.00186032
YOYOW/BTC,1564296831902,2019-07-28T06:53:51.902Z,sell,1.76e-06,818.0,0.00143968
YOYOW/BTC,1564296860710,2019-07-28T06:54:20.710Z,sell,1.76e-06,4454.0,0.00783904
YOYOW/BTC,1564297448221,2019-07-28T07:04:08.221Z,sell,1.76e-06,800.0,0.001408
YOYOW/BTC,1564298028086,2019-07-28T07:13:48.086Z,sell,1.76e-06,11413.0,0.02008688
YOYOW/BTC,1564298239644,2019-07-28T07:17:19.644Z,buy,1.77e-06,2000.0,0.00354
YOYOW/BTC,1564298243246,2019-07-28T07:17:23.246Z,sell,1.77e-06,917.0,0.00162309
YOYOW/BTC,1564298255142,2019-07-28T07:17:35.142Z,sell,1.77e-06,300.0,0.000531
YOYOW/BTC,1564298255990,2019-07-28T07:17:35.990Z,sell,1.77e-06,275.0,0.00048675
YOYOW/BTC,1564298306265,2019-07-28T07:18:26.265Z,sell,1.77e-06,300.0,0.000531
YOYOW/BTC,1564298363088,2019-07-28T07:19:23.088Z,sell,1.77e-06,800.0,0.001416
YOYOW/BTC,1564298364105,2019-07-28T07:19:24.105Z,sell,1.77e-06,800.0,0.001416
YOYOW/BTC,1564298364683,2019-07-28T07:19:24.683Z,sell,1.77e-06,800.0,0.001416
YOYOW/BTC,1564298365652,2019-07-28T07:19:25.652Z,sell,1.77e-06,800.0,0.001416
YOYOW/BTC,1564298376604,2019-07-28T07:19:36.604Z,sell,1.77e-06,1245.0,0.00220365
YOYOW/BTC,1564298378265,2019-07-28T07:19:38.265Z,sell,1.77e-06,1651.0,0.00292227
YOYOW/BTC,1564298950030,2019-07-28T07:29:10.030Z,sell,1.77e-06,74.0,0.00013098
YOYOW/BTC,1564299182432,2019-07-28T07:33:02.432Z,buy,1.78e-06,800.0,0.001424
YOYOW/BTC,1564299257262,2019-07-28T07:34:17.262Z,sell,1.77e-06,800.0,0.001416
YOYOW/BTC,1564299293313,2019-07-28T07:34:53.313Z,sell,1.77e-06,679.0,0.00120183
YOYOW/BTC,1564299653921,2019-07-28T07:40:53.921Z,sell,1.77e-06,616.0,0.00109032
YOYOW/BTC,1564299694408,2019-07-28T07:41:34.408Z,sell,1.76e-06,639.0,0.00112464
YOYOW/BTC,1564299710030,2019-07-28T07:41:50.030Z,sell,1.76e-06,484.0,0.00085184
YOYOW/BTC,1564299710030,2019-07-28T07:41:50.030Z,sell,1.76e-06,484.0,0.00085184
YOYOW/BTC,1564300844185,2019-07-28T08:00:44.185Z,sell,1.76e-06,667.0,0.00117392
YOYOW/BTC,1564301542104,2019-07-28T08:12:22.104Z,buy,1.77e-06,1773.0,0.00313821
YOYOW/BTC,1564301553050,2019-07-28T08:12:33.050Z,buy,1.77e-06,128228.0,0.22696356
YOYOW/BTC,1564301562193,2019-07-28T08:12:42.193Z,buy,1.77e-06,5830.0,0.0103191
YOYOW/BTC,1564302155762,2019-07-28T08:22:35.762Z,buy,1.77e-06,60.0,0.0001062
YOYOW/BTC,1564302155762,2019-07-28T08:22:35.762Z,buy,1.77e-06,60.0,0.0001062
YOYOW/BTC,1564303513750,2019-07-28T08:45:13.750Z,buy,1.77e-06,1103.0,0.00195231
YOYOW/BTC,1564303513784,2019-07-28T08:45:13.784Z,buy,1.77e-06,3492.0,0.00618084
YOYOW/BTC,1564303513788,2019-07-28T08:45:13.788Z,buy,1.77e-06,149.0,0.00026373
YOYOW/BTC,1564303514461,2019-07-28T08:45:14.461Z,buy,1.77e-06,278.0,0.00049206
YOYOW/BTC,1564303634574,2019-07-28T08:47:14.574Z,buy,1.77e-06,94236.0,0.16679772
YOYOW/BTC,1564303651748,2019-07-28T08:47:31.748Z,sell,1.77e-06,800.0,0.001416
YOYOW/BTC,1564303696381,2019-07-28T08:48:16.381Z,sell,1.77e-06,800.0,0.001416
YOYOW/BTC,1564304421327,2019-07-28T09:00:21.327Z,buy,1.78e-06,402.0,0.00071556
YOYOW/BTC,1564304421384,2019-07-28T09:00:21.384Z,buy,1.78e-06,1207.0,0.00214846
YOYOW/BTC,1564304495265,2019-07-28T09:01:35.265Z,sell,1.77e-06,642.0,0.00113634
YOYOW/BTC,1564305542425,2019-07-28T09:19:02.425Z,buy,1.78e-06,1177.0,0.0020950599999999
YOYOW/BTC,1564305662835,2019-07-28T09:21:02.835Z,buy,1.78e-06,471.0,0.0008383799999999
YOYOW/BTC,1564305745334,2019-07-28T09:22:25.334Z,sell,1.77e-06,92.0,0.00016284
YOYOW/BTC,1564305745334,2019-07-28T09:22:25.334Z,sell,1.77e-06,92.0,0.00016284
YOYOW/BTC,1564306816359,2019-07-28T09:40:16.359Z,buy,1.78e-06,12170.0,0.0216625999999999
YOYOW/BTC,1564306909965,2019-07-28T09:41:49.965Z,sell,1.77e-06,100.0,0.000177
YOYOW/BTC,1564306924929,2019-07-28T09:42:04.929Z,buy,1.78e-06,2784.0,0.00495552
YOYOW/BTC,1564307378035,2019-07-28T09:49:38.035Z,buy,1.79e-06,1508.0,0.00269932
YOYOW/BTC,1564307494196,2019-07-28T09:51:34.196Z,sell,1.78e-06,1034.0,0.00184052
YOYOW/BTC,1564307499822,2019-07-28T09:51:39.822Z,sell,1.78e-06,92.0,0.00016376
YOYOW/BTC,1564307519194,2019-07-28T09:51:59.194Z,sell,1.78e-06,300.0,0.000534
YOYOW/BTC,1564307533007,2019-07-28T09:52:13.007Z,sell,1.78e-06,76.0,0.00013528
YOYOW/BTC,1564307548135,2019-07-28T09:52:28.135Z,sell,1.78e-06,3024.0,0.00538272
YOYOW/BTC,1564307782996,2019-07-28T09:56:22.996Z,buy,1.79e-06,4976.0,0.00890704
YOYOW/BTC,1564307786046,2019-07-28T09:56:26.046Z,sell,1.78e-06,561.0,0.00099858
YOYOW/BTC,1564308033490,2019-07-28T10:00:33.490Z,sell,1.77e-06,932.0,0.00164964
YOYOW/BTC,1564308955590,2019-07-28T10:15:55.590Z,sell,1.77e-06,2226.0,0.00394002
YOYOW/BTC,1564309088043,2019-07-28T10:18:08.043Z,buy,1.78e-06,2966.0,0.00527948
YOYOW/BTC,1564309088043,2019-07-28T10:18:08.043Z,buy,1.78e-06,2966.0,0.00527948
YOYOW/BTC,1564310152046,2019-07-28T10:35:52.046Z,buy,1.78e-06,4598.0,0.00818444
YOYOW/BTC,1564310428561,2019-07-28T10:40:28.561Z,sell,1.78e-06,1636.0,0.00291208
YOYOW/BTC,1564310521805,2019-07-28T10:42:01.805Z,sell,1.78e-06,800.0,0.001424
YOYOW/BTC,1564311073421,2019-07-28T10:51:13.421Z,sell,1.78e-06,648.0,0.00115344
YOYOW/BTC,1564311385367,2019-07-28T10:56:25.367Z,sell,1.78e-06,23559.0,0.0419350199999999
YOYOW/BTC,1564311760726,2019-07-28T11:02:40.726Z,sell,1.77e-06,5996.0,0.01061292
YOYOW/BTC,1564311769116,2019-07-28T11:02:49.116Z,sell,1.77e-06,5296.0,0.0093739199999999
YOYOW/BTC,1564311812067,2019-07-28T11:03:32.067Z,sell,1.77e-06,5646.0,0.00999342
YOYOW/BTC,1564311833331,2019-07-28T11:03:53.331Z,sell,1.77e-06,82.0,0.00014514
YOYOW/BTC,1564311857214,2019-07-28T11:04:17.214Z,sell,1.77e-06,16582.0,0.02935014
YOYOW/BTC,1564311857402,2019-07-28T11:04:17.402Z,sell,1.77e-06,3900.0,0.006903
YOYOW/BTC,1564311858968,2019-07-28T11:04:18.968Z,sell,1.77e-06,1100.0,0.001947
YOYOW/BTC,1564312581992,2019-07-28T11:16:21.992Z,buy,1.78e-06,1558.0,0.0027732399999999
YOYOW/BTC,1564312681948,2019-07-28T11:18:01.948Z,buy,1.78e-06,112.0,0.00019936
YOYOW/BTC,1564312681948,2019-07-28T11:18:01.948Z,buy,1.78e-06,112.0,0.00019936
YOYOW/BTC,1564313184089,2019-07-28T11:26:24.089Z,buy,1.78e-06,16011.0,0.02849958
YOYOW/BTC,1564315256599,2019-07-28T12:00:56.599Z,sell,1.77e-06,15925.0,0.02818725
YOYOW/BTC,1564315257269,2019-07-28T12:00:57.269Z,buy,1.77e-06,139.0,0.00024603
YOYOW/BTC,1564315257425,2019-07-28T12:00:57.425Z,buy,1.77e-06,139.0,0.00024603
YOYOW/BTC,1564315257589,2019-07-28T12:00:57.589Z,buy,1.77e-06,139.0,0.00024603
YOYOW/BTC,1564315257738,2019-07-28T12:00:57.738Z,buy,1.77e-06,139.0,0.00024603
YOYOW/BTC,1564315257896,2019-07-28T12:00:57.896Z,buy,1.77e-06,139.0,0.00024603
YOYOW/BTC,1564315258051,2019-07-28T12:00:58.051Z,buy,1.77e-06,139.0,0.00024603
YOYOW/BTC,1564315258204,2019-07-28T12:00:58.204Z,buy,1.77e-06,139.0,0.00024603
YOYOW/BTC,1564315258368,2019-07-28T12:00:58.368Z,buy,1.77e-06,139.0,0.00024603
YOYOW/BTC,1564315258518,2019-07-28T12:00:58.518Z,buy,1.77e-06,139.0,0.00024603
YOYOW/BTC,1564315258703,2019-07-28T12:00:58.703Z,buy,1.77e-06,139.0,0.00024603
YOYOW/BTC,1564315259009,2019-07-28T12:00:59.009Z,buy,1.77e-06,140.0,0.0002478
YOYOW/BTC,1564315271526,2019-07-28T12:01:11.526Z,sell,1.76e-06,35447.0,0.06238672
YOYOW/BTC,1564315283335,2019-07-28T12:01:23.335Z,sell,1.76e-06,750.0,0.00132
YOYOW/BTC,1564315307323,2019-07-28T12:01:47.323Z,sell,1.76e-06,11157.0,0.01963632
YOYOW/BTC,1564315307323,2019-07-28T12:01:47.323Z,sell,1.76e-06,11157.0,0.01963632
YOYOW/BTC,1564316447804,2019-07-28T12:20:47.804Z,buy,1.77e-06,741.0,0.00131157
YOYOW/BTC,1564316460969,2019-07-28T12:21:00.969Z,sell,1.76e-06,75013.0,0.13202288
YOYOW/BTC,1564316464497,2019-07-28T12:21:04.497Z,buy,1.76e-06,800.0,0.001408
YOYOW/BTC,1564316474344,2019-07-28T12:21:14.344Z,buy,1.76e-06,800.0,0.001408
YOYOW/BTC,1564316479455,2019-07-28T12:21:19.455Z,buy,1.76e-06,800.0,0.001408
YOYOW/BTC,1564316531954,2019-07-28T12:22:11.954Z,sell,1.75e-06,50063.0,0.08761025
YOYOW/BTC,1564316532435,2019-07-28T12:22:12.435Z,buy,1.75e-06,1514.0,0.0026495
YOYOW/BTC,1564316532435,2019-07-28T12:22:12.435Z,buy,1.76e-06,878.0,0.00154528
YOYOW/BTC,1564316834490,2019-07-28T12:27:14.490Z,buy,1.76e-06,921.0,0.00162096
YOYOW/BTC,1564317555616,2019-07-28T12:39:15.616Z,buy,1.76e-06,800.0,0.001408
YOYOW/BTC,1564317810841,2019-07-28T12:43:30.841Z,buy,1.76e-06,701.0,0.00123376
YOYOW/BTC,1564317894224,2019-07-28T12:44:54.224Z,buy,1.76e-06,350.0,0.000616
YOYOW/BTC,1564318008194,2019-07-28T12:46:48.194Z,buy,1.76e-06,175.0,0.000308
YOYOW/BTC,1564318015185,2019-07-28T12:46:55.185Z,buy,1.76e-06,300.0,0.000528
YOYOW/BTC,1564318015434,2019-07-28T12:46:55.434Z,buy,1.76e-06,800.0,0.001408
YOYOW/BTC,1564318310279,2019-07-28T12:51:50.279Z,sell,1.75e-06,6208.0,0.010864
YOYOW/BTC,1564318310314,2019-07-28T12:51:50.314Z,buy,1.75e-06,2924.0,0.005117
YOYOW/BTC,1564318313388,2019-07-28T12:51:53.388Z,buy,1.75e-06,88.0,0.000154
YOYOW/BTC,1564318313388,2019-07-28T12:51:53.388Z,buy,1.76e-06,2738.0,0.00481888
YOYOW/BTC,1564318603571,2019-07-28T12:56:43.571Z,buy,1.75e-06,782.0,0.0013685
YOYOW/BTC,1564318614299,2019-07-28T12:56:54.299Z,buy,1.75e-06,300.0,0.000525
YOYOW/BTC,1564318619977,2019-07-28T12:56:59.977Z,buy,1.75e-06,800.0,0.0014
YOYOW/BTC,1564318622910,2019-07-28T12:57:02.910Z,buy,1.75e-06,3844.0,0.0067269999999999
YOYOW/BTC,1564318622938,2019-07-28T12:57:02.938Z,buy,1.75e-06,12543.0,0.02195025
YOYOW/BTC,1564318623614,2019-07-28T12:57:03.614Z,buy,1.75e-06,354.0,0.0006195
YOYOW/BTC,1564318839868,2019-07-28T13:00:39.868Z,buy,1.76e-06,869.0,0.00152944
YOYOW/BTC,1564318839868,2019-07-28T13:00:39.868Z,buy,1.76e-06,869.0,0.00152944
YOYOW/BTC,1564318922551,2019-07-28T13:02:02.551Z,buy,1.76e-06,800.0,0.001408
YOYOW/BTC,1564319714518,2019-07-28T13:15:14.518Z,buy,1.76e-06,59.0,0.00010384
YOYOW/BTC,1564320457883,2019-07-28T13:27:37.883Z,buy,1.76e-06,89.0,0.00015664
YOYOW/BTC,1564320724701,2019-07-28T13:32:04.701Z,buy,1.76e-06,172.0,0.00030272
YOYOW/BTC,1564320725204,2019-07-28T13:32:05.204Z,buy,1.76e-06,167.0,0.00029392
YOYOW/BTC,1564321359130,2019-07-28T13:42:39.130Z,buy,1.76e-06,59.0,0.00010384
YOYOW/BTC,1564321514809,2019-07-28T13:45:14.809Z,sell,1.75e-06,1103.0,0.0019302499999999
YOYOW/BTC,1564321601672,2019-07-28T13:46:41.672Z,buy,1.76e-06,2250.0,0.00396
YOYOW/BTC,1564322098700,2019-07-28T13:54:58.700Z,sell,1.75e-06,737.0,0.0012897499999999
YOYOW/BTC,1564322098700,2019-07-28T13:54:58.700Z,sell,1.75e-06,737.0,0.0012897499999999
YOYOW/BTC,1564322677384,2019-07-28T14:04:37.384Z,sell,1.75e-06,1175.0,0.00205625
YOYOW/BTC,1564323758566,2019-07-28T14:22:38.566Z,buy,1.76e-06,163.0,0.00028688
YOYOW/BTC,1564323816176,2019-07-28T14:23:36.176Z,buy,1.76e-06,46558.0,0.08194208
YOYOW/BTC,1564323879938,2019-07-28T14:24:39.938Z,sell,1.76e-06,4997.0,0.00879472
YOYOW/BTC,1564324236533,2019-07-28T14:30:36.533Z,sell,1.76e-06,753.0,0.00132528
YOYOW/BTC,1564324387075,2019-07-28T14:33:07.075Z,buy,1.76e-06,2875.0,0.00506
YOYOW/BTC,1564324396895,2019-07-28T14:33:16.895Z,sell,1.76e-06,5742.0,0.01010592
YOYOW/BTC,1564324466704,2019-07-28T14:34:26.704Z,sell,1.75e-06,13505.0,0.02363375
YOYOW/BTC,1564325115438,2019-07-28T14:45:15.438Z,sell,1.75e-06,9660.0,0.016905
YOYOW/BTC,1564325438466,2019-07-28T14:50:38.466Z,sell,1.76e-06,652.0,0.00114752
YOYOW/BTC,1564325438466,2019-07-28T14:50:38.466Z,sell,1.76e-06,652.0,0.00114752
YOYOW/BTC,1564326411571,2019-07-28T15:06:51.571Z,buy,1.77e-06,940.0,0.0016638
YOYOW/BTC,1564326701582,2019-07-28T15:11:41.582Z,sell,1.75e-06,757.0,0.00132475
YOYOW/BTC,1564326912468,2019-07-28T15:15:12.468Z,sell,1.75e-06,66.0,0.0001155
YOYOW/BTC,1564327520348,2019-07-28T15:25:20.348Z,buy,1.77e-06,8378.0,0.01482906
YOYOW/BTC,1564327715261,2019-07-28T15:28:35.261Z,sell,1.76e-06,341.0,0.00060016
YOYOW/BTC,1564328369799,2019-07-28T15:39:29.799Z,sell,1.76e-06,2423.0,0.00426448
YOYOW/BTC,1564328486981,2019-07-28T15:41:26.981Z,sell,1.76e-06,800.0,0.001408
YOYOW/BTC,1564328551904,2019-07-28T15:42:31.904Z,sell,1.76e-06,62.0,0.00010912
YOYOW/BTC,1564328551904,2019-07-28T15:42:31.904Z,sell,1.76e-06,62.0,0.00010912
YOYOW/BTC,1564329180773,2019-07-28T15:53:00.773Z,buy,1.77e-06,176.0,0.00031152
YOYOW/BTC,1564329181150,2019-07-28T15:53:01.150Z,buy,1.77e-06,176.0,0.00031152
YOYOW/BTC,1564329197576,2019-07-28T15:53:17.576Z,buy,1.77e-06,176.0,0.00031152
YOYOW/BTC,1564329807187,2019-07-28T16:03:27.187Z,sell,1.76e-06,2943.0,0.00517968
YOYOW/BTC,1564329912036,2019-07-28T16:05:12.036Z,buy,1.77e-06,5612.0,0.00993324
YOYOW/BTC,1564330266680,2019-07-28T16:11:06.680Z,sell,1.76e-06,747.0,0.00131472
YOYOW/BTC,1564330390913,2019-07-28T16:13:10.913Z,buy,1.77e-06,4811.0,0.00851547
YOYOW/BTC,1564330392521,2019-07-28T16:13:12.521Z,sell,1.77e-06,2841.0,0.00502857
YOYOW/BTC,1564330404914,2019-07-28T16:13:24.914Z,buy,1.77e-06,2631.0,0.00465687
YOYOW/BTC,1564330404933,2019-07-28T16:13:24.933Z,buy,1.77e-06,4061.0,0.00718797
YOYOW/BTC,1564330408920,2019-07-28T16:13:28.920Z,sell,1.77e-06,2841.0,0.00502857
YOYOW/BTC,1564330422054,2019-07-28T16:13:42.054Z,buy,1.78e-06,634.0,0.00112852
YOYOW/BTC,1564330423043,2019-07-28T16:13:43.043Z,buy,1.78e-06,634.0,0.00112852
YOYOW/BTC,1564330501349,2019-07-28T16:15:01.349Z,buy,1.78e-06,10429.0,0.01856362
YOYOW/BTC,1564330512791,2019-07-28T16:15:12.791Z,sell,1.77e-06,59.0,0.00010443
YOYOW/BTC,1564330528711,2019-07-28T16:15:28.711Z,buy,1.78e-06,7296.0,0.01298688
YOYOW/BTC,1564330647586,2019-07-28T16:17:27.586Z,buy,1.78e-06,14431.0,0.0256871799999999
YOYOW/BTC,1564330647962,2019-07-28T16:17:27.962Z,sell,1.78e-06,634.0,0.00112852
YOYOW/BTC,1564330648476,2019-07-28T16:17:28.476Z,sell,1.78e-06,5649.0,0.01005522
YOYOW/BTC,1564330650558,2019-07-28T16:17:30.558Z,sell,1.78e-06,1398.0,0.0024884399999999
YOYOW/BTC,1564330661988,2019-07-28T16:17:41.988Z,sell,1.78e-06,800.0,0.001424
YOYOW/BTC,1564330698207,2019-07-28T16:18:18.207Z,sell,1.78e-06,526.0,0.00093628
YOYOW/BTC,1564330723473,2019-07-28T16:18:43.473Z,sell,1.78e-06,23922.0,0.04258116
YOYOW/BTC,1564330757832,2019-07-28T16:19:17.832Z,sell,1.78e-06,2250.0,0.004005
YOYOW/BTC,1564330806059,2019-07-28T16:20:06.059Z,buy,1.79e-06,2793.0,0.00499947
YOYOW/BTC,1564330810104,2019-07-28T16:20:10.104Z,sell,1.78e-06,664.0,0.00118192
YOYOW/BTC,1564330952387,2019-07-28T16:22:32.387Z,sell,1.78e-06,163.0,0.00029014
YOYOW/BTC,1564330961411,2019-07-28T16:22:41.411Z,buy,1.79e-06,571.0,0.00102209
YOYOW/BTC,1564331006018,2019-07-28T16:23:26.018Z,sell,1.78e-06,15950.0,0.028391
YOYOW/BTC,1564331023859,2019-07-28T16:23:43.859Z,buy,1.79e-06,5000.0,0.00895
YOYOW/BTC,1564331073297,2019-07-28T16:24:33.297Z,buy,1.79e-06,5587.0,0.01000073
YOYOW/BTC,1564331396321,2019-07-28T16:29:56.321Z,buy,1.79e-06,29950.0,0.0536105
YOYOW/BTC,1564331396347,2019-07-28T16:29:56.347Z,sell,1.79e-06,800.0,0.001432
YOYOW/BTC,1564331396387,2019-07-28T16:29:56.387Z,sell,1.79e-06,688.0,0.00123152
YOYOW/BTC,1564331398283,2019-07-28T16:29:58.283Z,sell,1.79e-06,911.0,0.00163069
YOYOW/BTC,1564331400628,2019-07-28T16:30:00.628Z,sell,1.79e-06,800.0,0.001432
YOYOW/BTC,1564331412074,2019-07-28T16:30:12.074Z,sell,1.79e-06,1015.0,0.00181685
YOYOW/BTC,1564331427266,2019-07-28T16:30:27.266Z,sell,1.79e-06,429.0,0.00076791
YOYOW/BTC,1564331427643,2019-07-28T16:30:27.643Z,sell,1.79e-06,7.0,1.253e-05
YOYOW/BTC,1564331427643,2019-07-28T16:30:27.643Z,sell,1.78e-06,293.0,0.00052154
YOYOW/BTC,1564331429221,2019-07-28T16:30:29.221Z,buy,1.8e-06,304.0,0.0005472
YOYOW/BTC,1564331434870,2019-07-28T16:30:34.870Z,sell,1.78e-06,951.0,0.0016927799999999
YOYOW/BTC,1564331659889,2019-07-28T16:34:19.889Z,buy,1.8e-06,833.0,0.0014994
YOYOW/BTC,1564331729805,2019-07-28T16:35:29.805Z,buy,1.8e-06,833.0,0.0014994
YOYOW/BTC,1564331729892,2019-07-28T16:35:29.892Z,sell,1.79e-06,1606.0,0.00287474
YOYOW/BTC,1564331729896,2019-07-28T16:35:29.896Z,sell,1.79e-06,2076.0,0.00371604
YOYOW/BTC,1564331731078,2019-07-28T16:35:31.078Z,buy,1.8e-06,1388.0,0.0024984
YOYOW/BTC,1564331731121,2019-07-28T16:35:31.121Z,buy,1.8e-06,11111.0,0.0199997999999999
YOYOW/BTC,1564331731291,2019-07-28T16:35:31.291Z,buy,1.8e-06,2830.0,0.005094
YOYOW/BTC,1564331733040,2019-07-28T16:35:33.040Z,buy,1.8e-06,810.0,0.0014579999999999
YOYOW/BTC,1564331733373,2019-07-28T16:35:33.373Z,buy,1.8e-06,2354.0,0.0042372
YOYOW/BTC,1564331733467,2019-07-28T16:35:33.467Z,buy,1.8e-06,2777.0,0.0049986
YOYOW/BTC,1564331733776,2019-07-28T16:35:33.776Z,buy,1.8e-06,2170.0,0.0039059999999999
YOYOW/BTC,1564331741900,2019-07-28T16:35:41.900Z,sell,1.79e-06,1082.0,0.00193678
YOYOW/BTC,1564331742006,2019-07-28T16:35:42.006Z,sell,1.79e-06,8730.0,0.0156267
YOYOW/BTC,1564331743029,2019-07-28T16:35:43.029Z,sell,1.78e-06,1286.0,0.0022890799999999
YOYOW/BTC,1564331752471,2019-07-28T16:35:52.471Z,sell,1.79e-06,1185.0,0.00212115
YOYOW/BTC,1564331755312,2019-07-28T16:35:55.312Z,sell,1.79e-06,210.0,0.0003759
YOYOW/BTC,1564331755312,2019-07-28T16:35:55.312Z,sell,1.78e-06,90.0,0.0001602
YOYOW/BTC,1564332044478,2019-07-28T16:40:44.478Z,sell,1.78e-06,800.0,0.001424
YOYOW/BTC,1564332104509,2019-07-28T16:41:44.509Z,sell,1.78e-06,1225.0,0.0021804999999999
YOYOW/BTC,1564332141940,2019-07-28T16:42:21.940Z,sell,1.78e-06,34600.0,0.061588
YOYOW/BTC,1564332141940,2019-07-28T16:42:21.940Z,sell,1.78e-06,34600.0,0.061588
YOYOW/BTC,1564332363980,2019-07-28T16:46:03.980Z,sell,1.78e-06,34634.0,0.06164852
YOYOW/BTC,1564332380206,2019-07-28T16:46:20.206Z,sell,1.78e-06,23884.0,0.04251352
YOYOW/BTC,1564332630893,2019-07-28T16:50:30.893Z,sell,1.78e-06,16000.0,0.02848
YOYOW/BTC,1564332631789,2019-07-28T16:50:31.789Z,buy,1.79e-06,322.0,0.00057638
YOYOW/BTC,1564332632070,2019-07-28T16:50:32.070Z,buy,1.79e-06,322.0,0.00057638
YOYOW/BTC,1564332632824,2019-07-28T16:50:32.824Z,sell,1.78e-06,322.0,0.00057316
YOYOW/BTC,1564333133934,2019-07-28T16:58:53.934Z,sell,1.78e-06,116.0,0.00020648
YOYOW/BTC,1564333135092,2019-07-28T16:58:55.092Z,sell,1.78e-06,7296.0,0.01298688
YOYOW/BTC,1564333352976,2019-07-28T17:02:32.976Z,buy,1.79e-06,4993.0,0.00893747
YOYOW/BTC,1564333353054,2019-07-28T17:02:33.054Z,sell,1.79e-06,11949.0,0.02138871
YOYOW/BTC,1564333353514,2019-07-28T17:02:33.514Z,sell,1.79e-06,2779.0,0.00497441
YOYOW/BTC,1564333355997,2019-07-28T17:02:35.997Z,sell,1.79e-06,800.0,0.001432
YOYOW/BTC,1564333356847,2019-07-28T17:02:36.847Z,sell,1.79e-06,2779.0,0.00497441
YOYOW/BTC,1564333388848,2019-07-28T17:03:08.848Z,sell,1.79e-06,2475.0,0.00443025
YOYOW/BTC,1564333435230,2019-07-28T17:03:55.230Z,sell,1.79e-06,400.0,0.000716
YOYOW/BTC,1564333534554,2019-07-28T17:05:34.554Z,buy,1.8e-06,54367.0,0.0978605999999999
YOYOW/BTC,1564333587453,2019-07-28T17:06:27.453Z,buy,1.8e-06,85860.0,0.154548
YOYOW/BTC,1564333620617,2019-07-28T17:07:00.617Z,sell,1.8e-06,520.0,0.000936
YOYOW/BTC,1564333620619,2019-07-28T17:07:00.619Z,sell,1.79e-06,520.0,0.0009308
YOYOW/BTC,1564333626248,2019-07-28T17:07:06.248Z,sell,1.79e-06,786.0,0.00140694
YOYOW/BTC,1564333637877,2019-07-28T17:07:17.877Z,sell,1.79e-06,494.0,0.00088426
YOYOW/BTC,1564333639805,2019-07-28T17:07:19.805Z,sell,1.79e-06,800.0,0.001432
YOYOW/BTC,1564333730275,2019-07-28T17:08:50.275Z,sell,1.8e-06,7420.0,0.013356
YOYOW/BTC,1564333730407,2019-07-28T17:08:50.407Z,sell,1.8e-06,2980.0,0.005364
YOYOW/BTC,1564333730436,2019-07-28T17:08:50.436Z,sell,1.8e-06,4996.0,0.0089928
YOYOW/BTC,1564333746427,2019-07-28T17:09:06.427Z,buy,1.8e-06,14004.0,0.0252072
YOYOW/BTC,1564333749466,2019-07-28T17:09:09.466Z,sell,1.8e-06,1230.0,0.002214
YOYOW/BTC,1564333844935,2019-07-28T17:10:44.935Z,sell,1.8e-06,300.0,0.00054
YOYOW/BTC,1564333862036,2019-07-28T17:11:02.036Z,sell,1.8e-06,800.0,0.0014399999999999
YOYOW/BTC,1564333896493,2019-07-28T17:11:36.493Z,sell,1.8e-06,125.0,0.000225
YOYOW/BTC,1564333937114,2019-07-28T17:12:17.114Z,sell,1.8e-06,659.0,0.0011861999999999
YOYOW/BTC,1564333954037,2019-07-28T17:12:34.037Z,sell,1.8e-06,145.0,0.000261
YOYOW/BTC,1564334064475,2019-07-28T17:14:24.475Z,sell,1.8e-06,28132.0,0.0506376
YOYOW/BTC,1564334103115,2019-07-28T17:15:03.115Z,sell,1.8e-06,7393.0,0.0133073999999999
YOYOW/BTC,1564334112431,2019-07-28T17:15:12.431Z,sell,1.8e-06,119.0,0.0002142
YOYOW/BTC,1564334216448,2019-07-28T17:16:56.448Z,sell,1.8e-06,810.0,0.0014579999999999
YOYOW/BTC,1564334271573,2019-07-28T17:17:51.573Z,sell,1.8e-06,471.0,0.0008478
YOYOW/BTC,1564334332192,2019-07-28T17:18:52.192Z,buy,1.81e-06,4337.0,0.00784997
YOYOW/BTC,1564334826353,2019-07-28T17:27:06.353Z,sell,1.8e-06,48089.0,0.0865601999999999
YOYOW/BTC,1564334899178,2019-07-28T17:28:19.178Z,sell,1.8e-06,2090.0,0.0037619999999999
YOYOW/BTC,1564334949346,2019-07-28T17:29:09.346Z,sell,1.8e-06,74.0,0.0001331999999999
YOYOW/BTC,1564335094926,2019-07-28T17:31:34.926Z,sell,1.8e-06,3888.0,0.0069984
YOYOW/BTC,1564335186245,2019-07-28T17:33:06.245Z,buy,1.81e-06,56.0,0.00010136
YOYOW/BTC,1564335255682,2019-07-28T17:34:15.682Z,sell,1.8e-06,3774.0,0.0067932
YOYOW/BTC,1564335450089,2019-07-28T17:37:30.089Z,sell,1.8e-06,651.0,0.0011718
YOYOW/BTC,1564335450089,2019-07-28T17:37:30.089Z,sell,1.8e-06,651.0,0.0011718
YOYOW/BTC,1564335837953,2019-07-28T17:43:57.953Z,sell,1.8e-06,1666.0,0.0029988
YOYOW/BTC,1564335917520,2019-07-28T17:45:17.520Z,sell,1.8e-06,3559.0,0.0064062
YOYOW/BTC,1564335983460,2019-07-28T17:46:23.460Z,sell,1.8e-06,800.0,0.0014399999999999
YOYOW/BTC,1564336389754,2019-07-28T17:53:09.754Z,sell,1.8e-06,28746.0,0.0517428
YOYOW/BTC,1564336474291,2019-07-28T17:54:34.291Z,buy,1.81e-06,15525.0,0.02810025
YOYOW/BTC,1564336739137,2019-07-28T17:58:59.137Z,sell,1.8e-06,104.0,0.0001872
YOYOW/BTC,1564336851106,2019-07-28T18:00:51.106Z,sell,1.8e-06,9812.0,0.0176616
YOYOW/BTC,1564337048505,2019-07-28T18:04:08.505Z,sell,1.8e-06,3040.0,0.0054719999999999
YOYOW/BTC,1564337123781,2019-07-28T18:05:23.781Z,sell,1.8e-06,9101.0,0.0163818
YOYOW/BTC,1564337134826,2019-07-28T18:05:34.826Z,sell,1.79e-06,940.0,0.0016826
YOYOW/BTC,1564337143386,2019-07-28T18:05:43.386Z,sell,1.79e-06,4466.0,0.00799414
YOYOW/BTC,1564337167496,2019-07-28T18:06:07.496Z,sell,1.79e-06,44734.0,0.08007386
YOYOW/BTC,1564337177470,2019-07-28T18:06:17.470Z,sell,1.79e-06,27273.0,0.04881867
YOYOW/BTC,1564337185267,2019-07-28T18:06:25.267Z,sell,1.79e-06,2809.0,0.00502811
YOYOW/BTC,1564337198224,2019-07-28T18:06:38.224Z,sell,1.79e-06,243.0,0.00043497
YOYOW/BTC,1564337545049,2019-07-28T18:12:25.049Z,sell,1.78e-06,121379.0,0.2160546199999999
YOYOW/BTC,1564337713496,2019-07-28T18:15:13.496Z,buy,1.8e-06,70.0,0.000126
YOYOW/BTC,1564338024342,2019-07-28T18:20:24.342Z,buy,1.79e-06,5578.0,0.00998462
YOYOW/BTC,1564338040518,2019-07-28T18:20:40.518Z,buy,1.79e-06,524.0,0.00093796
YOYOW/BTC,1564338154556,2019-07-28T18:22:34.556Z,buy,1.79e-06,76.0,0.00013604
YOYOW/BTC,1564338250124,2019-07-28T18:24:10.124Z,buy,1.79e-06,10187.0,0.01823473
YOYOW/BTC,1564338459624,2019-07-28T18:27:39.624Z,buy,1.79e-06,59.0,0.00010561
YOYOW/BTC,1564338609748,2019-07-28T18:30:09.748Z,buy,1.79e-06,261.0,0.00046719
YOYOW/BTC,1564338614865,2019-07-28T18:30:14.865Z,buy,1.79e-06,2458.0,0.00439982
YOYOW/BTC,1564338615317,2019-07-28T18:30:15.317Z,buy,1.79e-06,1396.0,0.00249884
YOYOW/BTC,1564338880468,2019-07-28T18:34:40.468Z,sell,1.78e-06,4336.0,0.0077180799999999
YOYOW/BTC,1564338880468,2019-07-28T18:34:40.468Z,sell,1.78e-06,4336.0,0.0077180799999999
YOYOW/BTC,1564339083363,2019-07-28T18:38:03.363Z,buy,1.79e-06,14826.0,0.02653854
YOYOW/BTC,1564339895632,2019-07-28T18:51:35.632Z,sell,1.79e-06,74.0,0.00013246
YOYOW/BTC,1564339939820,2019-07-28T18:52:19.820Z,sell,1.79e-06,79.0,0.00014141
YOYOW/BTC,1564340084528,2019-07-28T18:54:44.528Z,sell,1.79e-06,16230.0,0.0290517
YOYOW/BTC,1564340157648,2019-07-28T18:55:57.648Z,buy,1.8e-06,1240.0,0.002232
YOYOW/BTC,1564341156421,2019-07-28T19:12:36.421Z,buy,1.8e-06,1000.0,0.0018
YOYOW/BTC,1564341966556,2019-07-28T19:26:06.556Z,sell,1.79e-06,570.0,0.0010203
YOYOW/BTC,1564342415960,2019-07-28T19:33:35.960Z,sell,1.79e-06,3589.0,0.00642431
YOYOW/BTC,1564342415960,2019-07-28T19:33:35.960Z,sell,1.79e-06,3589.0,0.00642431
YOYOW/BTC,1564342514043,2019-07-28T19:35:14.043Z,sell,1.79e-06,36341.0,0.06505039
YOYOW/BTC,1564343163947,2019-07-28T19:46:03.947Z,sell,1.79e-06,12933.0,0.02315007
YOYOW/BTC,1564343176862,2019-07-28T19:46:16.862Z,buy,1.79e-06,800.0,0.001432
YOYOW/BTC,1564343539127,2019-07-28T19:52:19.127Z,buy,1.79e-06,8379.0,0.01499841
YOYOW/BTC,1564343539156,2019-07-28T19:52:19.156Z,buy,1.79e-06,8379.0,0.01499841
YOYOW/BTC,1564343539187,2019-07-28T19:52:19.187Z,buy,1.79e-06,2242.0,0.00401318
YOYOW/BTC,1564343836901,2019-07-28T19:57:16.901Z,sell,1.79e-06,12274.0,0.02197046
YOYOW/BTC,1564343900565,2019-07-28T19:58:20.565Z,sell,1.78e-06,150.0,0.000267
YOYOW/BTC,1564343901799,2019-07-28T19:58:21.799Z,buy,1.79e-06,800.0,0.001432
YOYOW/BTC,1564345674013,2019-07-28T20:27:54.013Z,buy,1.79e-06,59.0,0.00010561
YOYOW/BTC,1564345674013,2019-07-28T20:27:54.013Z,buy,1.79e-06,59.0,0.00010561
YOYOW/BTC,1564347309388,2019-07-28T20:55:09.388Z,buy,1.79e-06,221.0,0.00039559
YOYOW/BTC,1564347473007,2019-07-28T20:57:53.007Z,sell,1.79e-06,6272.0,0.01122688
YOYOW/BTC,1564348513476,2019-07-28T21:15:13.476Z,sell,1.79e-06,58.0,0.00010382
YOYOW/BTC,1564348692688,2019-07-28T21:18:12.688Z,buy,1.8e-06,52724.0,0.0949032
YOYOW/BTC,1564348692688,2019-07-28T21:18:12.688Z,buy,1.8e-06,52724.0,0.0949032
YOYOW/BTC,1564349460082,2019-07-28T21:31:00.082Z,sell,1.79e-06,709.0,0.00126911
YOYOW/BTC,1564349623004,2019-07-28T21:33:43.004Z,buy,1.8e-06,1256.0,0.0022608
YOYOW/BTC,1564349762225,2019-07-28T21:36:02.225Z,buy,1.8e-06,666.0,0.0011987999999999
YOYOW/BTC,1564349764384,2019-07-28T21:36:04.384Z,buy,1.8e-06,666.0,0.0011987999999999
YOYOW/BTC,1564349766318,2019-07-28T21:36:06.318Z,buy,1.8e-06,666.0,0.0011987999999999
YOYOW/BTC,1564349768288,2019-07-28T21:36:08.288Z,buy,1.8e-06,666.0,0.0011987999999999
YOYOW/BTC,1564349770082,2019-07-28T21:36:10.082Z,buy,1.8e-06,666.0,0.0011987999999999
YOYOW/BTC,1564349772173,2019-07-28T21:36:12.173Z,buy,1.8e-06,666.0,0.0011987999999999
YOYOW/BTC,1564349773908,2019-07-28T21:36:13.908Z,buy,1.8e-06,666.0,0.0011987999999999
YOYOW/BTC,1564349776556,2019-07-28T21:36:16.556Z,buy,1.8e-06,666.0,0.0011987999999999
YOYOW/BTC,1564349778371,2019-07-28T21:36:18.371Z,buy,1.8e-06,666.0,0.0011987999999999
YOYOW/BTC,1564349780389,2019-07-28T21:36:20.389Z,buy,1.8e-06,666.0,0.0011987999999999
YOYOW/BTC,1564349782453,2019-07-28T21:36:22.453Z,buy,1.8e-06,666.0,0.0011987999999999
YOYOW/BTC,1564349785255,2019-07-28T21:36:25.255Z,buy,1.8e-06,666.0,0.0011987999999999
YOYOW/BTC,1564349788106,2019-07-28T21:36:28.106Z,buy,1.8e-06,666.0,0.0011987999999999
YOYOW/BTC,1564349791339,2019-07-28T21:36:31.339Z,buy,1.8e-06,666.0,0.0011987999999999
YOYOW/BTC,1564349793085,2019-07-28T21:36:33.085Z,buy,1.8e-06,666.0,0.0011987999999999
YOYOW/BTC,1564349795184,2019-07-28T21:36:35.184Z,buy,1.8e-06,666.0,0.0011987999999999
YOYOW/BTC,1564349796826,2019-07-28T21:36:36.826Z,buy,1.8e-06,666.0,0.0011987999999999
YOYOW/BTC,1564349799083,2019-07-28T21:36:39.083Z,buy,1.8e-06,666.0,0.0011987999999999
YOYOW/BTC,1564349800757,2019-07-28T21:36:40.757Z,buy,1.8e-06,666.0,0.0011987999999999
YOYOW/BTC,1564349802468,2019-07-28T21:36:42.468Z,buy,1.8e-06,666.0,0.0011987999999999
YOYOW/BTC,1564349805021,2019-07-28T21:36:45.021Z,buy,1.8e-06,666.0,0.0011987999999999
YOYOW/BTC,1564349806854,2019-07-28T21:36:46.854Z,buy,1.8e-06,666.0,0.0011987999999999
YOYOW/BTC,1564349812929,2019-07-28T21:36:52.929Z,buy,1.8e-06,666.0,0.0011987999999999
YOYOW/BTC,1564349814779,2019-07-28T21:36:54.779Z,buy,1.8e-06,666.0,0.0011987999999999
YOYOW/BTC,1564349817837,2019-07-28T21:36:57.837Z,buy,1.8e-06,666.0,0.0011987999999999
YOYOW/BTC,1564349819703,2019-07-28T21:36:59.703Z,buy,1.8e-06,666.0,0.0011987999999999
YOYOW/BTC,1564349821681,2019-07-28T21:37:01.681Z,buy,1.8e-06,666.0,0.0011987999999999
YOYOW/BTC,1564349826329,2019-07-28T21:37:06.329Z,buy,1.8e-06,666.0,0.0011987999999999
YOYOW/BTC,1564349830124,2019-07-28T21:37:10.124Z,buy,1.8e-06,335.0,0.000603
YOYOW/BTC,1564350291993,2019-07-28T21:44:51.993Z,sell,1.79e-06,18964.0,0.03394556
YOYOW/BTC,1564350617430,2019-07-28T21:50:17.430Z,buy,1.8e-06,833.0,0.0014994
YOYOW/BTC,1564350679623,2019-07-28T21:51:19.623Z,sell,1.79e-06,3492.0,0.00625068
YOYOW/BTC,1564351321717,2019-07-28T22:02:01.717Z,sell,1.79e-06,1506.0,0.00269574
YOYOW/BTC,1564351408006,2019-07-28T22:03:28.006Z,buy,1.8e-06,1277.0,0.0022986
YOYOW/BTC,1564351416472,2019-07-28T22:03:36.472Z,sell,1.79e-06,3000.0,0.00537
YOYOW/BTC,1564351519719,2019-07-28T22:05:19.719Z,sell,1.79e-06,17142.0,0.03068418
YOYOW/BTC,1564351772061,2019-07-28T22:09:32.061Z,buy,1.79e-06,12647.0,0.02263813
YOYOW/BTC,1564351832460,2019-07-28T22:10:32.460Z,buy,1.79e-06,576.0,0.00103104
YOYOW/BTC,1564351939629,2019-07-28T22:12:19.629Z,buy,1.79e-06,428.0,0.00076612
YOYOW/BTC,1564352148491,2019-07-28T22:15:48.491Z,buy,1.79e-06,1330.0,0.0023807
YOYOW/BTC,1564352148491,2019-07-28T22:15:48.491Z,buy,1.79e-06,1330.0,0.0023807
YOYOW/BTC,1564352522761,2019-07-28T22:22:02.761Z,sell,1.79e-06,1329.0,0.00237891
YOYOW/BTC,1564352551726,2019-07-28T22:22:31.726Z,sell,1.79e-06,158.0,0.00028282
YOYOW/BTC,1564352790358,2019-07-28T22:26:30.358Z,sell,1.79e-06,2861.0,0.00512119
YOYOW/BTC,1564352877691,2019-07-28T22:27:57.691Z,sell,1.78e-06,10678.0,0.01900684
YOYOW/BTC,1564352951476,2019-07-28T22:29:11.476Z,sell,1.78e-06,72041.0,0.12823298
YOYOW/BTC,1564352982814,2019-07-28T22:29:42.814Z,sell,1.78e-06,100432.0,0.1787689599999999
YOYOW/BTC,1564353011814,2019-07-28T22:30:11.814Z,sell,1.77e-06,65956.0,0.11674212
YOYOW/BTC,1564353014812,2019-07-28T22:30:14.812Z,sell,1.77e-06,121036.0,0.21423372
YOYOW/BTC,1564353015810,2019-07-28T22:30:15.810Z,sell,1.77e-06,100432.0,0.17776464
YOYOW/BTC,1564353017808,2019-07-28T22:30:17.808Z,sell,1.77e-06,137929.0,0.24413433
YOYOW/BTC,1564353018427,2019-07-28T22:30:18.427Z,sell,1.77e-06,2861.0,0.00506397
YOYOW/BTC,1564353018558,2019-07-28T22:30:18.558Z,sell,1.77e-06,137929.0,0.24413433
YOYOW/BTC,1564353018656,2019-07-28T22:30:18.656Z,sell,1.77e-06,118204.0,0.20922108
YOYOW/BTC,1564353019817,2019-07-28T22:30:19.817Z,sell,1.77e-06,68040.0,0.1204308
YOYOW/BTC,1564353020810,2019-07-28T22:30:20.810Z,sell,1.76e-06,15622.0,0.02749472
YOYOW/BTC,1564353027933,2019-07-28T22:30:27.933Z,sell,1.75e-06,401.0,0.00070175
YOYOW/BTC,1564353041565,2019-07-28T22:30:41.565Z,sell,1.76e-06,2830.0,0.0049808
YOYOW/BTC,1564353098676,2019-07-28T22:31:38.676Z,sell,1.76e-06,981.0,0.00172656
YOYOW/BTC,1564353111727,2019-07-28T22:31:51.727Z,sell,1.75e-06,3678.0,0.0064364999999999
YOYOW/BTC,1564353115059,2019-07-28T22:31:55.059Z,buy,1.76e-06,800.0,0.001408
YOYOW/BTC,1564353115455,2019-07-28T22:31:55.455Z,buy,1.76e-06,182.0,0.00032032
YOYOW/BTC,1564353117459,2019-07-28T22:31:57.459Z,buy,1.76e-06,181.0,0.00031856
YOYOW/BTC,1564353118090,2019-07-28T22:31:58.090Z,buy,1.76e-06,181.0,0.00031856
YOYOW/BTC,1564353122109,2019-07-28T22:32:02.109Z,buy,1.76e-06,800.0,0.001408
YOYOW/BTC,1564353122974,2019-07-28T22:32:02.974Z,buy,1.76e-06,9178.0,0.01615328
YOYOW/BTC,1564353134224,2019-07-28T22:32:14.224Z,sell,1.75e-06,4068.0,0.0071189999999999
YOYOW/BTC,1564353141416,2019-07-28T22:32:21.416Z,buy,1.76e-06,800.0,0.001408
YOYOW/BTC,1564353152467,2019-07-28T22:32:32.467Z,sell,1.75e-06,13223.0,0.02314025
YOYOW/BTC,1564353160211,2019-07-28T22:32:40.211Z,buy,1.76e-06,10447.0,0.01838672
YOYOW/BTC,1564353163032,2019-07-28T22:32:43.032Z,buy,1.76e-06,532.0,0.00093632
YOYOW/BTC,1564353194457,2019-07-28T22:33:14.457Z,buy,1.76e-06,300.0,0.000528
YOYOW/BTC,1564353216126,2019-07-28T22:33:36.126Z,buy,1.76e-06,114.0,0.00020064
YOYOW/BTC,1564353230001,2019-07-28T22:33:50.001Z,buy,1.76e-06,186.0,0.00032736
YOYOW/BTC,1564353244093,2019-07-28T22:34:04.093Z,buy,1.76e-06,5223.0,0.00919248
YOYOW/BTC,1564353305815,2019-07-28T22:35:05.815Z,buy,1.76e-06,1049.0,0.00184624
YOYOW/BTC,1564353335172,2019-07-28T22:35:35.172Z,buy,1.76e-06,13750.0,0.0242
YOYOW/BTC,1564353477012,2019-07-28T22:37:57.012Z,sell,1.76e-06,25316.0,0.04455616
YOYOW/BTC,1564353479827,2019-07-28T22:37:59.827Z,buy,1.76e-06,3925.0,0.006908
YOYOW/BTC,1564353481133,2019-07-28T22:38:01.133Z,buy,1.76e-06,822.0,0.00144672
YOYOW/BTC,1564353487230,2019-07-28T22:38:07.230Z,buy,1.76e-06,647.0,0.00113872
YOYOW/BTC,1564353527618,2019-07-28T22:38:47.618Z,sell,1.75e-06,800.0,0.0014
YOYOW/BTC,1564353567823,2019-07-28T22:39:27.823Z,buy,1.76e-06,16886.0,0.02971936
YOYOW/BTC,1564353568822,2019-07-28T22:39:28.822Z,buy,1.76e-06,24875.0,0.04378
YOYOW/BTC,1564353569618,2019-07-28T22:39:29.618Z,sell,1.76e-06,2067.0,0.00363792
YOYOW/BTC,1564353576042,2019-07-28T22:39:36.042Z,buy,1.77e-06,113.0,0.00020001
YOYOW/BTC,1564353662264,2019-07-28T22:41:02.264Z,buy,1.77e-06,113.0,0.00020001
YOYOW/BTC,1564353688517,2019-07-28T22:41:28.517Z,sell,1.76e-06,169.0,0.00029744
YOYOW/BTC,1564353983882,2019-07-28T22:46:23.882Z,sell,1.76e-06,26806.0,0.04717856
YOYOW/BTC,1564353983882,2019-07-28T22:46:23.882Z,sell,1.75e-06,42693.0,0.07471275
YOYOW/BTC,1564354064971,2019-07-28T22:47:44.971Z,buy,1.76e-06,114.0,0.00020064
YOYOW/BTC,1564354077446,2019-07-28T22:47:57.446Z,buy,1.76e-06,1136.0,0.00199936
YOYOW/BTC,1564354320464,2019-07-28T22:52:00.464Z,sell,1.75e-06,951.0,0.00166425
YOYOW/BTC,1564354322020,2019-07-28T22:52:02.020Z,sell,1.75e-06,1104.0,0.001932
YOYOW/BTC,1564354328785,2019-07-28T22:52:08.785Z,sell,1.75e-06,576.0,0.001008
YOYOW/BTC,1564354331063,2019-07-28T22:52:11.063Z,sell,1.75e-06,100245.0,0.17542875
YOYOW/BTC,1564354332046,2019-07-28T22:52:12.046Z,sell,1.75e-06,800.0,0.0014
YOYOW/BTC,1564354332418,2019-07-28T22:52:12.418Z,sell,1.75e-06,1986.0,0.0034755
YOYOW/BTC,1564354343850,2019-07-28T22:52:23.850Z,sell,1.75e-06,188.0,0.000329
YOYOW/BTC,1564354417099,2019-07-28T22:53:37.099Z,sell,1.75e-06,211.0,0.00036925
YOYOW/BTC,1564354482734,2019-07-28T22:54:42.734Z,sell,1.75e-06,1702.0,0.0029785
YOYOW/BTC,1564354482779,2019-07-28T22:54:42.779Z,buy,1.75e-06,652.0,0.001141
YOYOW/BTC,1564354483223,2019-07-28T22:54:43.223Z,buy,1.75e-06,176.0,0.000308
YOYOW/BTC,1564354483239,2019-07-28T22:54:43.239Z,buy,1.75e-06,1627.0,0.00284725
YOYOW/BTC,1564354483243,2019-07-28T22:54:43.243Z,buy,1.75e-06,367.0,0.00064225
YOYOW/BTC,1564354490977,2019-07-28T22:54:50.977Z,buy,1.75e-06,7638.0,0.0133665
YOYOW/BTC,1564354491071,2019-07-28T22:54:51.071Z,buy,1.75e-06,7645.0,0.01337875
YOYOW/BTC,1564354491126,2019-07-28T22:54:51.126Z,buy,1.75e-06,1475.0,0.0025812499999999
YOYOW/BTC,1564354517870,2019-07-28T22:55:17.870Z,buy,1.76e-06,19756.0,0.03477056
YOYOW/BTC,1564354675756,2019-07-28T22:57:55.756Z,buy,1.77e-06,58.0,0.00010266
YOYOW/BTC,1564354869757,2019-07-28T23:01:09.757Z,buy,1.77e-06,599.0,0.00106023
YOYOW/BTC,1564355379831,2019-07-28T23:09:39.831Z,sell,1.76e-06,77.0,0.00013552
YOYOW/BTC,1564355624463,2019-07-28T23:13:44.463Z,sell,1.76e-06,5649.0,0.00994224
YOYOW/BTC,1564355624485,2019-07-28T23:13:44.485Z,buy,1.76e-06,5649.0,0.00994224
YOYOW/BTC,1564355625930,2019-07-28T23:13:45.930Z,buy,1.76e-06,20165.0,0.0354904
YOYOW/BTC,1564355716493,2019-07-28T23:15:16.493Z,buy,1.77e-06,72.0,0.0001274399999999
YOYOW/BTC,1564355716493,2019-07-28T23:15:16.493Z,buy,1.77e-06,72.0,0.0001274399999999
YOYOW/BTC,1564356157863,2019-07-28T23:22:37.863Z,buy,1.77e-06,68.0,0.0001203599999999
YOYOW/BTC,1564356683412,2019-07-28T23:31:23.412Z,buy,1.77e-06,11038.0,0.01953726
YOYOW/BTC,1564356757618,2019-07-28T23:32:37.618Z,buy,1.78e-06,22054.0,0.03925612
YOYOW/BTC,1564357813808,2019-07-28T23:50:13.808Z,buy,1.78e-06,1516.0,0.0026984799999999
YOYOW/BTC,1564358191764,2019-07-28T23:56:31.764Z,sell,1.77e-06,4332.0,0.00766764
YOYOW/BTC,1564358193479,2019-07-28T23:56:33.479Z,sell,1.77e-06,75.0,0.00013275
YOYOW/BTC,1564358263648,2019-07-28T23:57:43.648Z,sell,1.77e-06,5960.0,0.0105492
YOYOW/BTC,1564358436729,2019-07-29T00:00:36.729Z,sell,1.77e-06,2256.0,0.00399312
YOYOW/BTC,1564358466785,2019-07-29T00:01:06.785Z,sell,1.77e-06,73.0,0.00012921
YOYOW/BTC,1564359021301,2019-07-29T00:10:21.301Z,sell,1.77e-06,800.0,0.001416
YOYOW/BTC,1564359055060,2019-07-29T00:10:55.060Z,sell,1.77e-06,1336.0,0.00236472
YOYOW/BTC,1564359150803,2019-07-29T00:12:30.803Z,sell,1.77e-06,300.0,0.000531
YOYOW/BTC,1564359151825,2019-07-29T00:12:31.825Z,sell,1.77e-06,300.0,0.000531
YOYOW/BTC,1564359198228,2019-07-29T00:13:18.228Z,sell,1.77e-06,2086.0,0.00369222
YOYOW/BTC,1564359313478,2019-07-29T00:15:13.478Z,sell,1.77e-06,88.0,0.00015576
YOYOW/BTC,1564359313478,2019-07-29T00:15:13.478Z,sell,1.77e-06,88.0,0.00015576
YOYOW/BTC,1564359473504,2019-07-29T00:17:53.504Z,sell,1.77e-06,800.0,0.001416
YOYOW/BTC,1564359475508,2019-07-29T00:17:55.508Z,sell,1.77e-06,1349.0,0.00238773
YOYOW/BTC,1564359661332,2019-07-29T00:21:01.332Z,sell,1.77e-06,800.0,0.001416
YOYOW/BTC,1564360142584,2019-07-29T00:29:02.584Z,buy,1.78e-06,113.0,0.00020114
YOYOW/BTC,1564360776736,2019-07-29T00:39:36.736Z,buy,1.78e-06,2087.0,0.00371486
YOYOW/BTC,1564360887148,2019-07-29T00:41:27.148Z,sell,1.78e-06,82.0,0.00014596
YOYOW/BTC,1564360952371,2019-07-29T00:42:32.371Z,sell,1.78e-06,83.0,0.00014774
YOYOW/BTC,1564361811690,2019-07-29T00:56:51.690Z,sell,1.78e-06,38535.0,0.0685923
YOYOW/BTC,1564361896205,2019-07-29T00:58:16.205Z,sell,1.78e-06,1000.0,0.00178
YOYOW/BTC,1564362639566,2019-07-29T01:10:39.566Z,sell,1.78e-06,608.0,0.00108224
YOYOW/BTC,1564362639566,2019-07-29T01:10:39.566Z,sell,1.78e-06,608.0,0.00108224
YOYOW/BTC,1564363610125,2019-07-29T01:26:50.125Z,sell,1.78e-06,5047.0,0.00898366
YOYOW/BTC,1564363624455,2019-07-29T01:27:04.455Z,sell,1.78e-06,3677.0,0.0065450599999999
YOYOW/BTC,1564363721981,2019-07-29T01:28:41.981Z,sell,1.78e-06,6270.0,0.0111606
YOYOW/BTC,1564363732832,2019-07-29T01:28:52.832Z,sell,1.78e-06,1502.0,0.0026735599999999
YOYOW/BTC,1564363735842,2019-07-29T01:28:55.842Z,sell,1.78e-06,7603.0,0.01353334
YOYOW/BTC,1564363941581,2019-07-29T01:32:21.581Z,sell,1.78e-06,10313.0,0.0183571399999999
YOYOW/BTC,1564363954565,2019-07-29T01:32:34.565Z,sell,1.78e-06,3094.0,0.00550732
YOYOW/BTC,1564364552891,2019-07-29T01:42:32.891Z,sell,1.78e-06,58.0,0.00010324
YOYOW/BTC,1564364588456,2019-07-29T01:43:08.456Z,sell,1.78e-06,921.0,0.00163938
YOYOW/BTC,1564364787957,2019-07-29T01:46:27.957Z,sell,1.78e-06,9178.0,0.01633684
YOYOW/BTC,1564364825872,2019-07-29T01:47:05.872Z,sell,1.78e-06,9155.0,0.0162959
YOYOW/BTC,1564364845649,2019-07-29T01:47:25.649Z,sell,1.78e-06,186.0,0.00033108
YOYOW/BTC,1564364949350,2019-07-29T01:49:09.350Z,sell,1.78e-06,800.0,0.001424
YOYOW/BTC,1564365062070,2019-07-29T01:51:02.070Z,sell,1.78e-06,457.0,0.00081346
YOYOW/BTC,1564365080090,2019-07-29T01:51:20.090Z,sell,1.78e-06,800.0,0.001424
YOYOW/BTC,1564365080145,2019-07-29T01:51:20.145Z,sell,1.78e-06,79.0,0.00014062
YOYOW/BTC,1564365080841,2019-07-29T01:51:20.841Z,sell,1.78e-06,800.0,0.001424
YOYOW/BTC,1564365124641,2019-07-29T01:52:04.641Z,sell,1.78e-06,65009.0,0.1157160199999999
YOYOW/BTC,1564365131840,2019-07-29T01:52:11.840Z,sell,1.77e-06,4520.0,0.0080004
YOYOW/BTC,1564365200854,2019-07-29T01:53:20.854Z,buy,1.77e-06,282.0,0.00049914
YOYOW/BTC,1564365483667,2019-07-29T01:58:03.667Z,buy,1.77e-06,8064.0,0.01427328
YOYOW/BTC,1564365483669,2019-07-29T01:58:03.669Z,buy,1.77e-06,11821.0,0.02092317
YOYOW/BTC,1564365483715,2019-07-29T01:58:03.715Z,buy,1.78e-06,11821.0,0.02104138
YOYOW/BTC,1564365483715,2019-07-29T01:58:03.715Z,buy,1.78e-06,11821.0,0.02104138
YOYOW/BTC,1564367437758,2019-07-29T02:30:37.758Z,sell,1.77e-06,4991.0,0.00883407
YOYOW/BTC,1564368236915,2019-07-29T02:43:56.915Z,buy,1.77e-06,1129.0,0.00199833
YOYOW/BTC,1564368748670,2019-07-29T02:52:28.670Z,sell,1.76e-06,5578.0,0.00981728
YOYOW/BTC,1564368750717,2019-07-29T02:52:30.717Z,sell,1.76e-06,193.0,0.00033968
YOYOW/BTC,1564368750941,2019-07-29T02:52:30.941Z,sell,1.76e-06,122.0,0.00021472
YOYOW/BTC,1564368752781,2019-07-29T02:52:32.781Z,sell,1.76e-06,145.0,0.0002552
YOYOW/BTC,1564368752781,2019-07-29T02:52:32.781Z,sell,1.76e-06,145.0,0.0002552
YOYOW/BTC,1564370856934,2019-07-29T03:27:36.934Z,buy,1.77e-06,58.0,0.00010266
YOYOW/BTC,1564370867889,2019-07-29T03:27:47.889Z,buy,1.77e-06,4933.0,0.00873141
YOYOW/BTC,1564370867916,2019-07-29T03:27:47.916Z,sell,1.77e-06,11821.0,0.02092317
YOYOW/BTC,1564370867935,2019-07-29T03:27:47.935Z,sell,1.77e-06,7750.0,0.0137175
YOYOW/BTC,1564370939081,2019-07-29T03:28:59.081Z,buy,1.78e-06,32150.0,0.057227
YOYOW/BTC,1564370939427,2019-07-29T03:28:59.427Z,sell,1.78e-06,2153.0,0.0038323399999999
YOYOW/BTC,1564370950649,2019-07-29T03:29:10.649Z,sell,1.78e-06,580.0,0.0010324
YOYOW/BTC,1564370951789,2019-07-29T03:29:11.789Z,sell,1.78e-06,1934.0,0.0034425199999999
YOYOW/BTC,1564370951913,2019-07-29T03:29:11.913Z,sell,1.78e-06,2412.0,0.0042933599999999
YOYOW/BTC,1564370960374,2019-07-29T03:29:20.374Z,sell,1.78e-06,800.0,0.001424
YOYOW/BTC,1564370966458,2019-07-29T03:29:26.458Z,sell,1.78e-06,800.0,0.001424
YOYOW/BTC,1564371073035,2019-07-29T03:31:13.035Z,sell,1.78e-06,2561.0,0.00455858
YOYOW/BTC,1564371210515,2019-07-29T03:33:30.515Z,sell,1.78e-06,79.0,0.00014062
YOYOW/BTC,1564371328188,2019-07-29T03:35:28.188Z,sell,1.78e-06,986.0,0.00175508
YOYOW/BTC,1564371363284,2019-07-29T03:36:03.284Z,sell,1.78e-06,76.0,0.00013528
YOYOW/BTC,1564371376250,2019-07-29T03:36:16.250Z,sell,1.78e-06,14595.0,0.0259790999999999
YOYOW/BTC,1564371402240,2019-07-29T03:36:42.240Z,sell,1.77e-06,7291.0,0.01290507
YOYOW/BTC,1564372008639,2019-07-29T03:46:48.639Z,sell,1.77e-06,10229.0,0.01810533
YOYOW/BTC,1564372090379,2019-07-29T03:48:10.379Z,sell,1.77e-06,82.0,0.00014514
YOYOW/BTC,1564372090379,2019-07-29T03:48:10.379Z,sell,1.77e-06,82.0,0.00014514
YOYOW/BTC,1564372956309,2019-07-29T04:02:36.309Z,buy,1.78e-06,360.0,0.0006408
YOYOW/BTC,1564372963459,2019-07-29T04:02:43.459Z,buy,1.78e-06,164.0,0.00029192
YOYOW/BTC,1564372968906,2019-07-29T04:02:48.906Z,buy,1.78e-06,34236.0,0.0609400799999999
YOYOW/BTC,1564372968925,2019-07-29T04:02:48.925Z,sell,1.78e-06,34236.0,0.0609400799999999
YOYOW/BTC,1564373039916,2019-07-29T04:03:59.916Z,buy,1.78e-06,19000.0,0.0338199999999999
YOYOW/BTC,1564373111066,2019-07-29T04:05:11.066Z,buy,1.79e-06,62605.0,0.11206295
YOYOW/BTC,1564373173534,2019-07-29T04:06:13.534Z,buy,1.79e-06,77129.0,0.13806091
YOYOW/BTC,1564373447222,2019-07-29T04:10:47.222Z,buy,1.79e-06,2235.0,0.00400065
YOYOW/BTC,1564373582228,2019-07-29T04:13:02.228Z,sell,1.78e-06,800.0,0.001424
YOYOW/BTC,1564373763330,2019-07-29T04:16:03.330Z,sell,1.78e-06,3395.0,0.0060431
YOYOW/BTC,1564374193918,2019-07-29T04:23:13.918Z,sell,1.78e-06,758.0,0.0013492399999999
YOYOW/BTC,1564374500711,2019-07-29T04:28:20.711Z,sell,1.78e-06,7948.0,0.0141474399999999
YOYOW/BTC,1564374500711,2019-07-29T04:28:20.711Z,sell,1.78e-06,7948.0,0.0141474399999999
YOYOW/BTC,1564376202598,2019-07-29T04:56:42.598Z,sell,1.78e-06,84.0,0.00014952
YOYOW/BTC,1564377521840,2019-07-29T05:18:41.840Z,sell,1.78e-06,72.0,0.00012816
YOYOW/BTC,1564377747062,2019-07-29T05:22:27.062Z,sell,1.78e-06,87.0,0.00015486
YOYOW/BTC,1564377747062,2019-07-29T05:22:27.062Z,sell,1.78e-06,87.0,0.00015486
YOYOW/BTC,1564378532357,2019-07-29T05:35:32.357Z,buy,1.79e-06,17984.0,0.03219136
YOYOW/BTC,1564378532988,2019-07-29T05:35:32.988Z,sell,1.79e-06,800.0,0.001432
YOYOW/BTC,1564378552858,2019-07-29T05:35:52.858Z,sell,1.79e-06,878.0,0.00157162
YOYOW/BTC,1564378552858,2019-07-29T05:35:52.858Z,sell,1.78e-06,258.0,0.00045924
YOYOW/BTC,1564378724094,2019-07-29T05:38:44.094Z,buy,1.8e-06,2000.0,0.0036
YOYOW/BTC,1564379481240,2019-07-29T05:51:21.240Z,sell,1.79e-06,1259.0,0.00225361
YOYOW/BTC,1564379481864,2019-07-29T05:51:21.864Z,sell,1.79e-06,1534.0,0.00274586
YOYOW/BTC,1564379491860,2019-07-29T05:51:31.860Z,sell,1.79e-06,31000.0,0.05549
YOYOW/BTC,1564379597836,2019-07-29T05:53:17.836Z,sell,1.78e-06,11223.0,0.01997694
YOYOW/BTC,1564379633871,2019-07-29T05:53:53.871Z,sell,1.78e-06,127005.0,0.2260689
YOYOW/BTC,1564379633895,2019-07-29T05:53:53.895Z,buy,1.78e-06,25177.0,0.04481506
YOYOW/BTC,1564379704814,2019-07-29T05:55:04.814Z,sell,1.77e-06,28490.0,0.0504273
YOYOW/BTC,1564379704830,2019-07-29T05:55:04.830Z,buy,1.77e-06,200.0,0.000354
YOYOW/BTC,1564379704897,2019-07-29T05:55:04.897Z,buy,1.77e-06,200.0,0.000354
YOYOW/BTC,1564379704943,2019-07-29T05:55:04.943Z,buy,1.77e-06,144.0,0.0002548799999999
YOYOW/BTC,1564379705819,2019-07-29T05:55:05.819Z,sell,1.76e-06,6776.0,0.01192576
YOYOW/BTC,1564379709050,2019-07-29T05:55:09.050Z,buy,1.77e-06,1069.0,0.00189213
YOYOW/BTC,1564379709701,2019-07-29T05:55:09.701Z,buy,1.77e-06,800.0,0.001416
YOYOW/BTC,1564379712016,2019-07-29T05:55:12.016Z,buy,1.77e-06,846.0,0.00149742
YOYOW/BTC,1564379727516,2019-07-29T05:55:27.516Z,sell,1.76e-06,844.0,0.00148544
YOYOW/BTC,1564379735624,2019-07-29T05:55:35.624Z,buy,1.77e-06,800.0,0.001416
YOYOW/BTC,1564379787916,2019-07-29T05:56:27.916Z,buy,1.77e-06,800.0,0.001416
YOYOW/BTC,1564379857282,2019-07-29T05:57:37.282Z,buy,1.77e-06,1120.0,0.0019824
YOYOW/BTC,1564379857385,2019-07-29T05:57:37.385Z,buy,1.77e-06,1282.0,0.00226914
YOYOW/BTC,1564379857491,2019-07-29T05:57:37.491Z,buy,1.77e-06,248.0,0.00043896
YOYOW/BTC,1564379857591,2019-07-29T05:57:37.591Z,buy,1.77e-06,940.0,0.0016638
YOYOW/BTC,1564379858069,2019-07-29T05:57:38.069Z,buy,1.77e-06,67.0,0.00011859
YOYOW/BTC,1564379865230,2019-07-29T05:57:45.230Z,buy,1.78e-06,3477.0,0.00618906
YOYOW/BTC,1564379982187,2019-07-29T05:59:42.187Z,sell,1.77e-06,3477.0,0.00615429
YOYOW/BTC,1564380004201,2019-07-29T06:00:04.201Z,buy,1.78e-06,3424.0,0.00609472
YOYOW/BTC,1564380005192,2019-07-29T06:00:05.192Z,sell,1.77e-06,3424.0,0.00606048
YOYOW/BTC,1564380027198,2019-07-29T06:00:27.198Z,buy,1.78e-06,3397.0,0.00604666
YOYOW/BTC,1564380192197,2019-07-29T06:03:12.197Z,sell,1.77e-06,3397.0,0.00601269
YOYOW/BTC,1564381212255,2019-07-29T06:20:12.255Z,sell,1.77e-06,1255.0,0.00222135
YOYOW/BTC,1564381286822,2019-07-29T06:21:26.822Z,buy,1.78e-06,643.0,0.0011445399999999
YOYOW/BTC,1564381286822,2019-07-29T06:21:26.822Z,buy,1.78e-06,643.0,0.0011445399999999
YOYOW/BTC,1564381658626,2019-07-29T06:27:38.626Z,sell,1.77e-06,299.0,0.00052923
YOYOW/BTC,1564381801646,2019-07-29T06:30:01.646Z,buy,1.78e-06,113.0,0.00020114
YOYOW/BTC,1564382690562,2019-07-29T06:44:50.562Z,buy,1.78e-06,8090.0,0.0144001999999999
YOYOW/BTC,1564383638782,2019-07-29T07:00:38.782Z,buy,1.78e-06,8435.0,0.0150143
YOYOW/BTC,1564383639238,2019-07-29T07:00:39.238Z,sell,1.78e-06,156.0,0.00027768
YOYOW/BTC,1564383665258,2019-07-29T07:01:05.258Z,sell,1.78e-06,2977.0,0.0052990599999999
YOYOW/BTC,1564384281712,2019-07-29T07:11:21.712Z,buy,1.79e-06,590.0,0.0010561
YOYOW/BTC,1564384803266,2019-07-29T07:20:03.266Z,sell,1.77e-06,650.0,0.0011505
YOYOW/BTC,1564384806883,2019-07-29T07:20:06.883Z,buy,1.78e-06,1300.0,0.002314
YOYOW/BTC,1564384806989,2019-07-29T07:20:06.989Z,buy,1.78e-06,1316.0,0.00234248
YOYOW/BTC,1564384806989,2019-07-29T07:20:06.989Z,buy,1.78e-06,1316.0,0.00234248
YOYOW/BTC,1564385511412,2019-07-29T07:31:51.412Z,buy,1.79e-06,12575.0,0.02250925
YOYOW/BTC,1564385514874,2019-07-29T07:31:54.874Z,buy,1.79e-06,4192.0,0.00750368
YOYOW/BTC,1564386248515,2019-07-29T07:44:08.515Z,sell,1.78e-06,581.0,0.00103418
YOYOW/BTC,1564386792815,2019-07-29T07:53:12.815Z,sell,1.78e-06,742.0,0.0013207599999999
YOYOW/BTC,1564387022102,2019-07-29T07:57:02.102Z,buy,1.79e-06,698.0,0.00124942
YOYOW/BTC,1564387293811,2019-07-29T08:01:33.811Z,buy,1.79e-06,19089.0,0.03416931
YOYOW/BTC,1564387592922,2019-07-29T08:06:32.922Z,sell,1.78e-06,387.0,0.0006888599999999
YOYOW/BTC,1564387931634,2019-07-29T08:12:11.634Z,buy,1.79e-06,607.0,0.00108653
YOYOW/BTC,1564387931634,2019-07-29T08:12:11.634Z,buy,1.79e-06,607.0,0.00108653
YOYOW/BTC,1564388857523,2019-07-29T08:27:37.523Z,sell,1.78e-06,73.0,0.00012994
YOYOW/BTC,1564389033281,2019-07-29T08:30:33.281Z,buy,1.79e-06,574.0,0.00102746
YOYOW/BTC,1564389571512,2019-07-29T08:39:31.512Z,buy,1.79e-06,4056.0,0.00726024
YOYOW/BTC,1564389818854,2019-07-29T08:43:38.854Z,buy,1.79e-06,9920.0,0.0177568
YOYOW/BTC,1564389887590,2019-07-29T08:44:47.590Z,buy,1.79e-06,2619.0,0.00468801
YOYOW/BTC,1564390215130,2019-07-29T08:50:15.130Z,buy,1.79e-06,4518.0,0.00808722
YOYOW/BTC,1564390265349,2019-07-29T08:51:05.349Z,buy,1.79e-06,1446.0,0.00258834
YOYOW/BTC,1564390285048,2019-07-29T08:51:25.048Z,buy,1.79e-06,693.0,0.00124047
YOYOW/BTC,1564390285048,2019-07-29T08:51:25.048Z,buy,1.79e-06,693.0,0.00124047
YOYOW/BTC,1564391810247,2019-07-29T09:16:50.247Z,sell,1.78e-06,5000.0,0.0089
YOYOW/BTC,1564391810247,2019-07-29T09:16:50.247Z,sell,1.78e-06,4513.0,0.00803314
YOYOW/BTC,1564391818944,2019-07-29T09:16:58.944Z,sell,1.78e-06,4500.0,0.00801
YOYOW/BTC,1564392030205,2019-07-29T09:20:30.205Z,buy,1.79e-06,5617.0,0.01005443
YOYOW/BTC,1564392047852,2019-07-29T09:20:47.852Z,buy,1.79e-06,1152.0,0.00206208
YOYOW/BTC,1564392112852,2019-07-29T09:21:52.852Z,buy,1.79e-06,3524.0,0.00630796
YOYOW/BTC,1564392112945,2019-07-29T09:21:52.945Z,sell,1.79e-06,4168.0,0.00746072
YOYOW/BTC,1564392217583,2019-07-29T09:23:37.583Z,buy,1.79e-06,29423.0,0.05266717
YOYOW/BTC,1564392248536,2019-07-29T09:24:08.536Z,buy,1.79e-06,600.0,0.001074
YOYOW/BTC,1564393179024,2019-07-29T09:39:39.024Z,sell,1.78e-06,31546.0,0.0561518799999999
YOYOW/BTC,1564393179261,2019-07-29T09:39:39.261Z,sell,1.78e-06,27637.0,0.04919386
YOYOW/BTC,1564393353566,2019-07-29T09:42:33.566Z,sell,1.77e-06,10000.0,0.0177
YOYOW/BTC,1564393354028,2019-07-29T09:42:34.028Z,sell,1.77e-06,7894.0,0.01397238
YOYOW/BTC,1564393354047,2019-07-29T09:42:34.047Z,sell,1.77e-06,833.0,0.00147441
YOYOW/BTC,1564393355023,2019-07-29T09:42:35.023Z,sell,1.77e-06,4383.0,0.00775791
YOYOW/BTC,1564393356022,2019-07-29T09:42:36.022Z,sell,1.77e-06,4383.0,0.00775791
YOYOW/BTC,1564393356438,2019-07-29T09:42:36.438Z,buy,1.78e-06,5521.0,0.00982738
YOYOW/BTC,1564393357545,2019-07-29T09:42:37.545Z,sell,1.76e-06,4403.0,0.00774928
YOYOW/BTC,1564393381241,2019-07-29T09:43:01.241Z,buy,1.77e-06,3390.0,0.0060003
YOYOW/BTC,1564393388198,2019-07-29T09:43:08.198Z,sell,1.76e-06,3390.0,0.0059664
YOYOW/BTC,1564393392510,2019-07-29T09:43:12.510Z,sell,1.76e-06,692.0,0.00121792
YOYOW/BTC,1564393476128,2019-07-29T09:44:36.128Z,sell,1.77e-06,8953.0,0.01584681
YOYOW/BTC,1564393506232,2019-07-29T09:45:06.232Z,sell,1.77e-06,68.0,0.0001203599999999
YOYOW/BTC,1564393625812,2019-07-29T09:47:05.812Z,buy,1.78e-06,166.0,0.00029548
YOYOW/BTC,1564393797862,2019-07-29T09:49:57.862Z,sell,1.77e-06,3473.0,0.00614721
YOYOW/BTC,1564393797863,2019-07-29T09:49:57.863Z,sell,1.77e-06,18046.0,0.03194142
YOYOW/BTC,1564393809271,2019-07-29T09:50:09.271Z,buy,1.78e-06,100.0,0.000178
YOYOW/BTC,1564393809271,2019-07-29T09:50:09.271Z,buy,1.78e-06,100.0,0.000178
YOYOW/BTC,1564393921735,2019-07-29T09:52:01.735Z,buy,1.78e-06,112.0,0.00019936
YOYOW/BTC,1564394355594,2019-07-29T09:59:15.594Z,sell,1.77e-06,82.0,0.00014514
YOYOW/BTC,1564395195567,2019-07-29T10:13:15.567Z,buy,1.78e-06,770.0,0.0013706
YOYOW/BTC,1564395223656,2019-07-29T10:13:43.656Z,buy,1.78e-06,527.0,0.0009380599999999
YOYOW/BTC,1564395695613,2019-07-29T10:21:35.613Z,buy,1.78e-06,640.0,0.0011392
YOYOW/BTC,1564396046931,2019-07-29T10:27:26.931Z,sell,1.77e-06,106.0,0.00018762
YOYOW/BTC,1564396059998,2019-07-29T10:27:39.998Z,buy,1.78e-06,60.0,0.0001068
YOYOW/BTC,1564396059998,2019-07-29T10:27:39.998Z,buy,1.78e-06,60.0,0.0001068
YOYOW/BTC,1564397646476,2019-07-29T10:54:06.476Z,sell,1.77e-06,8464.0,0.01498128
YOYOW/BTC,1564397845325,2019-07-29T10:57:25.325Z,sell,1.77e-06,27907.0,0.04939539
YOYOW/BTC,1564397895195,2019-07-29T10:58:15.195Z,sell,1.77e-06,9000.0,0.01593
YOYOW/BTC,1564397951281,2019-07-29T10:59:11.281Z,buy,1.78e-06,10287.0,0.0183108599999999
YOYOW/BTC,1564397953351,2019-07-29T10:59:13.351Z,sell,1.78e-06,2979.0,0.00530262
YOYOW/BTC,1564397957322,2019-07-29T10:59:17.322Z,sell,1.78e-06,300.0,0.000534
YOYOW/BTC,1564397995307,2019-07-29T10:59:55.307Z,sell,1.78e-06,18240.0,0.0324672
YOYOW/BTC,1564398291941,2019-07-29T11:04:51.941Z,sell,1.77e-06,31283.0,0.05537091
YOYOW/BTC,1564398294473,2019-07-29T11:04:54.473Z,buy,1.77e-06,800.0,0.001416
YOYOW/BTC,1564398336827,2019-07-29T11:05:36.827Z,sell,1.76e-06,38498.0,0.06775648
YOYOW/BTC,1564398573720,2019-07-29T11:09:33.720Z,sell,1.76e-06,63497.0,0.11175472
YOYOW/BTC,1564398578393,2019-07-29T11:09:38.393Z,buy,1.77e-06,316.0,0.00055932
YOYOW/BTC,1564398585852,2019-07-29T11:09:45.852Z,buy,1.77e-06,1287.0,0.00227799
YOYOW/BTC,1564398585875,2019-07-29T11:09:45.875Z,buy,1.77e-06,342.0,0.00060534
YOYOW/BTC,1564398717596,2019-07-29T11:11:57.596Z,buy,1.77e-06,63.0,0.00011151
YOYOW/BTC,1564398782972,2019-07-29T11:13:02.972Z,buy,1.77e-06,655.0,0.00115935
YOYOW/BTC,1564398915808,2019-07-29T11:15:15.808Z,buy,1.77e-06,74.0,0.00013098
YOYOW/BTC,1564399325885,2019-07-29T11:22:05.885Z,buy,1.77e-06,19046.0,0.03371142
YOYOW/BTC,1564399493814,2019-07-29T11:24:53.814Z,sell,1.76e-06,4846.0,0.00852896
YOYOW/BTC,1564399493814,2019-07-29T11:24:53.814Z,sell,1.76e-06,4846.0,0.00852896
YOYOW/BTC,1564399820437,2019-07-29T11:30:20.437Z,buy,1.77e-06,64786.0,0.11467122
YOYOW/BTC,1564399901436,2019-07-29T11:31:41.436Z,buy,1.77e-06,701.0,0.00124077
YOYOW/BTC,1564399901945,2019-07-29T11:31:41.945Z,buy,1.77e-06,800.0,0.001416
YOYOW/BTC,1564399922876,2019-07-29T11:32:02.876Z,buy,1.77e-06,113.0,0.00020001
YOYOW/BTC,1564399970267,2019-07-29T11:32:50.267Z,buy,1.77e-06,10012.0,0.01772124
YOYOW/BTC,1564400050702,2019-07-29T11:34:10.702Z,buy,1.77e-06,41793.0,0.07397361
YOYOW/BTC,1564400109863,2019-07-29T11:35:09.863Z,buy,1.77e-06,1492.0,0.00264084
YOYOW/BTC,1564400375363,2019-07-29T11:39:35.363Z,buy,1.77e-06,871.0,0.00154167
YOYOW/BTC,1564400436288,2019-07-29T11:40:36.288Z,buy,1.77e-06,3000.0,0.00531
YOYOW/BTC,1564400639497,2019-07-29T11:43:59.497Z,sell,1.76e-06,127.0,0.00022352
YOYOW/BTC,1564400711973,2019-07-29T11:45:11.973Z,buy,1.77e-06,25715.0,0.04551555
YOYOW/BTC,1564401101041,2019-07-29T11:51:41.041Z,buy,1.77e-06,800.0,0.001416
YOYOW/BTC,1564401453018,2019-07-29T11:57:33.018Z,buy,1.77e-06,1351.0,0.00239127
YOYOW/BTC,1564401475465,2019-07-29T11:57:55.465Z,sell,1.76e-06,24398.0,0.04294048
YOYOW/BTC,1564401475993,2019-07-29T11:57:55.993Z,buy,1.77e-06,67.0,0.00011859
YOYOW/BTC,1564402060717,2019-07-29T12:07:40.717Z,buy,1.77e-06,448.0,0.00079296
YOYOW/BTC,1564402241696,2019-07-29T12:10:41.696Z,sell,1.76e-06,1463.0,0.00257488
YOYOW/BTC,1564402277466,2019-07-29T12:11:17.466Z,sell,1.76e-06,82126.0,0.14454176
YOYOW/BTC,1564402294011,2019-07-29T12:11:34.011Z,buy,1.77e-06,1525.0,0.00269925
YOYOW/BTC,1564402294902,2019-07-29T12:11:34.902Z,buy,1.77e-06,1525.0,0.00269925
YOYOW/BTC,1564402325558,2019-07-29T12:12:05.558Z,buy,1.77e-06,2020.0,0.0035754
YOYOW/BTC,1564402326398,2019-07-29T12:12:06.398Z,buy,1.77e-06,800.0,0.001416
YOYOW/BTC,1564402681176,2019-07-29T12:18:01.176Z,buy,1.77e-06,570.0,0.0010089
YOYOW/BTC,1564402685531,2019-07-29T12:18:05.531Z,buy,1.77e-06,10224.0,0.01809648
YOYOW/BTC,1564402685531,2019-07-29T12:18:05.531Z,buy,1.77e-06,25100.0,0.044427
YOYOW/BTC,1564402686446,2019-07-29T12:18:06.446Z,buy,1.77e-06,1000.0,0.00177
YOYOW/BTC,1564402686673,2019-07-29T12:18:06.673Z,buy,1.77e-06,1999.0,0.00353823
YOYOW/BTC,1564402955561,2019-07-29T12:22:35.561Z,buy,1.77e-06,86.0,0.00015222
YOYOW/BTC,1564402973182,2019-07-29T12:22:53.182Z,buy,1.77e-06,639.0,0.00113103
YOYOW/BTC,1564402973182,2019-07-29T12:22:53.182Z,buy,1.77e-06,639.0,0.00113103
YOYOW/BTC,1564403701073,2019-07-29T12:35:01.073Z,buy,1.77e-06,20000.0,0.0354
YOYOW/BTC,1564403791385,2019-07-29T12:36:31.385Z,buy,1.77e-06,259132.0,0.45866364
YOYOW/BTC,1564403791385,2019-07-29T12:36:31.385Z,buy,1.78e-06,302666.0,0.53874548
YOYOW/BTC,1564403826289,2019-07-29T12:37:06.289Z,sell,1.77e-06,10224.0,0.01809648
YOYOW/BTC,1564403895421,2019-07-29T12:38:15.421Z,buy,1.78e-06,14654.0,0.02608412
YOYOW/BTC,1564403935504,2019-07-29T12:38:55.504Z,buy,1.78e-06,11979.0,0.02132262
YOYOW/BTC,1564404539898,2019-07-29T12:48:59.898Z,buy,1.78e-06,109898.0,0.1956184399999999
YOYOW/BTC,1564404704727,2019-07-29T12:51:44.727Z,buy,1.78e-06,17131.0,0.0304931799999999
YOYOW/BTC,1564404708582,2019-07-29T12:51:48.582Z,buy,1.78e-06,20000.0,0.0356
YOYOW/BTC,1564404870335,2019-07-29T12:54:30.335Z,buy,1.78e-06,20433.0,0.03637074
YOYOW/BTC,1564404995855,2019-07-29T12:56:35.855Z,buy,1.78e-06,10000.0,0.0178
YOYOW/BTC,1564405005836,2019-07-29T12:56:45.836Z,buy,1.78e-06,1530.0,0.0027234
YOYOW/BTC,1564405187003,2019-07-29T12:59:47.003Z,buy,1.78e-06,11888.0,0.0211606399999999
YOYOW/BTC,1564405713642,2019-07-29T13:08:33.642Z,sell,1.78e-06,131.0,0.00023318
YOYOW/BTC,1564405811045,2019-07-29T13:10:11.045Z,buy,1.78e-06,2196.0,0.00390888
YOYOW/BTC,1564405897012,2019-07-29T13:11:37.012Z,buy,1.78e-06,62746.0,0.1116878799999999
YOYOW/BTC,1564405953294,2019-07-29T13:12:33.294Z,sell,1.78e-06,137.0,0.0002438599999999
YOYOW/BTC,1564406113477,2019-07-29T13:15:13.477Z,sell,1.78e-06,60.0,0.0001068
YOYOW/BTC,1564406148893,2019-07-29T13:15:48.893Z,sell,1.78e-06,4337.0,0.0077198599999999
YOYOW/BTC,1564406177211,2019-07-29T13:16:17.211Z,sell,1.78e-06,38703.0,0.06889134
YOYOW/BTC,1564406177211,2019-07-29T13:16:17.211Z,sell,1.77e-06,104922.0,0.18571194
YOYOW/BTC,1564406177232,2019-07-29T13:16:17.232Z,buy,1.77e-06,3766.0,0.00666582
YOYOW/BTC,1564406177239,2019-07-29T13:16:17.239Z,buy,1.77e-06,1695.0,0.00300015
YOYOW/BTC,1564406177257,2019-07-29T13:16:17.257Z,buy,1.77e-06,1544.0,0.00273288
YOYOW/BTC,1564406177271,2019-07-29T13:16:17.271Z,buy,1.77e-06,3766.0,0.00666582
YOYOW/BTC,1564406178562,2019-07-29T13:16:18.562Z,buy,1.77e-06,800.0,0.001416
YOYOW/BTC,1564406244828,2019-07-29T13:17:24.828Z,buy,1.77e-06,94804.0,0.16780308
YOYOW/BTC,1564406245011,2019-07-29T13:17:25.011Z,sell,1.77e-06,3056.0,0.00540912
YOYOW/BTC,1564406245011,2019-07-29T13:17:25.011Z,sell,1.77e-06,3056.0,0.00540912
YOYOW/BTC,1564407307731,2019-07-29T13:35:07.731Z,sell,1.77e-06,109282.0,0.19342914
YOYOW/BTC,1564407311252,2019-07-29T13:35:11.252Z,buy,1.77e-06,1726.0,0.00305502
YOYOW/BTC,1564407315373,2019-07-29T13:35:15.373Z,buy,1.77e-06,800.0,0.001416
YOYOW/BTC,1564407360468,2019-07-29T13:36:00.468Z,buy,1.77e-06,56398.0,0.09982446
YOYOW/BTC,1564407648581,2019-07-29T13:40:48.581Z,sell,1.76e-06,634.0,0.00111584
YOYOW/BTC,1564407797466,2019-07-29T13:43:17.466Z,sell,1.76e-06,143030.0,0.2517328
YOYOW/BTC,1564407798097,2019-07-29T13:43:18.097Z,sell,1.76e-06,2296.0,0.00404096
YOYOW/BTC,1564407803296,2019-07-29T13:43:23.296Z,sell,1.75e-06,27250.0,0.0476875
YOYOW/BTC,1564407881571,2019-07-29T13:44:41.571Z,buy,1.76e-06,1133.0,0.00199408
YOYOW/BTC,1564407884730,2019-07-29T13:44:44.730Z,buy,1.76e-06,3909.0,0.00687984
YOYOW/BTC,1564407961794,2019-07-29T13:46:01.794Z,buy,1.77e-06,114.0,0.00020178
YOYOW/BTC,1564408037967,2019-07-29T13:47:17.967Z,sell,1.76e-06,9452.0,0.01663552
YOYOW/BTC,1564408039064,2019-07-29T13:47:19.064Z,sell,1.76e-06,6347.0,0.01117072
YOYOW/BTC,1564408157115,2019-07-29T13:49:17.115Z,buy,1.76e-06,3105.0,0.0054648
YOYOW/BTC,1564408463339,2019-07-29T13:54:23.339Z,sell,1.76e-06,2136.0,0.00375936
YOYOW/BTC,1564408466296,2019-07-29T13:54:26.296Z,sell,1.76e-06,2865.0,0.0050424
YOYOW/BTC,1564408468349,2019-07-29T13:54:28.349Z,sell,1.76e-06,831.0,0.00146256
YOYOW/BTC,1564408604799,2019-07-29T13:56:44.799Z,sell,1.76e-06,1328.0,0.00233728
YOYOW/BTC,1564408668578,2019-07-29T13:57:48.578Z,sell,1.76e-06,3900.0,0.006864
YOYOW/BTC,1564408704602,2019-07-29T13:58:24.602Z,sell,1.76e-06,1000.0,0.00176
YOYOW/BTC,1564408980982,2019-07-29T14:03:00.982Z,buy,1.77e-06,112.0,0.00019824
YOYOW/BTC,1564408981133,2019-07-29T14:03:01.133Z,buy,1.77e-06,564.0,0.00099828
YOYOW/BTC,1564408981504,2019-07-29T14:03:01.504Z,buy,1.77e-06,225.0,0.00039825
YOYOW/BTC,1564408981559,2019-07-29T14:03:01.559Z,buy,1.77e-06,564.0,0.00099828
YOYOW/BTC,1564408981653,2019-07-29T14:03:01.653Z,buy,1.77e-06,2824.0,0.00499848
YOYOW/BTC,1564408981705,2019-07-29T14:03:01.705Z,buy,1.77e-06,14124.0,0.02499948
YOYOW/BTC,1564408981795,2019-07-29T14:03:01.795Z,buy,1.77e-06,112.0,0.00019824
YOYOW/BTC,1564408981941,2019-07-29T14:03:01.941Z,buy,1.77e-06,1587.0,0.00280899
YOYOW/BTC,1564408982188,2019-07-29T14:03:02.188Z,buy,1.77e-06,282.0,0.00049914
YOYOW/BTC,1564408982331,2019-07-29T14:03:02.331Z,buy,1.77e-06,564.0,0.00099828
YOYOW/BTC,1564408982549,2019-07-29T14:03:02.549Z,buy,1.77e-06,225.0,0.00039825
YOYOW/BTC,1564408982962,2019-07-29T14:03:02.962Z,buy,1.77e-06,169.0,0.00029913
YOYOW/BTC,1564408983269,2019-07-29T14:03:03.269Z,buy,1.77e-06,112.0,0.00019824
YOYOW/BTC,1564408983287,2019-07-29T14:03:03.287Z,buy,1.77e-06,847.0,0.00149919
YOYOW/BTC,1564408983318,2019-07-29T14:03:03.318Z,buy,1.77e-06,451.0,0.00079827
YOYOW/BTC,1564408983318,2019-07-29T14:03:03.318Z,buy,1.77e-06,1129.0,0.00199833
YOYOW/BTC,1564408983365,2019-07-29T14:03:03.365Z,buy,1.77e-06,282.0,0.00049914
YOYOW/BTC,1564408983566,2019-07-29T14:03:03.566Z,buy,1.77e-06,282.0,0.00049914
YOYOW/BTC,1564408983594,2019-07-29T14:03:03.594Z,buy,1.77e-06,225.0,0.00039825
YOYOW/BTC,1564408983603,2019-07-29T14:03:03.603Z,buy,1.77e-06,621.0,0.00109917
YOYOW/BTC,1564408983853,2019-07-29T14:03:03.853Z,buy,1.77e-06,451.0,0.00079827
YOYOW/BTC,1564408984007,2019-07-29T14:03:04.007Z,buy,1.77e-06,225.0,0.00039825
YOYOW/BTC,1564408984088,2019-07-29T14:03:04.088Z,buy,1.77e-06,564.0,0.00099828
YOYOW/BTC,1564408984192,2019-07-29T14:03:04.192Z,buy,1.77e-06,169.0,0.00029913
YOYOW/BTC,1564408984266,2019-07-29T14:03:04.266Z,buy,1.77e-06,1694.0,0.00299838
YOYOW/BTC,1564408984381,2019-07-29T14:03:04.381Z,buy,1.77e-06,112.0,0.00019824
YOYOW/BTC,1564408984456,2019-07-29T14:03:04.456Z,buy,1.77e-06,169.0,0.00029913
YOYOW/BTC,1564408984617,2019-07-29T14:03:04.617Z,buy,1.77e-06,225.0,0.00039825
YOYOW/BTC,1564408984694,2019-07-29T14:03:04.694Z,buy,1.77e-06,169.0,0.00029913
YOYOW/BTC,1564408985000,2019-07-29T14:03:05.000Z,buy,1.77e-06,8474.0,0.01499898
YOYOW/BTC,1564408985003,2019-07-29T14:03:05.003Z,buy,1.77e-06,564.0,0.00099828
YOYOW/BTC,1564408985018,2019-07-29T14:03:05.018Z,buy,1.77e-06,564.0,0.00099828
YOYOW/BTC,1564408985035,2019-07-29T14:03:05.035Z,buy,1.77e-06,564.0,0.00099828
YOYOW/BTC,1564408985145,2019-07-29T14:03:05.145Z,buy,1.77e-06,220.0,0.0003894
YOYOW/BTC,1564408986986,2019-07-29T14:03:06.986Z,buy,1.78e-06,674.0,0.00119972
YOYOW/BTC,1564408988203,2019-07-29T14:03:08.203Z,sell,1.77e-06,831.0,0.00147087
YOYOW/BTC,1564409070659,2019-07-29T14:04:30.659Z,sell,1.77e-06,600.0,0.001062
YOYOW/BTC,1564409071754,2019-07-29T14:04:31.754Z,sell,1.77e-06,263.0,0.00046551
YOYOW/BTC,1564409144850,2019-07-29T14:05:44.850Z,sell,1.77e-06,1320.0,0.0023364
YOYOW/BTC,1564409436553,2019-07-29T14:10:36.553Z,buy,1.78e-06,794.0,0.00141332
YOYOW/BTC,1564409550785,2019-07-29T14:12:30.785Z,sell,1.77e-06,7015.0,0.01241655
YOYOW/BTC,1564409553594,2019-07-29T14:12:33.594Z,sell,1.77e-06,2105.0,0.00372585
YOYOW/BTC,1564409554771,2019-07-29T14:12:34.771Z,sell,1.77e-06,800.0,0.001416
YOYOW/BTC,1564409554771,2019-07-29T14:12:34.771Z,sell,1.77e-06,800.0,0.001416
YOYOW/BTC,1564409859550,2019-07-29T14:17:39.550Z,sell,1.77e-06,1043.0,0.00184611
YOYOW/BTC,1564409944901,2019-07-29T14:19:04.901Z,buy,1.77e-06,24214.0,0.04285878
YOYOW/BTC,1564410007694,2019-07-29T14:20:07.694Z,sell,1.77e-06,2201.0,0.00389577
YOYOW/BTC,1564410008794,2019-07-29T14:20:08.794Z,sell,1.77e-06,1924.0,0.00340548
YOYOW/BTC,1564410010210,2019-07-29T14:20:10.210Z,sell,1.77e-06,1669.0,0.00295413
YOYOW/BTC,1564410011028,2019-07-29T14:20:11.028Z,sell,1.77e-06,1626.0,0.00287802
YOYOW/BTC,1564410017144,2019-07-29T14:20:17.144Z,sell,1.77e-06,842.0,0.00149034
YOYOW/BTC,1564410062332,2019-07-29T14:21:02.332Z,sell,1.77e-06,800.0,0.001416
YOYOW/BTC,1564410183372,2019-07-29T14:23:03.372Z,sell,1.77e-06,4362.0,0.00772074
YOYOW/BTC,1564410199246,2019-07-29T14:23:19.246Z,sell,1.77e-06,2466.0,0.00436482
YOYOW/BTC,1564410312739,2019-07-29T14:25:12.739Z,sell,1.77e-06,741.0,0.00131157
YOYOW/BTC,1564410500004,2019-07-29T14:28:20.004Z,sell,1.77e-06,800.0,0.001416
YOYOW/BTC,1564411531484,2019-07-29T14:45:31.484Z,buy,1.78e-06,35075.0,0.0624334999999999
YOYOW/BTC,1564411893892,2019-07-29T14:51:33.892Z,buy,1.78e-06,800.0,0.001424
YOYOW/BTC,1564413034886,2019-07-29T15:10:34.886Z,sell,1.77e-06,647.0,0.00114519
YOYOW/BTC,1564413034886,2019-07-29T15:10:34.886Z,sell,1.77e-06,647.0,0.00114519
YOYOW/BTC,1564413237693,2019-07-29T15:13:57.693Z,sell,1.77e-06,15510.0,0.0274527
YOYOW/BTC,1564413313595,2019-07-29T15:15:13.595Z,sell,1.77e-06,112.0,0.00019824
YOYOW/BTC,1564413321325,2019-07-29T15:15:21.325Z,buy,1.78e-06,800.0,0.001424
YOYOW/BTC,1564413321562,2019-07-29T15:15:21.562Z,buy,1.78e-06,636.0,0.00113208
YOYOW/BTC,1564413325125,2019-07-29T15:15:25.125Z,buy,1.78e-06,223.0,0.00039694
YOYOW/BTC,1564413357076,2019-07-29T15:15:57.076Z,sell,1.77e-06,800.0,0.001416
YOYOW/BTC,1564413369892,2019-07-29T15:16:09.892Z,sell,1.77e-06,6934.0,0.01227318
YOYOW/BTC,1564413432074,2019-07-29T15:17:12.074Z,buy,1.78e-06,800.0,0.001424
YOYOW/BTC,1564413486842,2019-07-29T15:18:06.842Z,buy,1.78e-06,18415.0,0.0327787
YOYOW/BTC,1564413536943,2019-07-29T15:18:56.943Z,buy,1.78e-06,18416.0,0.03278048
YOYOW/BTC,1564414028069,2019-07-29T15:27:08.069Z,buy,1.78e-06,800.0,0.001424
YOYOW/BTC,1564414114809,2019-07-29T15:28:34.809Z,buy,1.78e-06,600.0,0.001068
YOYOW/BTC,1564414306085,2019-07-29T15:31:46.085Z,sell,1.77e-06,659.0,0.00116643
YOYOW/BTC,1564414575002,2019-07-29T15:36:15.002Z,buy,1.78e-06,600.0,0.001068
YOYOW/BTC,1564414587845,2019-07-29T15:36:27.845Z,sell,1.77e-06,3998.0,0.00707646
YOYOW/BTC,1564414589517,2019-07-29T15:36:29.517Z,buy,1.78e-06,800.0,0.001424
YOYOW/BTC,1564414654361,2019-07-29T15:37:34.361Z,buy,1.78e-06,600.0,0.001068
YOYOW/BTC,1564414655258,2019-07-29T15:37:35.258Z,sell,1.77e-06,793.0,0.00140361
YOYOW/BTC,1564414658164,2019-07-29T15:37:38.164Z,buy,1.78e-06,332.0,0.00059096
YOYOW/BTC,1564414806506,2019-07-29T15:40:06.506Z,buy,1.78e-06,4970.0,0.0088466
YOYOW/BTC,1564414967486,2019-07-29T15:42:47.486Z,buy,1.78e-06,58.0,0.00010324
YOYOW/BTC,1564415259767,2019-07-29T15:47:39.767Z,sell,1.77e-06,28097.0,0.04973169
YOYOW/BTC,1564415281341,2019-07-29T15:48:01.341Z,sell,1.77e-06,41752.0,0.07390104
YOYOW/BTC,1564415308728,2019-07-29T15:48:28.728Z,sell,1.77e-06,100000.0,0.177
YOYOW/BTC,1564415310635,2019-07-29T15:48:30.635Z,sell,1.77e-06,20157.0,0.03567789
YOYOW/BTC,1564416090364,2019-07-29T16:01:30.364Z,buy,1.77e-06,800.0,0.001416
YOYOW/BTC,1564416324971,2019-07-29T16:05:24.971Z,buy,1.77e-06,125.0,0.00022125
YOYOW/BTC,1564416342056,2019-07-29T16:05:42.056Z,sell,1.76e-06,36633.0,0.06447408
YOYOW/BTC,1564416342092,2019-07-29T16:05:42.092Z,buy,1.76e-06,40496.0,0.07127296
YOYOW/BTC,1564416575108,2019-07-29T16:09:35.108Z,buy,1.77e-06,1988.0,0.00351876
YOYOW/BTC,1564416575108,2019-07-29T16:09:35.108Z,buy,1.77e-06,1988.0,0.00351876
YOYOW/BTC,1564416661956,2019-07-29T16:11:01.956Z,buy,1.77e-06,113.0,0.00020001
YOYOW/BTC,1564416780407,2019-07-29T16:13:00.407Z,sell,1.76e-06,67.0,0.00011792
YOYOW/BTC,1564416796059,2019-07-29T16:13:16.059Z,buy,1.76e-06,1624.0,0.00285824
YOYOW/BTC,1564416796069,2019-07-29T16:13:16.069Z,buy,1.76e-06,800.0,0.001408
YOYOW/BTC,1564416796804,2019-07-29T16:13:16.804Z,buy,1.76e-06,800.0,0.001408
YOYOW/BTC,1564416847036,2019-07-29T16:14:07.036Z,buy,1.76e-06,220.0,0.0003872
YOYOW/BTC,1564416864043,2019-07-29T16:14:24.043Z,buy,1.76e-06,800.0,0.001408
YOYOW/BTC,1564416873805,2019-07-29T16:14:33.805Z,buy,1.76e-06,2286.0,0.00402336
YOYOW/BTC,1564416877598,2019-07-29T16:14:37.598Z,buy,1.76e-06,9189.0,0.01617264
YOYOW/BTC,1564417242389,2019-07-29T16:20:42.389Z,sell,1.76e-06,1278.0,0.00224928
YOYOW/BTC,1564417359867,2019-07-29T16:22:39.867Z,buy,1.77e-06,149.0,0.00026373
YOYOW/BTC,1564418563744,2019-07-29T16:42:43.744Z,sell,1.76e-06,228.0,0.00040128
YOYOW/BTC,1564418563744,2019-07-29T16:42:43.744Z,sell,1.76e-06,228.0,0.00040128
YOYOW/BTC,1564420254708,2019-07-29T17:10:54.708Z,buy,1.77e-06,2634.0,0.00466218
YOYOW/BTC,1564420516925,2019-07-29T17:15:16.925Z,buy,1.77e-06,62.0,0.00010974
YOYOW/BTC,1564420582350,2019-07-29T17:16:22.350Z,sell,1.76e-06,574.0,0.00101024
YOYOW/BTC,1564420743420,2019-07-29T17:19:03.420Z,buy,1.77e-06,2824.0,0.00499848
YOYOW/BTC,1564420883908,2019-07-29T17:21:23.908Z,sell,1.76e-06,1500.0,0.00264
YOYOW/BTC,1564420894445,2019-07-29T17:21:34.445Z,sell,1.76e-06,15000.0,0.0264
YOYOW/BTC,1564420968111,2019-07-29T17:22:48.111Z,sell,1.76e-06,1062.0,0.00186912
YOYOW/BTC,1564420968111,2019-07-29T17:22:48.111Z,sell,1.76e-06,1062.0,0.00186912
YOYOW/BTC,1564422341964,2019-07-29T17:45:41.964Z,sell,1.76e-06,10176.0,0.01790976
YOYOW/BTC,1564422343787,2019-07-29T17:45:43.787Z,sell,1.76e-06,66620.0,0.1172512
YOYOW/BTC,1564422343787,2019-07-29T17:45:43.787Z,sell,1.75e-06,100188.0,0.1753289999999999
YOYOW/BTC,1564422343813,2019-07-29T17:45:43.813Z,buy,1.75e-06,73787.0,0.12912725
YOYOW/BTC,1564422343818,2019-07-29T17:45:43.818Z,buy,1.75e-06,1715.0,0.00300125
YOYOW/BTC,1564422343820,2019-07-29T17:45:43.820Z,buy,1.75e-06,22818.0,0.0399315
YOYOW/BTC,1564422343872,2019-07-29T17:45:43.872Z,buy,1.77e-06,24533.0,0.04342341
YOYOW/BTC,1564422343881,2019-07-29T17:45:43.881Z,buy,1.77e-06,9869.0,0.01746813
YOYOW/BTC,1564422343881,2019-07-29T17:45:43.881Z,buy,1.78e-06,1138.0,0.00202564
YOYOW/BTC,1564422343956,2019-07-29T17:45:43.956Z,sell,1.76e-06,15288.0,0.02690688
YOYOW/BTC,1564422344003,2019-07-29T17:45:44.003Z,sell,1.75e-06,15288.0,0.026754
YOYOW/BTC,1564422346183,2019-07-29T17:45:46.183Z,buy,1.76e-06,800.0,0.001408
YOYOW/BTC,1564422350304,2019-07-29T17:45:50.304Z,buy,1.76e-06,19.0,3.3440000000000005e-05
YOYOW/BTC,1564422356536,2019-07-29T17:45:56.536Z,buy,1.76e-06,2200.0,0.003872
YOYOW/BTC,1564422387317,2019-07-29T17:46:27.317Z,buy,1.76e-06,675.0,0.001188
YOYOW/BTC,1564422387794,2019-07-29T17:46:27.794Z,buy,1.76e-06,1320.0,0.0023232
YOYOW/BTC,1564422393234,2019-07-29T17:46:33.234Z,buy,1.76e-06,800.0,0.001408
YOYOW/BTC,1564422488991,2019-07-29T17:48:08.991Z,buy,1.76e-06,18.0,3.168e-05
YOYOW/BTC,1564422543715,2019-07-29T17:49:03.715Z,buy,1.76e-06,800.0,0.001408
YOYOW/BTC,1564422548571,2019-07-29T17:49:08.571Z,buy,1.76e-06,800.0,0.001408
YOYOW/BTC,1564422551059,2019-07-29T17:49:11.059Z,buy,1.76e-06,454.0,0.00079904
YOYOW/BTC,1564422560432,2019-07-29T17:49:20.432Z,buy,1.76e-06,800.0,0.001408
YOYOW/BTC,1564422592045,2019-07-29T17:49:52.045Z,buy,1.76e-06,800.0,0.001408
YOYOW/BTC,1564422652293,2019-07-29T17:50:52.293Z,sell,1.75e-06,103.0,0.00018025
YOYOW/BTC,1564422652293,2019-07-29T17:50:52.293Z,sell,1.75e-06,75.0,0.00013125
YOYOW/BTC,1564422653724,2019-07-29T17:50:53.724Z,sell,1.75e-06,110.0,0.0001925
YOYOW/BTC,1564422868461,2019-07-29T17:54:28.461Z,sell,1.75e-06,56398.0,0.0986964999999999
YOYOW/BTC,1564423034971,2019-07-29T17:57:14.971Z,buy,1.76e-06,569.0,0.00100144
YOYOW/BTC,1564423230382,2019-07-29T18:00:30.382Z,buy,1.76e-06,25884.0,0.04555584
YOYOW/BTC,1564423230599,2019-07-29T18:00:30.599Z,sell,1.76e-06,11077.0,0.01949552
YOYOW/BTC,1564423298264,2019-07-29T18:01:38.264Z,buy,1.77e-06,833.0,0.00147441
YOYOW/BTC,1564423771436,2019-07-29T18:09:31.436Z,sell,1.76e-06,12987.0,0.02285712
YOYOW/BTC,1564424276986,2019-07-29T18:17:56.986Z,sell,1.76e-06,78.0,0.00013728
YOYOW/BTC,1564424312273,2019-07-29T18:18:32.273Z,sell,1.76e-06,73.0,0.00012848
YOYOW/BTC,1564424413398,2019-07-29T18:20:13.398Z,sell,1.76e-06,84.0,0.00014784
YOYOW/BTC,1564424413406,2019-07-29T18:20:13.406Z,buy,1.77e-06,22.0,3.894e-05
YOYOW/BTC,1564424462408,2019-07-29T18:21:02.408Z,sell,1.76e-06,753.0,0.00132528
YOYOW/BTC,1564424462408,2019-07-29T18:21:02.408Z,sell,1.76e-06,753.0,0.00132528
YOYOW/BTC,1564424774904,2019-07-29T18:26:14.904Z,sell,1.76e-06,79.0,0.00013904
YOYOW/BTC,1564425084150,2019-07-29T18:31:24.150Z,sell,1.76e-06,94.0,0.00016544
YOYOW/BTC,1564425307069,2019-07-29T18:35:07.069Z,sell,1.76e-06,72.0,0.00012672
YOYOW/BTC,1564425375648,2019-07-29T18:36:15.648Z,sell,1.76e-06,989.0,0.00174064
YOYOW/BTC,1564425796421,2019-07-29T18:43:16.421Z,sell,1.76e-06,1193.0,0.00209968
YOYOW/BTC,1564425895571,2019-07-29T18:44:55.571Z,sell,1.76e-06,2399.0,0.00422224
YOYOW/BTC,1564426723371,2019-07-29T18:58:43.371Z,buy,1.77e-06,30376.0,0.05376552
YOYOW/BTC,1564426723371,2019-07-29T18:58:43.371Z,buy,1.77e-06,30376.0,0.05376552
YOYOW/BTC,1564428129394,2019-07-29T19:22:09.394Z,sell,1.76e-06,5572.0,0.00980672
YOYOW/BTC,1564428157273,2019-07-29T19:22:37.273Z,buy,1.77e-06,78.0,0.00013806
YOYOW/BTC,1564428656510,2019-07-29T19:30:56.510Z,sell,1.75e-06,800.0,0.0014
YOYOW/BTC,1564429274781,2019-07-29T19:41:14.781Z,buy,1.77e-06,600.0,0.001062
YOYOW/BTC,1564429460343,2019-07-29T19:44:20.343Z,buy,1.77e-06,621.0,0.00109917
YOYOW/BTC,1564429460343,2019-07-29T19:44:20.343Z,buy,1.77e-06,621.0,0.00109917
YOYOW/BTC,1564430939351,2019-07-29T20:08:59.351Z,sell,1.76e-06,86.0,0.00015136
YOYOW/BTC,1564431179088,2019-07-29T20:12:59.088Z,buy,1.77e-06,66.0,0.00011682
YOYOW/BTC,1564431204501,2019-07-29T20:13:24.501Z,buy,1.77e-06,2097.0,0.00371169
YOYOW/BTC,1564431307768,2019-07-29T20:15:07.768Z,sell,1.76e-06,2458.0,0.00432608
YOYOW/BTC,1564431319192,2019-07-29T20:15:19.192Z,sell,1.76e-06,64786.0,0.11402336
YOYOW/BTC,1564431607737,2019-07-29T20:20:07.737Z,sell,1.76e-06,82.0,0.00014432
YOYOW/BTC,1564431684958,2019-07-29T20:21:24.958Z,sell,1.76e-06,76.0,0.00013376
YOYOW/BTC,1564431757883,2019-07-29T20:22:37.883Z,sell,1.76e-06,59.0,0.00010384
YOYOW/BTC,1564431757883,2019-07-29T20:22:37.883Z,sell,1.76e-06,59.0,0.00010384
YOYOW/BTC,1564433888151,2019-07-29T20:58:08.151Z,sell,1.75e-06,231.0,0.00040425
YOYOW/BTC,1564434019829,2019-07-29T21:00:19.829Z,sell,1.76e-06,532.0,0.00093632
YOYOW/BTC,1564434319693,2019-07-29T21:05:19.693Z,buy,1.77e-06,5562.0,0.00984474
YOYOW/BTC,1564434893891,2019-07-29T21:14:53.891Z,buy,1.77e-06,283.0,0.00050091
YOYOW/BTC,1564434893891,2019-07-29T21:14:53.891Z,buy,1.77e-06,283.0,0.00050091
YOYOW/BTC,1564436982117,2019-07-29T21:49:42.117Z,sell,1.76e-06,738.0,0.00129888
YOYOW/BTC,1564436986509,2019-07-29T21:49:46.509Z,sell,1.76e-06,739.0,0.00130064
YOYOW/BTC,1564437065889,2019-07-29T21:51:05.889Z,sell,1.76e-06,4726.0,0.00831776
YOYOW/BTC,1564437065889,2019-07-29T21:51:05.889Z,sell,1.76e-06,4726.0,0.00831776
YOYOW/BTC,1564438807726,2019-07-29T22:20:07.726Z,sell,1.76e-06,883.0,0.00155408
YOYOW/BTC,1564438833206,2019-07-29T22:20:33.206Z,sell,1.76e-06,956.0,0.00168256
YOYOW/BTC,1564438891114,2019-07-29T22:21:31.114Z,buy,1.77e-06,106119.0,0.18783063
YOYOW/BTC,1564439438578,2019-07-29T22:30:38.578Z,buy,1.77e-06,564.0,0.00099828
YOYOW/BTC,1564439438578,2019-07-29T22:30:38.578Z,buy,1.77e-06,564.0,0.00099828
YOYOW/BTC,1564441148731,2019-07-29T22:59:08.731Z,sell,1.76e-06,5122.0,0.00901472
YOYOW/BTC,1564442556006,2019-07-29T23:22:36.006Z,buy,1.76e-06,80.0,0.0001408
YOYOW/BTC,1564442556006,2019-07-29T23:22:36.006Z,buy,1.76e-06,80.0,0.0001408
YOYOW/BTC,1564443062949,2019-07-29T23:31:02.949Z,buy,1.76e-06,114.0,0.00020064
YOYOW/BTC,1564443922111,2019-07-29T23:45:22.111Z,buy,1.76e-06,576.0,0.00101376
YOYOW/BTC,1564443922111,2019-07-29T23:45:22.111Z,buy,1.77e-06,149099.0,0.26390523
YOYOW/BTC,1564443923348,2019-07-29T23:45:23.348Z,sell,1.76e-06,19564.0,0.03443264
YOYOW/BTC,1564444892272,2019-07-30T00:01:32.272Z,buy,1.77e-06,832.0,0.0014726399999999
YOYOW/BTC,1564445024995,2019-07-30T00:03:44.995Z,sell,1.76e-06,89.0,0.00015664
YOYOW/BTC,1564446155842,2019-07-30T00:22:35.842Z,sell,1.76e-06,98.0,0.00017248
YOYOW/BTC,1564446155842,2019-07-30T00:22:35.842Z,sell,1.76e-06,98.0,0.00017248
YOYOW/BTC,1564447955693,2019-07-30T00:52:35.693Z,sell,1.76e-06,2896.0,0.00509696
YOYOW/BTC,1564448397097,2019-07-30T00:59:57.097Z,sell,1.76e-06,91.0,0.00016016
YOYOW/BTC,1564449272446,2019-07-30T01:14:32.446Z,sell,1.76e-06,220.0,0.0003872
YOYOW/BTC,1564449391190,2019-07-30T01:16:31.190Z,sell,1.76e-06,13266.0,0.02334816
YOYOW/BTC,1564449391190,2019-07-30T01:16:31.190Z,sell,1.76e-06,13266.0,0.02334816
YOYOW/BTC,1564450120815,2019-07-30T01:28:40.815Z,sell,1.76e-06,824.0,0.00145024
YOYOW/BTC,1564450184319,2019-07-30T01:29:44.319Z,sell,1.76e-06,800.0,0.001408
YOYOW/BTC,1564450221109,2019-07-30T01:30:21.109Z,sell,1.76e-06,8875.0,0.01562
YOYOW/BTC,1564450303425,2019-07-30T01:31:43.425Z,sell,1.76e-06,8675.0,0.015268
YOYOW/BTC,1564450831773,2019-07-30T01:40:31.773Z,buy,1.76e-06,850.0,0.001496
YOYOW/BTC,1564450950640,2019-07-30T01:42:30.640Z,buy,1.76e-06,800.0,0.001408
YOYOW/BTC,1564451067888,2019-07-30T01:44:27.888Z,buy,1.76e-06,1609.0,0.00283184
YOYOW/BTC,1564451146352,2019-07-30T01:45:46.352Z,buy,1.76e-06,17229.0,0.03032304
YOYOW/BTC,1564451461101,2019-07-30T01:51:01.101Z,buy,1.77e-06,846.0,0.00149742
YOYOW/BTC,1564451465128,2019-07-30T01:51:05.128Z,buy,1.77e-06,800.0,0.001416
YOYOW/BTC,1564451544372,2019-07-30T01:52:24.372Z,buy,1.77e-06,109.0,0.00019293
YOYOW/BTC,1564451659705,2019-07-30T01:54:19.705Z,buy,1.77e-06,621.0,0.00109917
YOYOW/BTC,1564451850739,2019-07-30T01:57:30.739Z,sell,1.76e-06,24019.0,0.04227344
YOYOW/BTC,1564451861748,2019-07-30T01:57:41.748Z,buy,1.76e-06,800.0,0.001408
YOYOW/BTC,1564451864713,2019-07-30T01:57:44.713Z,buy,1.76e-06,800.0,0.001408
YOYOW/BTC,1564452015003,2019-07-30T02:00:15.003Z,buy,1.76e-06,800.0,0.001408
YOYOW/BTC,1564452015012,2019-07-30T02:00:15.012Z,buy,1.76e-06,905.0,0.0015928
YOYOW/BTC,1564452015055,2019-07-30T02:00:15.055Z,buy,1.76e-06,520.0,0.0009152
YOYOW/BTC,1564452015660,2019-07-30T02:00:15.660Z,buy,1.76e-06,526.0,0.00092576
YOYOW/BTC,1564452044403,2019-07-30T02:00:44.403Z,sell,1.75e-06,520.0,0.00091
YOYOW/BTC,1564452047066,2019-07-30T02:00:47.066Z,sell,1.75e-06,526.0,0.0009205
YOYOW/BTC,1564452048527,2019-07-30T02:00:48.527Z,sell,1.75e-06,800.0,0.0014
YOYOW/BTC,1564452055353,2019-07-30T02:00:55.353Z,sell,1.75e-06,905.0,0.0015837499999999
YOYOW/BTC,1564452096477,2019-07-30T02:01:36.477Z,buy,1.77e-06,846.0,0.00149742
YOYOW/BTC,1564452918778,2019-07-30T02:15:18.778Z,sell,1.75e-06,532.0,0.000931
YOYOW/BTC,1564452918778,2019-07-30T02:15:18.778Z,sell,1.75e-06,532.0,0.000931
YOYOW/BTC,1564453667657,2019-07-30T02:27:47.657Z,buy,1.76e-06,800.0,0.001408
YOYOW/BTC,1564453720350,2019-07-30T02:28:40.350Z,buy,1.76e-06,1103.0,0.00194128
YOYOW/BTC,1564453730924,2019-07-30T02:28:50.924Z,buy,1.76e-06,800.0,0.001408
YOYOW/BTC,1564453838672,2019-07-30T02:30:38.672Z,buy,1.76e-06,577.0,0.00101552
YOYOW/BTC,1564455272891,2019-07-30T02:54:32.891Z,sell,1.76e-06,1913.0,0.00336688
YOYOW/BTC,1564455272891,2019-07-30T02:54:32.891Z,sell,1.76e-06,1913.0,0.00336688
YOYOW/BTC,1564456858008,2019-07-30T03:20:58.008Z,sell,1.75e-06,607.0,0.00106225
YOYOW/BTC,1564457328510,2019-07-30T03:28:48.510Z,buy,1.76e-06,1136.0,0.00199936
YOYOW/BTC,1564457403224,2019-07-30T03:30:03.224Z,buy,1.76e-06,114.0,0.00020064
YOYOW/BTC,1564457712949,2019-07-30T03:35:12.949Z,sell,1.75e-06,24665.0,0.04316375
YOYOW/BTC,1564457712996,2019-07-30T03:35:12.996Z,buy,1.75e-06,408.0,0.000714
YOYOW/BTC,1564458783080,2019-07-30T03:53:03.080Z,buy,1.75e-06,114.0,0.0001995
YOYOW/BTC,1564458783080,2019-07-30T03:53:03.080Z,buy,1.75e-06,114.0,0.0001995
YOYOW/BTC,1564458974727,2019-07-30T03:56:14.727Z,buy,1.75e-06,800.0,0.0014
YOYOW/BTC,1564459235510,2019-07-30T04:00:35.510Z,buy,1.75e-06,800.0,0.0014
YOYOW/BTC,1564459373558,2019-07-30T04:02:53.558Z,buy,1.75e-06,5713.0,0.00999775
YOYOW/BTC,1564459634836,2019-07-30T04:07:14.836Z,buy,1.75e-06,9672.0,0.016926
YOYOW/BTC,1564459704957,2019-07-30T04:08:24.957Z,buy,1.75e-06,1812.0,0.0031709999999999
YOYOW/BTC,1564460037991,2019-07-30T04:13:57.991Z,buy,1.75e-06,1177.0,0.00205975
YOYOW/BTC,1564460038872,2019-07-30T04:13:58.872Z,buy,1.75e-06,809.0,0.00141575
YOYOW/BTC,1564460053750,2019-07-30T04:14:13.750Z,sell,1.74e-06,54837.0,0.09541638
YOYOW/BTC,1564460054860,2019-07-30T04:14:14.860Z,buy,1.74e-06,62.0,0.00010788
YOYOW/BTC,1564460058466,2019-07-30T04:14:18.466Z,buy,1.74e-06,1305.0,0.0022707
YOYOW/BTC,1564460077733,2019-07-30T04:14:37.733Z,buy,1.74e-06,117.0,0.00020358
YOYOW/BTC,1564460110216,2019-07-30T04:15:10.216Z,buy,1.74e-06,86.0,0.00014964
YOYOW/BTC,1564460111727,2019-07-30T04:15:11.727Z,buy,1.74e-06,5433.0,0.00945342
YOYOW/BTC,1564460111768,2019-07-30T04:15:11.768Z,buy,1.74e-06,783.0,0.00136242
YOYOW/BTC,1564460111768,2019-07-30T04:15:11.768Z,buy,1.75e-06,17648.0,0.0308839999999999
YOYOW/BTC,1564460115567,2019-07-30T04:15:15.567Z,buy,1.75e-06,72.0,0.000126
YOYOW/BTC,1564460116807,2019-07-30T04:15:16.807Z,buy,1.75e-06,113.0,0.00019775
YOYOW/BTC,1564460145501,2019-07-30T04:15:45.501Z,buy,1.75e-06,551.0,0.0009642499999999
YOYOW/BTC,1564460145543,2019-07-30T04:15:45.543Z,buy,1.75e-06,551.0,0.0009642499999999
YOYOW/BTC,1564460145576,2019-07-30T04:15:45.576Z,buy,1.75e-06,551.0,0.0009642499999999
YOYOW/BTC,1564460145625,2019-07-30T04:15:45.625Z,sell,1.74e-06,2925.0,0.0050895
YOYOW/BTC,1564460145640,2019-07-30T04:15:45.640Z,sell,1.73e-06,2925.0,0.00506025
YOYOW/BTC,1564460150650,2019-07-30T04:15:50.650Z,sell,1.73e-06,2777.0,0.00480421
YOYOW/BTC,1564460157162,2019-07-30T04:15:57.162Z,sell,1.73e-06,1388.0,0.00240124
YOYOW/BTC,1564460188674,2019-07-30T04:16:28.674Z,buy,1.74e-06,1741.0,0.00302934
YOYOW/BTC,1564460282842,2019-07-30T04:18:02.842Z,buy,1.74e-06,115.0,0.0002001
YOYOW/BTC,1564460554338,2019-07-30T04:22:34.338Z,buy,1.74e-06,1741.0,0.00302934
YOYOW/BTC,1564460555336,2019-07-30T04:22:35.336Z,buy,1.74e-06,60.0,0.0001044
YOYOW/BTC,1564460570353,2019-07-30T04:22:50.353Z,buy,1.74e-06,375.0,0.0006525
YOYOW/BTC,1564460570375,2019-07-30T04:22:50.375Z,buy,1.74e-06,115.0,0.0002001
YOYOW/BTC,1564460607877,2019-07-30T04:23:27.877Z,sell,1.73e-06,108.0,0.00018684
YOYOW/BTC,1564460635853,2019-07-30T04:23:55.853Z,buy,1.75e-06,28898.0,0.0505715
YOYOW/BTC,1564460641797,2019-07-30T04:24:01.797Z,buy,1.76e-06,86.0,0.00015136
YOYOW/BTC,1564460968047,2019-07-30T04:29:28.047Z,buy,1.76e-06,1445.0,0.0025432
YOYOW/BTC,1564461979999,2019-07-30T04:46:19.999Z,buy,1.76e-06,7790.0,0.0137104
YOYOW/BTC,1564461979999,2019-07-30T04:46:19.999Z,buy,1.76e-06,7790.0,0.0137104
YOYOW/BTC,1564462714419,2019-07-30T04:58:34.419Z,buy,1.76e-06,7050.0,0.012408
YOYOW/BTC,1564462890319,2019-07-30T05:01:30.319Z,sell,1.75e-06,795.0,0.00139125
YOYOW/BTC,1564463234600,2019-07-30T05:07:14.600Z,sell,1.75e-06,24517.0,0.04290475
YOYOW/BTC,1564463238127,2019-07-30T05:07:18.127Z,buy,1.75e-06,1447.0,0.0025322499999999
YOYOW/BTC,1564463240705,2019-07-30T05:07:20.705Z,buy,1.75e-06,1232.0,0.002156
YOYOW/BTC,1564463242639,2019-07-30T05:07:22.639Z,buy,1.75e-06,2040.0,0.00357
YOYOW/BTC,1564463248784,2019-07-30T05:07:28.784Z,buy,1.75e-06,800.0,0.0014
YOYOW/BTC,1564463396351,2019-07-30T05:09:56.351Z,sell,1.74e-06,857.0,0.00149118
YOYOW/BTC,1564463397227,2019-07-30T05:09:57.227Z,buy,1.75e-06,3402.0,0.0059535
YOYOW/BTC,1564463838813,2019-07-30T05:17:18.813Z,sell,1.74e-06,16078.0,0.02797572
YOYOW/BTC,1564463839019,2019-07-30T05:17:19.019Z,sell,1.74e-06,87.0,0.00015138
YOYOW/BTC,1564463839961,2019-07-30T05:17:19.961Z,buy,1.74e-06,277.0,0.00048198
YOYOW/BTC,1564463847322,2019-07-30T05:17:27.322Z,buy,1.74e-06,2616.0,0.00455184
YOYOW/BTC,1564463887295,2019-07-30T05:18:07.295Z,buy,1.74e-06,63.0,0.00010962
YOYOW/BTC,1564463887413,2019-07-30T05:18:07.413Z,buy,1.74e-06,800.0,0.001392
YOYOW/BTC,1564463888658,2019-07-30T05:18:08.658Z,buy,1.74e-06,905.0,0.0015747
YOYOW/BTC,1564463892740,2019-07-30T05:18:12.740Z,buy,1.74e-06,875.0,0.0015225
YOYOW/BTC,1564464092624,2019-07-30T05:21:32.624Z,buy,1.75e-06,800.0,0.0014
YOYOW/BTC,1564464153300,2019-07-30T05:22:33.300Z,sell,1.74e-06,59.0,0.00010266
YOYOW/BTC,1564464278861,2019-07-30T05:24:38.861Z,sell,1.74e-06,11.0,1.914e-05
YOYOW/BTC,1564464278861,2019-07-30T05:24:38.861Z,sell,1.73e-06,17137.0,0.0296470099999999
YOYOW/BTC,1564464310270,2019-07-30T05:25:10.270Z,sell,1.73e-06,11884.0,0.02055932
YOYOW/BTC,1564464314747,2019-07-30T05:25:14.747Z,sell,1.73e-06,4000.0,0.00692
YOYOW/BTC,1564464655816,2019-07-30T05:30:55.816Z,buy,1.74e-06,8706.0,0.01514844
YOYOW/BTC,1564464663174,2019-07-30T05:31:03.174Z,buy,1.74e-06,800.0,0.001392
YOYOW/BTC,1564464722356,2019-07-30T05:32:02.356Z,buy,1.74e-06,115.0,0.0002001
YOYOW/BTC,1564464880525,2019-07-30T05:34:40.525Z,sell,1.73e-06,35344.0,0.06114512
YOYOW/BTC,1564464886666,2019-07-30T05:34:46.666Z,sell,1.72e-06,1021.0,0.00175612
YOYOW/BTC,1564464886666,2019-07-30T05:34:46.666Z,sell,1.72e-06,1374.0,0.00236328
YOYOW/BTC,1564464935363,2019-07-30T05:35:35.363Z,buy,1.73e-06,13696.0,0.02369408
YOYOW/BTC,1564464949417,2019-07-30T05:35:49.417Z,buy,1.73e-06,1304.0,0.00225592
YOYOW/BTC,1564464950053,2019-07-30T05:35:50.053Z,buy,1.73e-06,882.0,0.00152586
YOYOW/BTC,1564464967771,2019-07-30T05:36:07.771Z,buy,1.73e-06,2312.0,0.00399976
YOYOW/BTC,1564464967994,2019-07-30T05:36:07.994Z,buy,1.73e-06,930.0,0.0016089
YOYOW/BTC,1564464979245,2019-07-30T05:36:19.245Z,buy,1.74e-06,900.0,0.001566
YOYOW/BTC,1564465276291,2019-07-30T05:41:16.291Z,sell,1.72e-06,641.0,0.00110252
YOYOW/BTC,1564465276291,2019-07-30T05:41:16.291Z,sell,1.72e-06,641.0,0.00110252
YOYOW/BTC,1564465659674,2019-07-30T05:47:39.674Z,buy,1.74e-06,67.0,0.00011658
YOYOW/BTC,1564465680189,2019-07-30T05:48:00.189Z,buy,1.74e-06,1629.0,0.00283446
YOYOW/BTC,1564466254639,2019-07-30T05:57:34.639Z,sell,1.73e-06,25932.0,0.04486236
YOYOW/BTC,1564466254669,2019-07-30T05:57:34.669Z,buy,1.73e-06,129.0,0.00022317
YOYOW/BTC,1564466301009,2019-07-30T05:58:21.009Z,buy,1.73e-06,2404.0,0.00415892
YOYOW/BTC,1564466356952,2019-07-30T05:59:16.952Z,buy,1.73e-06,800.0,0.001384
YOYOW/BTC,1564466360688,2019-07-30T05:59:20.688Z,buy,1.73e-06,1009.0,0.0017455699999999
YOYOW/BTC,1564466371547,2019-07-30T05:59:31.547Z,buy,1.73e-06,12546.0,0.02170458
YOYOW/BTC,1564466440661,2019-07-30T06:00:40.661Z,buy,1.73e-06,800.0,0.001384
YOYOW/BTC,1564466561494,2019-07-30T06:02:41.494Z,buy,1.73e-06,18905.0,0.0327056499999999
YOYOW/BTC,1564466563527,2019-07-30T06:02:43.527Z,buy,1.73e-06,2312.0,0.00399976
YOYOW/BTC,1564466568808,2019-07-30T06:02:48.808Z,buy,1.73e-06,2312.0,0.00399976
YOYOW/BTC,1564466569331,2019-07-30T06:02:49.331Z,buy,1.73e-06,2312.0,0.00399976
YOYOW/BTC,1564467035570,2019-07-30T06:10:35.570Z,buy,1.74e-06,5838.0,0.01015812
YOYOW/BTC,1564467529753,2019-07-30T06:18:49.753Z,sell,1.73e-06,685.0,0.00118505
YOYOW/BTC,1564467660014,2019-07-30T06:21:00.014Z,buy,1.74e-06,15671.0,0.02726754
YOYOW/BTC,1564468569527,2019-07-30T06:36:09.527Z,buy,1.75e-06,124.0,0.000217
YOYOW/BTC,1564468583377,2019-07-30T06:36:23.377Z,sell,1.74e-06,800.0,0.001392
YOYOW/BTC,1564468583783,2019-07-30T06:36:23.783Z,sell,1.74e-06,90.0,0.0001566
YOYOW/BTC,1564468583783,2019-07-30T06:36:23.783Z,sell,1.74e-06,90.0,0.0001566
YOYOW/BTC,1564468886443,2019-07-30T06:41:26.443Z,sell,1.73e-06,710.0,0.0012282999999999
YOYOW/BTC,1564469320453,2019-07-30T06:48:40.453Z,sell,1.73e-06,86.0,0.00014878
YOYOW/BTC,1564469381417,2019-07-30T06:49:41.417Z,sell,1.73e-06,66752.0,0.11548096
YOYOW/BTC,1564469381479,2019-07-30T06:49:41.479Z,buy,1.73e-06,140.0,0.0002422
YOYOW/BTC,1564469490823,2019-07-30T06:51:30.823Z,buy,1.73e-06,143.0,0.00024739
YOYOW/BTC,1564469491554,2019-07-30T06:51:31.554Z,sell,1.72e-06,2312.0,0.00397664
YOYOW/BTC,1564469841089,2019-07-30T06:57:21.089Z,buy,1.73e-06,800.0,0.001384
YOYOW/BTC,1564469909031,2019-07-30T06:58:29.031Z,buy,1.73e-06,1352.0,0.0023389599999999
YOYOW/BTC,1564470106683,2019-07-30T07:01:46.683Z,buy,1.73e-06,64889.0,0.11225797
YOYOW/BTC,1564470423475,2019-07-30T07:07:03.475Z,sell,1.72e-06,12133.0,0.02086876
YOYOW/BTC,1564470879674,2019-07-30T07:14:39.674Z,buy,1.73e-06,6936.0,0.01199928
YOYOW/BTC,1564470963523,2019-07-30T07:16:03.523Z,buy,1.73e-06,116.0,0.0002006799999999
YOYOW/BTC,1564471747240,2019-07-30T07:29:07.240Z,sell,1.72e-06,77556.0,0.13339632
YOYOW/BTC,1564472024160,2019-07-30T07:33:44.160Z,sell,1.72e-06,71473.0,0.12293356
YOYOW/BTC,1564472024160,2019-07-30T07:33:44.160Z,sell,1.72e-06,71473.0,0.12293356
YOYOW/BTC,1564472458838,2019-07-30T07:40:58.838Z,buy,1.73e-06,7128.0,0.0123314399999999
YOYOW/BTC,1564472461738,2019-07-30T07:41:01.738Z,buy,1.73e-06,800.0,0.001384
YOYOW/BTC,1564472462430,2019-07-30T07:41:02.430Z,buy,1.73e-06,2138.0,0.00369874
YOYOW/BTC,1564472482186,2019-07-30T07:41:22.186Z,buy,1.73e-06,7081.0,0.01225013
YOYOW/BTC,1564472493948,2019-07-30T07:41:33.948Z,buy,1.73e-06,800.0,0.001384
YOYOW/BTC,1564472494464,2019-07-30T07:41:34.464Z,buy,1.73e-06,1093.0,0.0018908899999999
YOYOW/BTC,1564472495198,2019-07-30T07:41:35.198Z,buy,1.73e-06,3166.0,0.00547718
YOYOW/BTC,1564472511591,2019-07-30T07:41:51.591Z,buy,1.73e-06,1427.0,0.00246871
YOYOW/BTC,1564472677005,2019-07-30T07:44:37.005Z,buy,1.73e-06,42469.0,0.07347137
YOYOW/BTC,1564473088978,2019-07-30T07:51:28.978Z,buy,1.73e-06,1800.0,0.003114
YOYOW/BTC,1564473089619,2019-07-30T07:51:29.619Z,buy,1.73e-06,6001.0,0.01038173
