symbol,timestamp,datetime,side,price,amount,btc_volume
YOYOW/BTC,1603217086894,2020-10-20T18:04:46.894Z,sell,5.5e-07,1000.0,0.00055
YOYOW/BTC,1603217452934,2020-10-20T18:10:52.934Z,buy,5.6e-07,48072.0,0.02692032
YOYOW/BTC,1603219189717,2020-10-20T18:39:49.717Z,sell,5.6e-07,185383.0,0.10381448
YOYOW/BTC,1603219636151,2020-10-20T18:47:16.151Z,sell,5.6e-07,384.0,0.00021504
YOYOW/BTC,1603220241590,2020-10-20T18:57:21.590Z,sell,5.6e-07,7995.0,0.0044772
YOYOW/BTC,1603220369842,2020-10-20T18:59:29.842Z,sell,5.6e-07,4576.0,0.00256256
YOYOW/BTC,1603220369842,2020-10-20T18:59:29.842Z,sell,5.6e-07,4576.0,0.00256256
YOYOW/BTC,1603220413729,2020-10-20T19:00:13.729Z,sell,5.6e-07,1658.0,0.00092848
YOYOW/BTC,1603220413745,2020-10-20T19:00:13.745Z,sell,5.6e-07,79585.0,0.0445676
YOYOW/BTC,1603220476079,2020-10-20T19:01:16.079Z,sell,5.6e-07,21898.0,0.01226288
YOYOW/BTC,1603220580493,2020-10-20T19:03:00.493Z,sell,5.6e-07,9434.0,0.00528304
YOYOW/BTC,1603221842592,2020-10-20T19:24:02.592Z,buy,5.7e-07,1800.0,0.001026
YOYOW/BTC,1603223774230,2020-10-20T19:56:14.230Z,buy,5.7e-07,228.0,0.00012996
YOYOW/BTC,1603223774230,2020-10-20T19:56:14.230Z,buy,5.7e-07,228.0,0.00012996
YOYOW/BTC,1603224144562,2020-10-20T20:02:24.562Z,buy,5.7e-07,10012.0,0.00570684
YOYOW/BTC,1603224254358,2020-10-20T20:04:14.358Z,buy,5.7e-07,7877.0,0.00448989
YOYOW/BTC,1603224254496,2020-10-20T20:04:14.496Z,buy,5.7e-07,9059.0,0.00516363
YOYOW/BTC,1603224704155,2020-10-20T20:11:44.155Z,buy,5.7e-07,3303.0,0.00188271
YOYOW/BTC,1603224705429,2020-10-20T20:11:45.429Z,buy,5.7e-07,7554.0,0.00430578
YOYOW/BTC,1603224894273,2020-10-20T20:14:54.273Z,buy,5.7e-07,4971.0,0.00283347
YOYOW/BTC,1603225076854,2020-10-20T20:17:56.854Z,buy,5.7e-07,238.0,0.00013566
YOYOW/BTC,1603225081370,2020-10-20T20:18:01.370Z,buy,5.7e-07,3363.0,0.00191691
YOYOW/BTC,1603225085617,2020-10-20T20:18:05.617Z,buy,5.7e-07,6750.0,0.0038475
YOYOW/BTC,1603225127213,2020-10-20T20:18:47.213Z,buy,5.7e-07,4442.0,0.00253194
YOYOW/BTC,1603225387507,2020-10-20T20:23:07.507Z,sell,5.6e-07,182885.0,0.1024156
YOYOW/BTC,1603225387507,2020-10-20T20:23:07.507Z,sell,5.5e-07,188373.0,0.10360515
YOYOW/BTC,1603225395635,2020-10-20T20:23:15.635Z,sell,5.6e-07,182.0,0.00010192
YOYOW/BTC,1603225396106,2020-10-20T20:23:16.106Z,sell,5.6e-07,1378.0,0.00077168
YOYOW/BTC,1603225423951,2020-10-20T20:23:43.951Z,buy,5.7e-07,14485.0,0.00825645
YOYOW/BTC,1603225454237,2020-10-20T20:24:14.237Z,buy,5.7e-07,1149.0,0.00065493
YOYOW/BTC,1603225541091,2020-10-20T20:25:41.091Z,sell,5.7e-07,2124.0,0.00121068
YOYOW/BTC,1603225927720,2020-10-20T20:32:07.720Z,buy,5.7e-07,708.0,0.00040356
YOYOW/BTC,1603225975498,2020-10-20T20:32:55.498Z,buy,5.7e-07,2027.0,0.00115539
YOYOW/BTC,1603226022931,2020-10-20T20:33:42.931Z,buy,5.7e-07,2025.0,0.00115425
YOYOW/BTC,1603226129130,2020-10-20T20:35:29.130Z,sell,5.6e-07,116008.0,0.06496448
YOYOW/BTC,1603226129130,2020-10-20T20:35:29.130Z,sell,5.5e-07,111090.0,0.0610995
YOYOW/BTC,1603226129367,2020-10-20T20:35:29.367Z,buy,5.5e-07,1000.0,0.00055
YOYOW/BTC,1603226129381,2020-10-20T20:35:29.381Z,buy,5.5e-07,426.0,0.0002343
YOYOW/BTC,1603226143673,2020-10-20T20:35:43.673Z,buy,5.5e-07,63144.0,0.0347292
YOYOW/BTC,1603226168671,2020-10-20T20:36:08.671Z,buy,5.5e-07,364.0,0.0002002
YOYOW/BTC,1603226183152,2020-10-20T20:36:23.152Z,buy,5.5e-07,2025.0,0.00111375
YOYOW/BTC,1603226185918,2020-10-20T20:36:25.918Z,buy,5.5e-07,101961.0,0.05607855
YOYOW/BTC,1603226244162,2020-10-20T20:37:24.162Z,buy,5.5e-07,113454.0,0.0623997
YOYOW/BTC,1603226287905,2020-10-20T20:38:07.905Z,buy,5.5e-07,2294.0,0.0012617
YOYOW/BTC,1603226288486,2020-10-20T20:38:08.486Z,buy,5.5e-07,1667.0,0.00091685
YOYOW/BTC,1603226341419,2020-10-20T20:39:01.419Z,buy,5.5e-07,273493.0,0.15042115
YOYOW/BTC,1603226465012,2020-10-20T20:41:05.012Z,buy,5.5e-07,2413.0,0.00132715
YOYOW/BTC,1603226476054,2020-10-20T20:41:16.054Z,sell,5.4e-07,2413.0,0.00130302
YOYOW/BTC,1603226476054,2020-10-20T20:41:16.054Z,sell,5.4e-07,107976.0,0.05830704
YOYOW/BTC,1603226476054,2020-10-20T20:41:16.054Z,sell,5.4e-07,8832.0,0.00476928
YOYOW/BTC,1603226476309,2020-10-20T20:41:16.309Z,buy,5.4e-07,124354.0,0.06715116
YOYOW/BTC,1603226478583,2020-10-20T20:41:18.583Z,sell,5.4e-07,10521.0,0.00568134
YOYOW/BTC,1603226480056,2020-10-20T20:41:20.056Z,sell,5.4e-07,7496.0,0.00404784
YOYOW/BTC,1603226483366,2020-10-20T20:41:23.366Z,sell,5.4e-07,1378.0,0.00074412
YOYOW/BTC,1603226512118,2020-10-20T20:41:52.118Z,buy,5.5e-07,251581.0,0.13836955
YOYOW/BTC,1603226544156,2020-10-20T20:42:24.156Z,buy,5.5e-07,113490.0,0.0624195
YOYOW/BTC,1603226551353,2020-10-20T20:42:31.353Z,buy,5.5e-07,32232.0,0.0177276
YOYOW/BTC,1603226564953,2020-10-20T20:42:44.953Z,buy,5.5e-07,16536.0,0.0090948
YOYOW/BTC,1603226624380,2020-10-20T20:43:44.380Z,buy,5.5e-07,999502.0,0.5497261
YOYOW/BTC,1603226626693,2020-10-20T20:43:46.693Z,buy,5.5e-07,72988.0,0.0401434
YOYOW/BTC,1603226640739,2020-10-20T20:44:00.739Z,buy,5.5e-07,161283.0,0.08870565
YOYOW/BTC,1603226681170,2020-10-20T20:44:41.170Z,buy,5.6e-07,1149.0,0.00064344
YOYOW/BTC,1603226931948,2020-10-20T20:48:51.948Z,buy,5.6e-07,44915.0,0.0251524
YOYOW/BTC,1603226931948,2020-10-20T20:48:51.948Z,buy,5.6e-07,44915.0,0.0251524
YOYOW/BTC,1603227769364,2020-10-20T21:02:49.364Z,sell,5.6e-07,426159.0,0.23864904
YOYOW/BTC,1603227769597,2020-10-20T21:02:49.597Z,buy,5.6e-07,2000.0,0.00112
YOYOW/BTC,1603227769598,2020-10-20T21:02:49.598Z,buy,5.6e-07,2000.0,0.00112
YOYOW/BTC,1603227769598,2020-10-20T21:02:49.598Z,buy,5.6e-07,2000.0,0.00112
YOYOW/BTC,1603227769599,2020-10-20T21:02:49.599Z,buy,5.6e-07,2000.0,0.00112
YOYOW/BTC,1603228043531,2020-10-20T21:07:23.531Z,buy,5.6e-07,281.0,0.00015736
YOYOW/BTC,1603228676834,2020-10-20T21:17:56.834Z,buy,5.6e-07,397.0,0.00022232
YOYOW/BTC,1603229418922,2020-10-20T21:30:18.922Z,sell,5.5e-07,39724.0,0.0218482
YOYOW/BTC,1603230347613,2020-10-20T21:45:47.613Z,buy,5.6e-07,6759.0,0.00378504
YOYOW/BTC,1603230382196,2020-10-20T21:46:22.196Z,buy,5.6e-07,2000.0,0.00112
YOYOW/BTC,1603230413169,2020-10-20T21:46:53.169Z,buy,5.6e-07,6059.0,0.00339304
YOYOW/BTC,1603230413169,2020-10-20T21:46:53.169Z,buy,5.6e-07,6059.0,0.00339304
YOYOW/BTC,1603231312965,2020-10-20T22:01:52.965Z,buy,5.6e-07,1095.0,0.0006132
YOYOW/BTC,1603231313197,2020-10-20T22:01:53.197Z,buy,5.6e-07,1000.0,0.00056
YOYOW/BTC,1603231313199,2020-10-20T22:01:53.199Z,buy,5.6e-07,1000.0,0.00056
YOYOW/BTC,1603231313200,2020-10-20T22:01:53.200Z,buy,5.6e-07,1000.0,0.00056
YOYOW/BTC,1603231398753,2020-10-20T22:03:18.753Z,buy,5.6e-07,3967.0,0.00222152
YOYOW/BTC,1603231743933,2020-10-20T22:09:03.933Z,sell,5.5e-07,284.0,0.0001562
YOYOW/BTC,1603232927212,2020-10-20T22:28:47.212Z,buy,5.6e-07,57514.0,0.03220784
YOYOW/BTC,1603232927212,2020-10-20T22:28:47.212Z,buy,5.6e-07,57514.0,0.03220784
YOYOW/BTC,1603234391724,2020-10-20T22:53:11.724Z,sell,5.5e-07,1777.0,0.00097735
YOYOW/BTC,1603234567874,2020-10-20T22:56:07.874Z,sell,5.5e-07,1335.0,0.00073425
YOYOW/BTC,1603235344714,2020-10-20T23:09:04.714Z,buy,5.6e-07,1818.0,0.00101808
YOYOW/BTC,1603235976014,2020-10-20T23:19:36.014Z,sell,5.5e-07,204403.0,0.11242165
YOYOW/BTC,1603235976014,2020-10-20T23:19:36.014Z,sell,5.5e-07,204403.0,0.11242165
YOYOW/BTC,1603237169419,2020-10-20T23:39:29.419Z,sell,5.5e-07,4348.0,0.0023914
YOYOW/BTC,1603238037044,2020-10-20T23:53:57.044Z,sell,5.5e-07,260967.0,0.14353185
YOYOW/BTC,1603238142123,2020-10-20T23:55:42.123Z,sell,5.5e-07,3727.0,0.00204985
YOYOW/BTC,1603238572923,2020-10-21T00:02:52.923Z,buy,5.5e-07,453.0,0.00024915
YOYOW/BTC,1603238573154,2020-10-21T00:02:53.154Z,buy,5.5e-07,4000.0,0.0022
YOYOW/BTC,1603238573155,2020-10-21T00:02:53.155Z,buy,5.5e-07,4000.0,0.0022
YOYOW/BTC,1603238573158,2020-10-21T00:02:53.158Z,buy,5.5e-07,4000.0,0.0022
YOYOW/BTC,1603238573159,2020-10-21T00:02:53.159Z,buy,5.5e-07,4000.0,0.0022
YOYOW/BTC,1603238681284,2020-10-21T00:04:41.284Z,buy,5.5e-07,50858.0,0.0279719
YOYOW/BTC,1603238935085,2020-10-21T00:08:55.085Z,buy,5.5e-07,9091.0,0.00500005
YOYOW/BTC,1603239055458,2020-10-21T00:10:55.458Z,buy,5.5e-07,365.0,0.00020075
YOYOW/BTC,1603239335443,2020-10-21T00:15:35.443Z,buy,5.5e-07,288.0,0.0001584
YOYOW/BTC,1603239404725,2020-10-21T00:16:44.725Z,buy,5.5e-07,1818.0,0.0009999
YOYOW/BTC,1603239458848,2020-10-21T00:17:38.848Z,buy,5.5e-07,1818.0,0.0009999
YOYOW/BTC,1603239458848,2020-10-21T00:17:38.848Z,buy,5.5e-07,1818.0,0.0009999
YOYOW/BTC,1603239971074,2020-10-21T00:26:11.074Z,buy,5.5e-07,1818.0,0.0009999
YOYOW/BTC,1603240012936,2020-10-21T00:26:52.936Z,buy,5.5e-07,10000.0,0.0055
YOYOW/BTC,1603241590875,2020-10-21T00:53:10.875Z,sell,5.4e-07,305223.0,0.16482042
YOYOW/BTC,1603241591667,2020-10-21T00:53:11.667Z,buy,5.4e-07,18500.0,0.00999
YOYOW/BTC,1603241592227,2020-10-21T00:53:12.227Z,buy,5.4e-07,3700.0,0.001998
YOYOW/BTC,1603241602218,2020-10-21T00:53:22.218Z,sell,5.3e-07,1378.0,0.00073034
YOYOW/BTC,1603241605093,2020-10-21T00:53:25.093Z,sell,5.3e-07,11395.0,0.00603935
YOYOW/BTC,1603241605184,2020-10-21T00:53:25.184Z,sell,5.3e-07,26000.0,0.01378
YOYOW/BTC,1603241605333,2020-10-21T00:53:25.333Z,sell,5.3e-07,10462.0,0.00554486
YOYOW/BTC,1603241686460,2020-10-21T00:54:46.460Z,buy,5.4e-07,10182.0,0.00549828
YOYOW/BTC,1603242005219,2020-10-21T01:00:05.219Z,sell,5.3e-07,295.0,0.00015635
YOYOW/BTC,1603242022049,2020-10-21T01:00:22.049Z,buy,5.4e-07,8365.0,0.0045171
YOYOW/BTC,1603242037483,2020-10-21T01:00:37.483Z,buy,5.4e-07,1852.0,0.00100008
YOYOW/BTC,1603242037718,2020-10-21T01:00:37.718Z,buy,5.4e-07,2000.0,0.00108
YOYOW/BTC,1603242144260,2020-10-21T01:02:24.260Z,buy,5.4e-07,185185.0,0.0999999
YOYOW/BTC,1603242157675,2020-10-21T01:02:37.675Z,buy,5.5e-07,1818.0,0.0009999
YOYOW/BTC,1603242202069,2020-10-21T01:03:22.069Z,sell,5.4e-07,4629.0,0.00249966
YOYOW/BTC,1603242271731,2020-10-21T01:04:31.731Z,buy,5.4e-07,4629.0,0.00249966
YOYOW/BTC,1603242341211,2020-10-21T01:05:41.211Z,sell,5.4e-07,10000.0,0.0054
YOYOW/BTC,1603242424018,2020-10-21T01:07:04.018Z,sell,5.4e-07,8214.0,0.00443556
YOYOW/BTC,1603242433009,2020-10-21T01:07:13.009Z,buy,5.4e-07,67028.0,0.03619512
YOYOW/BTC,1603243048291,2020-10-21T01:17:28.291Z,buy,5.5e-07,41675.0,0.02292125
YOYOW/BTC,1603243048291,2020-10-21T01:17:28.291Z,buy,5.5e-07,41675.0,0.02292125
YOYOW/BTC,1603243307150,2020-10-21T01:21:47.150Z,buy,5.5e-07,10000.0,0.0055
YOYOW/BTC,1603244050336,2020-10-21T01:34:10.336Z,sell,5.4e-07,61771.0,0.03335634
YOYOW/BTC,1603244050336,2020-10-21T01:34:10.336Z,sell,5.3e-07,229.0,0.00012137
YOYOW/BTC,1603244155234,2020-10-21T01:35:55.234Z,buy,5.4e-07,4629.0,0.00249966
YOYOW/BTC,1603244645584,2020-10-21T01:44:05.584Z,buy,5.5e-07,18367.0,0.01010185
YOYOW/BTC,1603245018331,2020-10-21T01:50:18.331Z,sell,5.4e-07,1000.0,0.00054
YOYOW/BTC,1603245039479,2020-10-21T01:50:39.479Z,sell,5.4e-07,61550.0,0.033237
YOYOW/BTC,1603245039479,2020-10-21T01:50:39.479Z,sell,5.3e-07,450.0,0.0002385
YOYOW/BTC,1603245202289,2020-10-21T01:53:22.289Z,sell,5.3e-07,80370.0,0.0425961
YOYOW/BTC,1603245226946,2020-10-21T01:53:46.946Z,sell,5.3e-07,9433.0,0.00499949
YOYOW/BTC,1603245293461,2020-10-21T01:54:53.461Z,sell,5.3e-07,9433.0,0.00499949
YOYOW/BTC,1603245333326,2020-10-21T01:55:33.326Z,buy,5.4e-07,4629.0,0.00249966
YOYOW/BTC,1603245640951,2020-10-21T02:00:40.951Z,sell,5.4e-07,32392.0,0.01749168
YOYOW/BTC,1603246058098,2020-10-21T02:07:38.098Z,buy,5.5e-07,136308.0,0.0749694
YOYOW/BTC,1603246070645,2020-10-21T02:07:50.645Z,buy,5.5e-07,68067.0,0.03743685
YOYOW/BTC,1603246070645,2020-10-21T02:07:50.645Z,buy,5.6e-07,65807.0,0.03685192
YOYOW/BTC,1603246077954,2020-10-21T02:07:57.954Z,buy,5.5e-07,293.0,0.00016115
YOYOW/BTC,1603246105824,2020-10-21T02:08:25.824Z,sell,5.4e-07,1000.0,0.00054
YOYOW/BTC,1603246111375,2020-10-21T02:08:31.375Z,buy,5.5e-07,4336.0,0.0023848
YOYOW/BTC,1603246128555,2020-10-21T02:08:48.555Z,sell,5.5e-07,1000.0,0.00055
YOYOW/BTC,1603246128555,2020-10-21T02:08:48.555Z,sell,5.5e-07,1000.0,0.00055
YOYOW/BTC,1603246920595,2020-10-21T02:22:00.595Z,sell,5.5e-07,1000.0,0.00055
YOYOW/BTC,1603246957688,2020-10-21T02:22:37.688Z,sell,5.5e-07,1000.0,0.00055
YOYOW/BTC,1603246999642,2020-10-21T02:23:19.642Z,sell,5.5e-07,9999.0,0.00549945
YOYOW/BTC,1603247104655,2020-10-21T02:25:04.655Z,sell,5.5e-07,1000.0,0.00055
YOYOW/BTC,1603247149283,2020-10-21T02:25:49.283Z,sell,5.5e-07,1000.0,0.00055
YOYOW/BTC,1603247182781,2020-10-21T02:26:22.781Z,sell,5.5e-07,105063.0,0.05778465
YOYOW/BTC,1603247182781,2020-10-21T02:26:22.781Z,sell,5.4e-07,4937.0,0.00266598
YOYOW/BTC,1603247191743,2020-10-21T02:26:31.743Z,buy,5.5e-07,4545.0,0.00249975
YOYOW/BTC,1603247191743,2020-10-21T02:26:31.743Z,buy,5.6e-07,2727.0,0.00152712
YOYOW/BTC,1603247205650,2020-10-21T02:26:45.650Z,sell,5.5e-07,4545.0,0.00249975
YOYOW/BTC,1603247205650,2020-10-21T02:26:45.650Z,sell,5.4e-07,455.0,0.0002457
YOYOW/BTC,1603247249316,2020-10-21T02:27:29.316Z,buy,5.5e-07,16692.0,0.0091806
YOYOW/BTC,1603247256325,2020-10-21T02:27:36.325Z,sell,5.5e-07,3335.0,0.00183425
YOYOW/BTC,1603247274132,2020-10-21T02:27:54.132Z,buy,5.5e-07,1665.0,0.00091575
YOYOW/BTC,1603247526378,2020-10-21T02:32:06.378Z,sell,5.5e-07,1008.0,0.0005544
YOYOW/BTC,1603247573316,2020-10-21T02:32:53.316Z,sell,5.5e-07,435.0,0.00023925
YOYOW/BTC,1603247600992,2020-10-21T02:33:20.992Z,sell,5.5e-07,13620.0,0.007491
YOYOW/BTC,1603247752124,2020-10-21T02:35:52.124Z,sell,5.4e-07,1000.0,0.00054
YOYOW/BTC,1603247860282,2020-10-21T02:37:40.282Z,sell,5.4e-07,1000.0,0.00054
YOYOW/BTC,1603249099947,2020-10-21T02:58:19.947Z,sell,5.4e-07,51323.0,0.02771442
YOYOW/BTC,1603249316628,2020-10-21T03:01:56.628Z,sell,5.4e-07,14418.0,0.00778572
YOYOW/BTC,1603249325271,2020-10-21T03:02:05.271Z,sell,5.4e-07,12183.0,0.00657882
YOYOW/BTC,1603249326240,2020-10-21T03:02:06.240Z,sell,5.4e-07,9059.0,0.00489186
YOYOW/BTC,1603249326264,2020-10-21T03:02:06.264Z,sell,5.4e-07,7877.0,0.00425358
YOYOW/BTC,1603249384174,2020-10-21T03:03:04.174Z,sell,5.4e-07,3303.0,0.00178362
YOYOW/BTC,1603249385472,2020-10-21T03:03:05.472Z,sell,5.4e-07,7554.0,0.00407916
YOYOW/BTC,1603249490235,2020-10-21T03:04:50.235Z,sell,5.4e-07,181844.0,0.09819576
YOYOW/BTC,1603249490235,2020-10-21T03:04:50.235Z,sell,5.3e-07,18156.0,0.00962268
YOYOW/BTC,1603249599713,2020-10-21T03:06:39.713Z,sell,5.3e-07,228635.0,0.12117655
YOYOW/BTC,1603249599713,2020-10-21T03:06:39.713Z,sell,5.2e-07,1365.0,0.0007098
YOYOW/BTC,1603249602374,2020-10-21T03:06:42.374Z,sell,5.2e-07,1378.0,0.00071656
YOYOW/BTC,1603249603017,2020-10-21T03:06:43.017Z,sell,5.2e-07,3391.0,0.00176332
YOYOW/BTC,1603249603904,2020-10-21T03:06:43.904Z,sell,5.2e-07,11631.0,0.00604812
YOYOW/BTC,1603249604319,2020-10-21T03:06:44.319Z,sell,5.2e-07,55116.0,0.02866032
YOYOW/BTC,1603249604609,2020-10-21T03:06:44.609Z,sell,5.2e-07,4946.0,0.00257192
YOYOW/BTC,1603249605041,2020-10-21T03:06:45.041Z,sell,5.2e-07,13319.0,0.00692588
YOYOW/BTC,1603249695707,2020-10-21T03:08:15.707Z,buy,5.3e-07,4985.0,0.00264205
YOYOW/BTC,1603249702529,2020-10-21T03:08:22.529Z,buy,5.3e-07,285.0,0.00015105
YOYOW/BTC,1603249726660,2020-10-21T03:08:46.660Z,buy,5.3e-07,26792.0,0.01419976
YOYOW/BTC,1603249726660,2020-10-21T03:08:46.660Z,buy,5.3e-07,26792.0,0.01419976
YOYOW/BTC,1603249838869,2020-10-21T03:10:38.869Z,sell,5.3e-07,3798.0,0.00201294
YOYOW/BTC,1603250253286,2020-10-21T03:17:33.286Z,sell,5.3e-07,10645.0,0.00564185
YOYOW/BTC,1603250307617,2020-10-21T03:18:27.617Z,sell,5.2e-07,146354.0,0.07610408
YOYOW/BTC,1603250307617,2020-10-21T03:18:27.617Z,sell,5.1e-07,3646.0,0.00185946
YOYOW/BTC,1603250317005,2020-10-21T03:18:37.005Z,sell,5.2e-07,197.0,0.00010244
YOYOW/BTC,1603250396411,2020-10-21T03:19:56.411Z,buy,5.3e-07,1923.0,0.00101919
YOYOW/BTC,1603250610862,2020-10-21T03:23:30.862Z,sell,5.2e-07,2332.0,0.00121264
YOYOW/BTC,1603250649810,2020-10-21T03:24:09.810Z,buy,5.3e-07,1495.0,0.00079235
YOYOW/BTC,1603250691904,2020-10-21T03:24:51.904Z,buy,5.3e-07,8593.0,0.00455429
YOYOW/BTC,1603250939782,2020-10-21T03:28:59.782Z,buy,5.4e-07,179576.0,0.09697104
YOYOW/BTC,1603250954475,2020-10-21T03:29:14.475Z,buy,5.4e-07,134682.0,0.07272828
YOYOW/BTC,1603250969598,2020-10-21T03:29:29.598Z,buy,5.4e-07,60000.0,0.0324
YOYOW/BTC,1603250978135,2020-10-21T03:29:38.135Z,sell,5.3e-07,1000.0,0.00053
YOYOW/BTC,1603250978247,2020-10-21T03:29:38.247Z,buy,5.4e-07,4949.0,0.00267246
YOYOW/BTC,1603250996824,2020-10-21T03:29:56.824Z,sell,5.4e-07,1000.0,0.00054
YOYOW/BTC,1603251035710,2020-10-21T03:30:35.710Z,sell,5.4e-07,1000.0,0.00054
YOYOW/BTC,1603251188489,2020-10-21T03:33:08.489Z,sell,5.4e-07,377.0,0.00020358
YOYOW/BTC,1603251435562,2020-10-21T03:37:15.562Z,buy,5.5e-07,3946.0,0.0021703
YOYOW/BTC,1603251448825,2020-10-21T03:37:28.825Z,sell,5.4e-07,1923.0,0.00103842
YOYOW/BTC,1603252901502,2020-10-21T04:01:41.502Z,sell,5.4e-07,200.0,0.000108
YOYOW/BTC,1603252984138,2020-10-21T04:03:04.138Z,sell,5.4e-07,289.0,0.00015606
YOYOW/BTC,1603253259294,2020-10-21T04:07:39.294Z,buy,5.5e-07,85179.0,0.04684845
YOYOW/BTC,1603253262925,2020-10-21T04:07:42.925Z,buy,5.5e-07,1818.0,0.0009999
YOYOW/BTC,1603253263149,2020-10-21T04:07:43.149Z,buy,5.5e-07,85179.0,0.04684845
YOYOW/BTC,1603253263812,2020-10-21T04:07:43.812Z,buy,5.5e-07,1818.0,0.0009999
YOYOW/BTC,1603253270911,2020-10-21T04:07:50.911Z,buy,5.5e-07,42589.0,0.02342395
YOYOW/BTC,1603253285422,2020-10-21T04:08:05.422Z,buy,5.5e-07,31942.0,0.0175681
YOYOW/BTC,1603253292616,2020-10-21T04:08:12.616Z,buy,5.5e-07,23957.0,0.01317635
YOYOW/BTC,1603253298932,2020-10-21T04:08:18.932Z,buy,5.5e-07,17967.0,0.00988185
YOYOW/BTC,1603253304866,2020-10-21T04:08:24.866Z,buy,5.5e-07,13476.0,0.0074118
YOYOW/BTC,1603253304866,2020-10-21T04:08:24.866Z,buy,5.5e-07,13476.0,0.0074118
YOYOW/BTC,1603254096742,2020-10-21T04:21:36.742Z,buy,5.5e-07,18181.0,0.00999955
YOYOW/BTC,1603254689041,2020-10-21T04:31:29.041Z,sell,5.4e-07,377.0,0.00020358
YOYOW/BTC,1603254804694,2020-10-21T04:33:24.694Z,sell,5.4e-07,81250.0,0.043875
YOYOW/BTC,1603254991196,2020-10-21T04:36:31.196Z,buy,5.4e-07,12845.0,0.0069363
YOYOW/BTC,1603255678699,2020-10-21T04:47:58.699Z,buy,5.5e-07,225.0,0.00012375
YOYOW/BTC,1603255678699,2020-10-21T04:47:58.699Z,buy,5.5e-07,225.0,0.00012375
YOYOW/BTC,1603257450091,2020-10-21T05:17:30.091Z,sell,5.4e-07,5036.0,0.00271944
YOYOW/BTC,1603258734337,2020-10-21T05:38:54.337Z,sell,5.4e-07,4256.0,0.00229824
YOYOW/BTC,1603259152613,2020-10-21T05:45:52.613Z,buy,5.5e-07,2260.0,0.001243
YOYOW/BTC,1603259152613,2020-10-21T05:45:52.613Z,buy,5.5e-07,2260.0,0.001243
YOYOW/BTC,1603260910108,2020-10-21T06:15:10.108Z,buy,5.5e-07,1790.0,0.0009845
YOYOW/BTC,1603261170488,2020-10-21T06:19:30.488Z,sell,5.4e-07,4348.0,0.00234792
YOYOW/BTC,1603261327566,2020-10-21T06:22:07.566Z,sell,5.4e-07,3070.0,0.0016578
YOYOW/BTC,1603261808523,2020-10-21T06:30:08.523Z,buy,5.5e-07,14814.0,0.0081477
YOYOW/BTC,1603262451029,2020-10-21T06:40:51.029Z,buy,5.5e-07,17890.0,0.0098395
YOYOW/BTC,1603262451029,2020-10-21T06:40:51.029Z,buy,5.5e-07,17890.0,0.0098395
YOYOW/BTC,1603264745189,2020-10-21T07:19:05.189Z,buy,5.5e-07,236.0,0.0001298
YOYOW/BTC,1603264745189,2020-10-21T07:19:05.189Z,buy,5.5e-07,236.0,0.0001298
YOYOW/BTC,1603266779427,2020-10-21T07:52:59.427Z,sell,5.4e-07,12840.0,0.0069336
YOYOW/BTC,1603266871419,2020-10-21T07:54:31.419Z,buy,5.5e-07,363.0,0.00019965
YOYOW/BTC,1603267621144,2020-10-21T08:07:01.144Z,sell,5.4e-07,14963.0,0.00808002
YOYOW/BTC,1603268285990,2020-10-21T08:18:05.990Z,sell,5.4e-07,210747.0,0.11380338
YOYOW/BTC,1603268285990,2020-10-21T08:18:05.990Z,sell,5.4e-07,210747.0,0.11380338
YOYOW/BTC,1603268682778,2020-10-21T08:24:42.778Z,sell,5.4e-07,57514.0,0.03105756
YOYOW/BTC,1603268699413,2020-10-21T08:24:59.413Z,sell,5.4e-07,9893.0,0.00534222
YOYOW/BTC,1603269013398,2020-10-21T08:30:13.398Z,sell,5.4e-07,5401.0,0.00291654
YOYOW/BTC,1603270151943,2020-10-21T08:49:11.943Z,sell,5.4e-07,1093.0,0.00059022
YOYOW/BTC,1603270359107,2020-10-21T08:52:39.107Z,sell,5.4e-07,4693.0,0.00253422
YOYOW/BTC,1603270388047,2020-10-21T08:53:08.047Z,sell,5.4e-07,4492.0,0.00242568
YOYOW/BTC,1603270474402,2020-10-21T08:54:34.402Z,sell,5.4e-07,25539.0,0.01379106
YOYOW/BTC,1603270819463,2020-10-21T09:00:19.463Z,buy,5.5e-07,1000.0,0.00055
YOYOW/BTC,1603270850281,2020-10-21T09:00:50.281Z,buy,5.4e-07,4235.0,0.0022869
YOYOW/BTC,1603270892990,2020-10-21T09:01:32.990Z,buy,5.5e-07,2353.0,0.00129415
YOYOW/BTC,1603270910377,2020-10-21T09:01:50.377Z,buy,5.5e-07,1469.0,0.00080795
YOYOW/BTC,1603270970263,2020-10-21T09:02:50.263Z,sell,5.4e-07,3703.0,0.00199962
YOYOW/BTC,1603271054938,2020-10-21T09:04:14.938Z,sell,5.4e-07,3330.0,0.0017982
YOYOW/BTC,1603271303285,2020-10-21T09:08:23.285Z,buy,5.4e-07,368185.0,0.1988199
YOYOW/BTC,1603271457342,2020-10-21T09:10:57.342Z,buy,5.4e-07,12351.0,0.00666954
YOYOW/BTC,1603271723931,2020-10-21T09:15:23.931Z,buy,5.5e-07,17000.0,0.00935
YOYOW/BTC,1603271814646,2020-10-21T09:16:54.646Z,buy,5.5e-07,1784.0,0.0009812
YOYOW/BTC,1603271814646,2020-10-21T09:16:54.646Z,buy,5.5e-07,1784.0,0.0009812
YOYOW/BTC,1603272060490,2020-10-21T09:21:00.490Z,sell,5.4e-07,50000.0,0.027
YOYOW/BTC,1603272423754,2020-10-21T09:27:03.754Z,buy,5.5e-07,1007.0,0.00055385
YOYOW/BTC,1603273014271,2020-10-21T09:36:54.271Z,buy,5.5e-07,1659.0,0.00091245
YOYOW/BTC,1603273202556,2020-10-21T09:40:02.556Z,sell,5.4e-07,6670.0,0.0036018
YOYOW/BTC,1603273489519,2020-10-21T09:44:49.519Z,buy,5.5e-07,109673.0,0.06032015
YOYOW/BTC,1603274518091,2020-10-21T10:01:58.091Z,sell,5.4e-07,351.0,0.00018954
YOYOW/BTC,1603274518321,2020-10-21T10:01:58.321Z,buy,5.4e-07,5000.0,0.0027
YOYOW/BTC,1603274518324,2020-10-21T10:01:58.324Z,buy,5.4e-07,4649.0,0.00251046
YOYOW/BTC,1603274830555,2020-10-21T10:07:10.555Z,sell,5.4e-07,7927.0,0.00428058
YOYOW/BTC,1603274830566,2020-10-21T10:07:10.566Z,sell,5.4e-07,9534.0,0.00514836
YOYOW/BTC,1603274830689,2020-10-21T10:07:10.689Z,sell,5.4e-07,8288.0,0.00447552
YOYOW/BTC,1603274853634,2020-10-21T10:07:33.634Z,sell,5.4e-07,12442.0,0.00671868
YOYOW/BTC,1603274982252,2020-10-21T10:09:42.252Z,sell,5.4e-07,3517.0,0.00189918
YOYOW/BTC,1603275047799,2020-10-21T10:10:47.799Z,buy,5.5e-07,44347.0,0.02439085
YOYOW/BTC,1603275047799,2020-10-21T10:10:47.799Z,buy,5.5e-07,44347.0,0.02439085
YOYOW/BTC,1603275574530,2020-10-21T10:19:34.530Z,buy,5.5e-07,59921.0,0.03295655
YOYOW/BTC,1603276143138,2020-10-21T10:29:03.138Z,buy,5.5e-07,20000.0,0.011
YOYOW/BTC,1603276683447,2020-10-21T10:38:03.447Z,buy,5.5e-07,20000.0,0.011
YOYOW/BTC,1603277520979,2020-10-21T10:52:00.979Z,buy,5.5e-07,363636.0,0.1999998
YOYOW/BTC,1603278156298,2020-10-21T11:02:36.298Z,buy,5.5e-07,10000.0,0.0055
YOYOW/BTC,1603278317842,2020-10-21T11:05:17.842Z,sell,5.4e-07,84787.0,0.04578498
YOYOW/BTC,1603278568369,2020-10-21T11:09:28.369Z,sell,5.4e-07,1970.0,0.0010638
YOYOW/BTC,1603278568369,2020-10-21T11:09:28.369Z,sell,5.4e-07,1970.0,0.0010638
YOYOW/BTC,1603279143719,2020-10-21T11:19:03.719Z,buy,5.5e-07,3842.0,0.0021131
YOYOW/BTC,1603279703391,2020-10-21T11:28:23.391Z,buy,5.5e-07,30178.0,0.0165979
YOYOW/BTC,1603279703391,2020-10-21T11:28:23.391Z,buy,5.5e-07,30178.0,0.0165979
YOYOW/BTC,1603282242393,2020-10-21T12:10:42.393Z,buy,5.5e-07,461000.0,0.25355
YOYOW/BTC,1603282242393,2020-10-21T12:10:42.393Z,buy,5.5e-07,461000.0,0.25355
YOYOW/BTC,1603284252565,2020-10-21T12:44:12.565Z,sell,5.4e-07,86530.0,0.0467262
YOYOW/BTC,1603284483231,2020-10-21T12:48:03.231Z,buy,5.4e-07,286.0,0.00015444
YOYOW/BTC,1603284541677,2020-10-21T12:49:01.677Z,buy,5.4e-07,262825.0,0.1419255
YOYOW/BTC,1603284589762,2020-10-21T12:49:49.762Z,sell,5.4e-07,788.0,0.00042552
YOYOW/BTC,1603285395508,2020-10-21T13:03:15.508Z,buy,5.5e-07,747.0,0.00041085
YOYOW/BTC,1603285487862,2020-10-21T13:04:47.862Z,sell,5.3e-07,1659.0,0.00087927
YOYOW/BTC,1603285524191,2020-10-21T13:05:24.191Z,buy,5.4e-07,3334.0,0.00180036
YOYOW/BTC,1603285685942,2020-10-21T13:08:05.942Z,sell,5.3e-07,295.0,0.00015635
YOYOW/BTC,1603285685942,2020-10-21T13:08:05.942Z,sell,5.3e-07,295.0,0.00015635
YOYOW/BTC,1603286261756,2020-10-21T13:17:41.756Z,sell,5.3e-07,255.0,0.00013515
YOYOW/BTC,1603286343390,2020-10-21T13:19:03.390Z,sell,5.3e-07,5867.0,0.00310951
YOYOW/BTC,1603286904706,2020-10-21T13:28:24.706Z,sell,5.3e-07,1007.0,0.00053371
YOYOW/BTC,1603287383626,2020-10-21T13:36:23.626Z,sell,5.3e-07,996.0,0.00052788
YOYOW/BTC,1603288775400,2020-10-21T13:59:35.400Z,sell,5.3e-07,10989.0,0.00582417
YOYOW/BTC,1603288808461,2020-10-21T14:00:08.461Z,sell,5.3e-07,100640.0,0.0533392
YOYOW/BTC,1603288808461,2020-10-21T14:00:08.461Z,sell,5.3e-07,100640.0,0.0533392
YOYOW/BTC,1603289304933,2020-10-21T14:08:24.933Z,sell,5.3e-07,133333.0,0.07066649
YOYOW/BTC,1603289825381,2020-10-21T14:17:05.381Z,sell,5.3e-07,21946.0,0.01163138
YOYOW/BTC,1603289899377,2020-10-21T14:18:19.377Z,sell,5.3e-07,200000.0,0.106
YOYOW/BTC,1603289962450,2020-10-21T14:19:22.450Z,sell,5.3e-07,1795.0,0.00095135
YOYOW/BTC,1603290130584,2020-10-21T14:22:10.584Z,sell,5.3e-07,3543.0,0.00187779
YOYOW/BTC,1603290133166,2020-10-21T14:22:13.166Z,sell,5.2e-07,1779.0,0.00092508
YOYOW/BTC,1603290150479,2020-10-21T14:22:30.479Z,sell,5.2e-07,32493.0,0.01689636
YOYOW/BTC,1603290244729,2020-10-21T14:24:04.729Z,sell,5.2e-07,9042.0,0.00470184
YOYOW/BTC,1603290245797,2020-10-21T14:24:05.797Z,sell,5.2e-07,9645.0,0.0050154
YOYOW/BTC,1603290246033,2020-10-21T14:24:06.033Z,sell,5.2e-07,21000.0,0.01092
YOYOW/BTC,1603290246058,2020-10-21T14:24:06.058Z,sell,5.2e-07,75949.0,0.03949348
YOYOW/BTC,1603290246059,2020-10-21T14:24:06.059Z,sell,5.2e-07,79000.0,0.04108
YOYOW/BTC,1603290246060,2020-10-21T14:24:06.060Z,sell,5.2e-07,79000.0,0.04108
YOYOW/BTC,1603290246061,2020-10-21T14:24:06.061Z,sell,5.2e-07,77000.0,0.04004
YOYOW/BTC,1603290271064,2020-10-21T14:24:31.064Z,sell,5.2e-07,8064.0,0.00419328
YOYOW/BTC,1603290296255,2020-10-21T14:24:56.255Z,sell,5.2e-07,8385.0,0.0043602
YOYOW/BTC,1603290320206,2020-10-21T14:25:20.206Z,sell,5.2e-07,3600.0,0.001872
YOYOW/BTC,1603290385492,2020-10-21T14:26:25.492Z,sell,5.2e-07,1567.0,0.0008148399999999
YOYOW/BTC,1603290430739,2020-10-21T14:27:10.739Z,sell,5.2e-07,18385.0,0.0095602
YOYOW/BTC,1603290430739,2020-10-21T14:27:10.739Z,sell,5.1e-07,60779.0,0.03099729
YOYOW/BTC,1603290485727,2020-10-21T14:28:05.727Z,sell,5.2e-07,301.0,0.00015652
YOYOW/BTC,1603290704134,2020-10-21T14:31:44.134Z,sell,5.2e-07,4712.0,0.00245024
YOYOW/BTC,1603290704364,2020-10-21T14:31:44.364Z,buy,5.2e-07,79000.0,0.04108
YOYOW/BTC,1603290704366,2020-10-21T14:31:44.366Z,buy,5.2e-07,75000.0,0.039
YOYOW/BTC,1603290704369,2020-10-21T14:31:44.369Z,buy,5.2e-07,74472.0,0.03872544
YOYOW/BTC,1603290707520,2020-10-21T14:31:47.520Z,sell,5.2e-07,2528.0,0.00131456
YOYOW/BTC,1603290712968,2020-10-21T14:31:52.968Z,buy,5.2e-07,8464.0,0.00440128
YOYOW/BTC,1603290713319,2020-10-21T14:31:53.319Z,buy,5.2e-07,8140.0,0.0042328
YOYOW/BTC,1603290713392,2020-10-21T14:31:53.392Z,buy,5.2e-07,9736.0,0.00506272
YOYOW/BTC,1603290774165,2020-10-21T14:32:54.165Z,sell,5.1e-07,26396.0,0.01346196
YOYOW/BTC,1603290781192,2020-10-21T14:33:01.192Z,sell,5.1e-07,1469.0,0.00074919
YOYOW/BTC,1603290782887,2020-10-21T14:33:02.887Z,sell,5.1e-07,2684.0,0.00136884
YOYOW/BTC,1603290956277,2020-10-21T14:35:56.277Z,buy,5.2e-07,4389.0,0.00228228
YOYOW/BTC,1603290975446,2020-10-21T14:36:15.446Z,buy,5.2e-07,3624.0,0.00188448
YOYOW/BTC,1603291079321,2020-10-21T14:37:59.321Z,buy,5.2e-07,121832.0,0.06335264
YOYOW/BTC,1603291208230,2020-10-21T14:40:08.230Z,buy,5.2e-07,12910.0,0.0067132
YOYOW/BTC,1603291208473,2020-10-21T14:40:08.473Z,buy,5.2e-07,59395.0,0.0308854
YOYOW/BTC,1603291217736,2020-10-21T14:40:17.736Z,sell,5.2e-07,87876.0,0.0456955199999999
YOYOW/BTC,1603291273228,2020-10-21T14:41:13.228Z,buy,5.2e-07,8434.0,0.00438568
YOYOW/BTC,1603291356011,2020-10-21T14:42:36.011Z,buy,5.2e-07,4873.0,0.00253396
YOYOW/BTC,1603291357454,2020-10-21T14:42:37.454Z,buy,5.2e-07,15882.0,0.00825864
YOYOW/BTC,1603291482010,2020-10-21T14:44:42.010Z,buy,5.2e-07,20671.0,0.01074892
YOYOW/BTC,1603291482878,2020-10-21T14:44:42.878Z,buy,5.2e-07,2628.0,0.00136656
YOYOW/BTC,1603291577869,2020-10-21T14:46:17.869Z,buy,5.2e-07,9119.0,0.00474188
YOYOW/BTC,1603291716526,2020-10-21T14:48:36.526Z,sell,5.2e-07,11581.0,0.00602212
YOYOW/BTC,1603291838545,2020-10-21T14:50:38.545Z,buy,5.2e-07,9844.0,0.00511888
YOYOW/BTC,1603291838780,2020-10-21T14:50:38.780Z,buy,5.2e-07,20000.0,0.0104
YOYOW/BTC,1603291884460,2020-10-21T14:51:24.460Z,buy,5.2e-07,300617.0,0.15632084
YOYOW/BTC,1603291929809,2020-10-21T14:52:09.809Z,buy,5.2e-07,3747.0,0.00194844
YOYOW/BTC,1603291957633,2020-10-21T14:52:37.633Z,buy,5.2e-07,15596.0,0.00810992
YOYOW/BTC,1603291973880,2020-10-21T14:52:53.880Z,buy,5.2e-07,8434.0,0.00438568
YOYOW/BTC,1603292370983,2020-10-21T14:59:30.983Z,sell,5.1e-07,35678.0,0.0181957799999999
YOYOW/BTC,1603292374254,2020-10-21T14:59:34.254Z,sell,5.1e-07,200000.0,0.102
YOYOW/BTC,1603292374254,2020-10-21T14:59:34.254Z,sell,5.1e-07,200000.0,0.102
YOYOW/BTC,1603292659041,2020-10-21T15:04:19.041Z,sell,5.1e-07,300000.0,0.153
YOYOW/BTC,1603293184788,2020-10-21T15:13:04.788Z,sell,5.1e-07,307.0,0.00015657
YOYOW/BTC,1603293326290,2020-10-21T15:15:26.290Z,buy,5.2e-07,892.0,0.00046384
YOYOW/BTC,1603293330995,2020-10-21T15:15:30.995Z,buy,5.2e-07,10000.0,0.0052
YOYOW/BTC,1603293407698,2020-10-21T15:16:47.698Z,buy,5.2e-07,53973.0,0.02806596
YOYOW/BTC,1603293481638,2020-10-21T15:18:01.638Z,buy,5.2e-07,688.0,0.00035776
YOYOW/BTC,1603293567835,2020-10-21T15:19:27.835Z,buy,5.2e-07,12064.0,0.00627328
YOYOW/BTC,1603293636653,2020-10-21T15:20:36.653Z,buy,5.2e-07,48340.0,0.0251368
YOYOW/BTC,1603293919021,2020-10-21T15:25:19.021Z,sell,5.2e-07,313.0,0.00016276
YOYOW/BTC,1603293965322,2020-10-21T15:26:05.322Z,buy,5.3e-07,17566.0,0.00930998
YOYOW/BTC,1603293973624,2020-10-21T15:26:13.624Z,buy,5.3e-07,448618.0,0.23776754
YOYOW/BTC,1603294119993,2020-10-21T15:28:39.993Z,buy,5.3e-07,1637.0,0.00086761
YOYOW/BTC,1603294272663,2020-10-21T15:31:12.663Z,buy,5.3e-07,14544.0,0.00770832
YOYOW/BTC,1603294311517,2020-10-21T15:31:51.517Z,buy,5.3e-07,1710.0,0.0009063
YOYOW/BTC,1603294358594,2020-10-21T15:32:38.594Z,buy,5.3e-07,1681.0,0.00089093
YOYOW/BTC,1603294382010,2020-10-21T15:33:02.010Z,buy,5.3e-07,1666.0,0.00088298
YOYOW/BTC,1603294426324,2020-10-21T15:33:46.324Z,buy,5.3e-07,9660.0,0.0051198
YOYOW/BTC,1603294429800,2020-10-21T15:33:49.800Z,buy,5.3e-07,1635.0,0.00086655
YOYOW/BTC,1603294747523,2020-10-21T15:39:07.523Z,sell,5.2e-07,6944.0,0.00361088
YOYOW/BTC,1603295063237,2020-10-21T15:44:23.237Z,buy,5.3e-07,2500.0,0.001325
YOYOW/BTC,1603295268481,2020-10-21T15:47:48.481Z,sell,5.2e-07,15000.0,0.0078
YOYOW/BTC,1603295520821,2020-10-21T15:52:00.821Z,buy,5.3e-07,300.0,0.000159
YOYOW/BTC,1603295520821,2020-10-21T15:52:00.821Z,buy,5.3e-07,300.0,0.000159
YOYOW/BTC,1603296274501,2020-10-21T16:04:34.501Z,sell,5.2e-07,1000.0,0.00052
YOYOW/BTC,1603297003927,2020-10-21T16:16:43.927Z,sell,5.2e-07,208563.0,0.10845276
YOYOW/BTC,1603297038169,2020-10-21T16:17:18.169Z,buy,5.2e-07,198575.0,0.103259
YOYOW/BTC,1603297481406,2020-10-21T16:24:41.406Z,sell,5.2e-07,6825.0,0.003549
YOYOW/BTC,1603297991469,2020-10-21T16:33:11.469Z,sell,5.2e-07,15765.0,0.0081978
YOYOW/BTC,1603297993591,2020-10-21T16:33:13.591Z,sell,5.2e-07,694.0,0.00036088
YOYOW/BTC,1603298093391,2020-10-21T16:34:53.391Z,sell,5.2e-07,1998.0,0.00103896
YOYOW/BTC,1603298450206,2020-10-21T16:40:50.206Z,buy,5.3e-07,17853.0,0.00946209
YOYOW/BTC,1603298450206,2020-10-21T16:40:50.206Z,buy,5.3e-07,17853.0,0.00946209
YOYOW/BTC,1603299755324,2020-10-21T17:02:35.324Z,sell,5.2e-07,65294.0,0.03395288
YOYOW/BTC,1603299755557,2020-10-21T17:02:35.557Z,buy,5.2e-07,14000.0,0.00728
YOYOW/BTC,1603299755558,2020-10-21T17:02:35.558Z,buy,5.2e-07,15000.0,0.0078
YOYOW/BTC,1603299755559,2020-10-21T17:02:35.559Z,buy,5.2e-07,4082.0,0.00212264
YOYOW/BTC,1603299771569,2020-10-21T17:02:51.569Z,buy,5.3e-07,202.0,0.00010706
YOYOW/BTC,1603301127975,2020-10-21T17:25:27.975Z,sell,5.2e-07,3474.0,0.00180648
YOYOW/BTC,1603301202942,2020-10-21T17:26:42.942Z,buy,5.3e-07,31960.0,0.0169388
YOYOW/BTC,1603301627022,2020-10-21T17:33:47.022Z,sell,5.2e-07,3428.0,0.00178256
YOYOW/BTC,1603301627022,2020-10-21T17:33:47.022Z,sell,5.2e-07,3428.0,0.00178256
YOYOW/BTC,1603302253338,2020-10-21T17:44:13.338Z,buy,5.3e-07,1122.0,0.00059466
YOYOW/BTC,1603302755912,2020-10-21T17:52:35.912Z,buy,5.3e-07,757.0,0.00040121
YOYOW/BTC,1603303285250,2020-10-21T18:01:25.250Z,buy,5.3e-07,15581.0,0.00825793
YOYOW/BTC,1603303451482,2020-10-21T18:04:11.482Z,buy,5.3e-07,1145.0,0.00060685
YOYOW/BTC,1603303681130,2020-10-21T18:08:01.130Z,buy,5.3e-07,758.0,0.00040174
YOYOW/BTC,1603303707071,2020-10-21T18:08:27.071Z,buy,5.3e-07,18867.0,0.00999951
YOYOW/BTC,1603304187707,2020-10-21T18:16:27.707Z,buy,5.3e-07,19944.0,0.01057032
YOYOW/BTC,1603304616279,2020-10-21T18:23:36.279Z,buy,5.3e-07,1068.0,0.00056604
YOYOW/BTC,1603304681748,2020-10-21T18:24:41.748Z,buy,5.3e-07,805.0,0.00042665
YOYOW/BTC,1603304681748,2020-10-21T18:24:41.748Z,buy,5.3e-07,805.0,0.00042665
YOYOW/BTC,1603305293985,2020-10-21T18:34:53.985Z,buy,5.3e-07,865.0,0.00045845
YOYOW/BTC,1603305627264,2020-10-21T18:40:27.264Z,buy,5.3e-07,7310.0,0.0038743
YOYOW/BTC,1603306355788,2020-10-21T18:52:35.788Z,buy,5.3e-07,670.0,0.0003551
YOYOW/BTC,1603306535354,2020-10-21T18:55:35.354Z,buy,5.3e-07,54720.0,0.0290016
YOYOW/BTC,1603307021734,2020-10-21T19:03:41.734Z,buy,5.3e-07,9766.0,0.00517598
YOYOW/BTC,1603307477250,2020-10-21T19:11:17.250Z,buy,5.3e-07,396.0,0.00020988
YOYOW/BTC,1603307640427,2020-10-21T19:14:00.427Z,buy,5.3e-07,983.0,0.00052099
YOYOW/BTC,1603307640427,2020-10-21T19:14:00.427Z,buy,5.3e-07,983.0,0.00052099
YOYOW/BTC,1603308426059,2020-10-21T19:27:06.059Z,buy,5.3e-07,102820.0,0.0544946
YOYOW/BTC,1603308442830,2020-10-21T19:27:22.830Z,sell,5.3e-07,223857.0,0.11864421
YOYOW/BTC,1603308713441,2020-10-21T19:31:53.441Z,sell,5.3e-07,8394.0,0.00444882
YOYOW/BTC,1603308733715,2020-10-21T19:32:13.715Z,sell,5.3e-07,8394.0,0.00444882
YOYOW/BTC,1603308780386,2020-10-21T19:33:00.386Z,sell,5.3e-07,1987.0,0.00105311
YOYOW/BTC,1603308852109,2020-10-21T19:34:12.109Z,sell,5.3e-07,21050.0,0.0111565
YOYOW/BTC,1603309063331,2020-10-21T19:37:43.331Z,sell,5.3e-07,8511.0,0.00451083
YOYOW/BTC,1603309063362,2020-10-21T19:37:43.362Z,sell,5.3e-07,8140.0,0.0043142
YOYOW/BTC,1603309063371,2020-10-21T19:37:43.371Z,sell,5.3e-07,9798.0,0.00519294
YOYOW/BTC,1603309251125,2020-10-21T19:40:51.125Z,buy,5.4e-07,3543.0,0.00191322
YOYOW/BTC,1603309673176,2020-10-21T19:47:53.176Z,sell,5.3e-07,559.0,0.00029627
YOYOW/BTC,1603309680755,2020-10-21T19:48:00.755Z,sell,5.3e-07,3779.0,0.00200287
YOYOW/BTC,1603309687763,2020-10-21T19:48:07.763Z,sell,5.3e-07,71760.0,0.0380328
YOYOW/BTC,1603309687763,2020-10-21T19:48:07.763Z,sell,5.3e-07,71760.0,0.0380328
YOYOW/BTC,1603312020472,2020-10-21T20:27:00.472Z,sell,5.3e-07,80241.0,0.04252773
YOYOW/BTC,1603312028532,2020-10-21T20:27:08.532Z,sell,5.3e-07,15586.0,0.00826058
YOYOW/BTC,1603312028532,2020-10-21T20:27:08.532Z,sell,5.3e-07,15586.0,0.00826058
YOYOW/BTC,1603313881061,2020-10-21T20:58:01.061Z,sell,5.3e-07,6896.0,0.00365488
YOYOW/BTC,1603313927685,2020-10-21T20:58:47.685Z,buy,5.3e-07,6941.0,0.00367873
YOYOW/BTC,1603314116582,2020-10-21T21:01:56.582Z,sell,5.2e-07,1231.0,0.00064012
YOYOW/BTC,1603315076895,2020-10-21T21:17:56.895Z,buy,5.3e-07,197.0,0.00010441
YOYOW/BTC,1603315304456,2020-10-21T21:21:44.456Z,sell,5.2e-07,25601.0,0.01331252
YOYOW/BTC,1603315478088,2020-10-21T21:24:38.088Z,sell,5.2e-07,6941.0,0.00360932
YOYOW/BTC,1603315478570,2020-10-21T21:24:38.570Z,sell,5.2e-07,4257.0,0.00221364
YOYOW/BTC,1603315506155,2020-10-21T21:25:06.155Z,sell,5.2e-07,121710.0,0.0632892
YOYOW/BTC,1603315579750,2020-10-21T21:26:19.750Z,sell,5.2e-07,3543.0,0.00184236
YOYOW/BTC,1603315579824,2020-10-21T21:26:19.824Z,sell,5.2e-07,7078.0,0.00368056
YOYOW/BTC,1603315595988,2020-10-21T21:26:35.988Z,sell,5.2e-07,3624.0,0.00188448
YOYOW/BTC,1603315627649,2020-10-21T21:27:07.649Z,sell,5.2e-07,383.0,0.00019916
YOYOW/BTC,1603315627649,2020-10-21T21:27:07.649Z,sell,5.2e-07,383.0,0.00019916
YOYOW/BTC,1603316828101,2020-10-21T21:47:08.101Z,buy,5.3e-07,17576.0,0.00931528
YOYOW/BTC,1603318786333,2020-10-21T22:19:46.333Z,sell,5.2e-07,395.0,0.0002054
YOYOW/BTC,1603318912876,2020-10-21T22:21:52.876Z,buy,5.3e-07,2000.0,0.00106
YOYOW/BTC,1603318912876,2020-10-21T22:21:52.876Z,buy,5.3e-07,2000.0,0.00106
YOYOW/BTC,1603319443790,2020-10-21T22:30:43.790Z,sell,5.2e-07,32199.0,0.01674348
YOYOW/BTC,1603319509403,2020-10-21T22:31:49.403Z,sell,5.2e-07,758.0,0.00039416
YOYOW/BTC,1603319530238,2020-10-21T22:32:10.238Z,sell,5.2e-07,464000.0,0.24128
YOYOW/BTC,1603319697813,2020-10-21T22:34:57.813Z,sell,5.2e-07,357.0,0.00018564
YOYOW/BTC,1603320197080,2020-10-21T22:43:17.080Z,sell,5.1e-07,39324.0,0.02005524
YOYOW/BTC,1603320766372,2020-10-21T22:52:46.372Z,sell,5.1e-07,16037.0,0.00817887
YOYOW/BTC,1603320837986,2020-10-21T22:53:57.986Z,sell,5.1e-07,1122.0,0.00057222
YOYOW/BTC,1603321181178,2020-10-21T22:59:41.178Z,sell,5.1e-07,16300.0,0.008313
YOYOW/BTC,1603321396717,2020-10-21T23:03:16.717Z,sell,5.1e-07,20188.0,0.01029588
YOYOW/BTC,1603321682322,2020-10-21T23:08:02.322Z,sell,5.1e-07,12833.0,0.00654483
YOYOW/BTC,1603321712196,2020-10-21T23:08:32.196Z,buy,5.2e-07,24788.0,0.01288976
YOYOW/BTC,1603321741706,2020-10-21T23:09:01.706Z,buy,5.2e-07,8591.0,0.00446732
YOYOW/BTC,1603321741984,2020-10-21T23:09:01.984Z,sell,5.2e-07,392.0,0.00020384
YOYOW/BTC,1603321741984,2020-10-21T23:09:01.984Z,sell,5.2e-07,392.0,0.00020384
YOYOW/BTC,1603323097942,2020-10-21T23:31:37.942Z,sell,5.2e-07,4389.0,0.00228228
YOYOW/BTC,1603323171704,2020-10-21T23:32:51.704Z,buy,5.3e-07,476473.0,0.25253069
YOYOW/BTC,1603323171704,2020-10-21T23:32:51.704Z,buy,5.3e-07,476473.0,0.25253069
YOYOW/BTC,1603330173835,2020-10-22T01:29:33.835Z,sell,5.2e-07,1770.0,0.0009204
YOYOW/BTC,1603330173835,2020-10-22T01:29:33.835Z,sell,5.2e-07,1770.0,0.0009204
YOYOW/BTC,1603330922143,2020-10-22T01:42:02.143Z,sell,5.2e-07,2075.0,0.001079
YOYOW/BTC,1603333592027,2020-10-22T02:26:32.027Z,sell,5.2e-07,1068.0,0.00055536
YOYOW/BTC,1603333642843,2020-10-22T02:27:22.843Z,sell,5.2e-07,2225.0,0.001157
YOYOW/BTC,1603333680748,2020-10-22T02:28:00.748Z,sell,5.2e-07,2442.0,0.00126984
YOYOW/BTC,1603333680748,2020-10-22T02:28:00.748Z,sell,5.2e-07,2442.0,0.00126984
YOYOW/BTC,1603334323612,2020-10-22T02:38:43.612Z,buy,5.3e-07,12489.0,0.00661917
YOYOW/BTC,1603334323612,2020-10-22T02:38:43.612Z,buy,5.4e-07,16599.0,0.00896346
YOYOW/BTC,1603335308323,2020-10-22T02:55:08.323Z,sell,5.3e-07,5869.0,0.00311057
YOYOW/BTC,1603335848549,2020-10-22T03:04:08.549Z,sell,5.2e-07,230.0,0.0001196
YOYOW/BTC,1603336920693,2020-10-22T03:22:00.693Z,sell,5.2e-07,8983.0,0.00467116
YOYOW/BTC,1603336971553,2020-10-22T03:22:51.553Z,buy,5.3e-07,15112.0,0.00800936
YOYOW/BTC,1603336984480,2020-10-22T03:23:04.480Z,buy,5.3e-07,3469.0,0.00183857
YOYOW/BTC,1603336984480,2020-10-22T03:23:04.480Z,buy,5.4e-07,8676.0,0.00468504
YOYOW/BTC,1603337076883,2020-10-22T03:24:36.883Z,sell,5.3e-07,4716.0,0.00249948
YOYOW/BTC,1603337076883,2020-10-22T03:24:36.883Z,sell,5.3e-07,4716.0,0.00249948
YOYOW/BTC,1603340738234,2020-10-22T04:25:38.234Z,buy,5.3e-07,10000.0,0.0053
YOYOW/BTC,1603340738234,2020-10-22T04:25:38.234Z,buy,5.3e-07,10000.0,0.0053
YOYOW/BTC,1603341616565,2020-10-22T04:40:16.565Z,buy,5.3e-07,20104.0,0.01065512
YOYOW/BTC,1603341624577,2020-10-22T04:40:24.577Z,buy,5.3e-07,2351.0,0.00124603
YOYOW/BTC,1603341648315,2020-10-22T04:40:48.315Z,sell,5.3e-07,2351.0,0.00124603
YOYOW/BTC,1603341696156,2020-10-22T04:41:36.156Z,sell,5.3e-07,2351.0,0.00124603
YOYOW/BTC,1603341719891,2020-10-22T04:41:59.891Z,sell,5.3e-07,2351.0,0.00124603
YOYOW/BTC,1603341767695,2020-10-22T04:42:47.695Z,sell,5.3e-07,2351.0,0.00124603
YOYOW/BTC,1603342108835,2020-10-22T04:48:28.835Z,sell,5.3e-07,660.0,0.0003498
YOYOW/BTC,1603343596345,2020-10-22T05:13:16.345Z,buy,5.4e-07,2600.0,0.001404
YOYOW/BTC,1603343709122,2020-10-22T05:15:09.122Z,sell,5.3e-07,2075.0,0.00109975
YOYOW/BTC,1603343718157,2020-10-22T05:15:18.157Z,sell,5.3e-07,2075.0,0.00109975
YOYOW/BTC,1603343775239,2020-10-22T05:16:15.239Z,sell,5.3e-07,191.0,0.00010123
YOYOW/BTC,1603343896621,2020-10-22T05:18:16.621Z,sell,5.3e-07,191.0,0.00010123
YOYOW/BTC,1603344018034,2020-10-22T05:20:18.034Z,sell,5.3e-07,191.0,0.00010123
YOYOW/BTC,1603344018034,2020-10-22T05:20:18.034Z,sell,5.3e-07,191.0,0.00010123
YOYOW/BTC,1603344815113,2020-10-22T05:33:35.113Z,sell,5.3e-07,40000.0,0.0212
YOYOW/BTC,1603344825385,2020-10-22T05:33:45.385Z,sell,5.3e-07,8090.0,0.0042877
YOYOW/BTC,1603344825385,2020-10-22T05:33:45.385Z,sell,5.2e-07,191910.0,0.0997932
YOYOW/BTC,1603344828119,2020-10-22T05:33:48.119Z,sell,5.2e-07,1567.0,0.0008148399999999
YOYOW/BTC,1603344828119,2020-10-22T05:33:48.119Z,sell,5.2e-07,1567.0,0.0008148399999999
YOYOW/BTC,1603348069831,2020-10-22T06:27:49.831Z,sell,5.2e-07,1250.0,0.00065
YOYOW/BTC,1603348069831,2020-10-22T06:27:49.831Z,sell,5.2e-07,1250.0,0.00065
YOYOW/BTC,1603350344709,2020-10-22T07:05:44.709Z,buy,5.3e-07,9433.0,0.00499949
YOYOW/BTC,1603350380377,2020-10-22T07:06:20.377Z,buy,5.3e-07,7075.0,0.00374975
YOYOW/BTC,1603351292098,2020-10-22T07:21:32.098Z,buy,5.3e-07,3391.0,0.00179723
YOYOW/BTC,1603351314917,2020-10-22T07:21:54.917Z,buy,5.3e-07,3620.0,0.0019186
YOYOW/BTC,1603351315603,2020-10-22T07:21:55.603Z,buy,5.3e-07,3547.0,0.00187991
YOYOW/BTC,1603351315603,2020-10-22T07:21:55.603Z,buy,5.3e-07,3547.0,0.00187991
YOYOW/BTC,1603352241537,2020-10-22T07:37:21.537Z,buy,5.3e-07,1741.0,0.00092273
YOYOW/BTC,1603352659044,2020-10-22T07:44:19.044Z,buy,5.3e-07,3023.0,0.00160219
YOYOW/BTC,1603352928262,2020-10-22T07:48:48.262Z,buy,5.3e-07,4706.0,0.00249418
YOYOW/BTC,1603353119847,2020-10-22T07:51:59.847Z,sell,5.2e-07,1025.0,0.0005329999999999
YOYOW/BTC,1603353125289,2020-10-22T07:52:05.289Z,sell,5.2e-07,10644.0,0.00553488
YOYOW/BTC,1603353700729,2020-10-22T08:01:40.729Z,buy,5.3e-07,8004.0,0.00424212
YOYOW/BTC,1603353700729,2020-10-22T08:01:40.729Z,buy,5.3e-07,8004.0,0.00424212
YOYOW/BTC,1603355211417,2020-10-22T08:26:51.417Z,buy,5.3e-07,3635.0,0.00192655
YOYOW/BTC,1603355703047,2020-10-22T08:35:03.047Z,sell,5.2e-07,690.0,0.0003588
YOYOW/BTC,1603356998043,2020-10-22T08:56:38.043Z,sell,5.2e-07,121829.0,0.06335108
YOYOW/BTC,1603357040863,2020-10-22T08:57:20.863Z,buy,5.3e-07,150000.0,0.0795
YOYOW/BTC,1603357092441,2020-10-22T08:58:12.441Z,buy,5.3e-07,280.0,0.0001484
YOYOW/BTC,1603357180591,2020-10-22T08:59:40.591Z,sell,5.3e-07,14534.0,0.00770302
YOYOW/BTC,1603357180591,2020-10-22T08:59:40.591Z,sell,5.3e-07,14534.0,0.00770302
YOYOW/BTC,1603357337699,2020-10-22T09:02:17.699Z,sell,5.3e-07,8011.0,0.00424583
YOYOW/BTC,1603357406222,2020-10-22T09:03:26.222Z,buy,5.3e-07,195.0,0.00010335
YOYOW/BTC,1603357431738,2020-10-22T09:03:51.738Z,buy,5.3e-07,3408.0,0.00180624
YOYOW/BTC,1603357524764,2020-10-22T09:05:24.764Z,buy,5.3e-07,2265.0,0.00120045
YOYOW/BTC,1603358477540,2020-10-22T09:21:17.540Z,buy,5.3e-07,23774.0,0.01260022
YOYOW/BTC,1603358764322,2020-10-22T09:26:04.322Z,buy,5.3e-07,44750.0,0.0237175
YOYOW/BTC,1603359001494,2020-10-22T09:30:01.494Z,buy,5.3e-07,14803.0,0.00784559
YOYOW/BTC,1603359223807,2020-10-22T09:33:43.807Z,buy,5.3e-07,8999.0,0.00476947
YOYOW/BTC,1603359296212,2020-10-22T09:34:56.212Z,sell,5.2e-07,68524.0,0.03563248
YOYOW/BTC,1603360157996,2020-10-22T09:49:17.996Z,buy,5.3e-07,5673.0,0.00300669
YOYOW/BTC,1603360676460,2020-10-22T09:57:56.460Z,sell,5.2e-07,2819.0,0.00146588
YOYOW/BTC,1603360676460,2020-10-22T09:57:56.460Z,sell,5.2e-07,2819.0,0.00146588
YOYOW/BTC,1603360927099,2020-10-22T10:02:07.099Z,sell,5.2e-07,7865.0,0.0040898
YOYOW/BTC,1603361166035,2020-10-22T10:06:06.035Z,sell,5.2e-07,14000.0,0.00728
YOYOW/BTC,1603361681935,2020-10-22T10:14:41.935Z,buy,5.3e-07,56174.0,0.02977222
YOYOW/BTC,1603362110999,2020-10-22T10:21:50.999Z,buy,5.4e-07,493576.0,0.26653104
YOYOW/BTC,1603362276765,2020-10-22T10:24:36.765Z,buy,5.4e-07,1574.0,0.00084996
YOYOW/BTC,1603362488900,2020-10-22T10:28:08.900Z,sell,5.3e-07,5004.0,0.00265212
YOYOW/BTC,1603363788447,2020-10-22T10:49:48.447Z,buy,5.3e-07,8462.0,0.00448486
YOYOW/BTC,1603363788720,2020-10-22T10:49:48.720Z,buy,5.3e-07,9734.0,0.00515902
YOYOW/BTC,1603363789617,2020-10-22T10:49:49.617Z,buy,5.3e-07,7075.0,0.00374975
YOYOW/BTC,1603364021837,2020-10-22T10:53:41.837Z,buy,5.3e-07,3555.0,0.00188415
YOYOW/BTC,1603364021837,2020-10-22T10:53:41.837Z,buy,5.3e-07,3555.0,0.00188415
YOYOW/BTC,1603364691695,2020-10-22T11:04:51.695Z,buy,5.3e-07,492.0,0.00026076
YOYOW/BTC,1603365950279,2020-10-22T11:25:50.279Z,buy,5.3e-07,3441.0,0.00182373
YOYOW/BTC,1603366047882,2020-10-22T11:27:27.882Z,buy,5.3e-07,6900.0,0.003657
YOYOW/BTC,1603366093213,2020-10-22T11:28:13.213Z,buy,5.3e-07,670.0,0.0003551
YOYOW/BTC,1603366331318,2020-10-22T11:32:11.318Z,buy,5.3e-07,3621.0,0.00191913
YOYOW/BTC,1603366668870,2020-10-22T11:37:48.870Z,buy,5.3e-07,1716.0,0.00090948
YOYOW/BTC,1603366984829,2020-10-22T11:43:04.829Z,sell,5.3e-07,1198.0,0.00063494
YOYOW/BTC,1603367473668,2020-10-22T11:51:13.668Z,sell,5.3e-07,54481.0,0.02887493
YOYOW/BTC,1603367507464,2020-10-22T11:51:47.464Z,sell,5.3e-07,10341.0,0.00548073
YOYOW/BTC,1603367507464,2020-10-22T11:51:47.464Z,sell,5.3e-07,10341.0,0.00548073
YOYOW/BTC,1603367703662,2020-10-22T11:55:03.662Z,buy,5.4e-07,250.0,0.000135
YOYOW/BTC,1603370255312,2020-10-22T12:37:35.312Z,buy,5.4e-07,11500.0,0.00621
YOYOW/BTC,1603370255312,2020-10-22T12:37:35.312Z,buy,5.4e-07,11500.0,0.00621
YOYOW/BTC,1603372750660,2020-10-22T13:19:10.660Z,sell,5.3e-07,2075.0,0.00109975
YOYOW/BTC,1603372780313,2020-10-22T13:19:40.313Z,buy,5.4e-07,585.0,0.0003159
YOYOW/BTC,1603372780313,2020-10-22T13:19:40.313Z,buy,5.4e-07,585.0,0.0003159
YOYOW/BTC,1603374007290,2020-10-22T13:40:07.290Z,buy,5.4e-07,9484.0,0.00512136
YOYOW/BTC,1603374249374,2020-10-22T13:44:09.374Z,buy,5.4e-07,23524.0,0.01270296
YOYOW/BTC,1603374288815,2020-10-22T13:44:48.815Z,sell,5.4e-07,8676.0,0.00468504
YOYOW/BTC,1603374295318,2020-10-22T13:44:55.318Z,sell,5.4e-07,16367.0,0.00883818
YOYOW/BTC,1603374314982,2020-10-22T13:45:14.982Z,sell,5.4e-07,3164.0,0.00170856
YOYOW/BTC,1603374339478,2020-10-22T13:45:39.478Z,buy,5.4e-07,7445.0,0.0040203
YOYOW/BTC,1603374424234,2020-10-22T13:47:04.234Z,sell,5.4e-07,4009.0,0.00216486
YOYOW/BTC,1603374431809,2020-10-22T13:47:11.809Z,sell,5.4e-07,13297.0,0.00718038
YOYOW/BTC,1603374473625,2020-10-22T13:47:53.625Z,sell,5.4e-07,14430.0,0.0077922
YOYOW/BTC,1603375207742,2020-10-22T14:00:07.742Z,sell,5.4e-07,1749.0,0.00094446
YOYOW/BTC,1603375352592,2020-10-22T14:02:32.592Z,sell,5.4e-07,3566.0,0.00192564
YOYOW/BTC,1603376058189,2020-10-22T14:14:18.189Z,buy,5.5e-07,210.0,0.0001155
YOYOW/BTC,1603376077524,2020-10-22T14:14:37.524Z,sell,5.4e-07,63144.0,0.03409776
YOYOW/BTC,1603376093379,2020-10-22T14:14:53.379Z,buy,5.5e-07,323031.0,0.17766705
YOYOW/BTC,1603376093800,2020-10-22T14:14:53.800Z,sell,5.5e-07,2000.0,0.0011
YOYOW/BTC,1603376095848,2020-10-22T14:14:55.848Z,sell,5.5e-07,2000.0,0.0011
YOYOW/BTC,1603376108255,2020-10-22T14:15:08.255Z,sell,5.5e-07,370.0,0.0002035
YOYOW/BTC,1603376139568,2020-10-22T14:15:39.568Z,sell,5.5e-07,893.0,0.00049115
YOYOW/BTC,1603376273615,2020-10-22T14:17:53.615Z,sell,5.5e-07,722.0,0.0003971
YOYOW/BTC,1603376273615,2020-10-22T14:17:53.615Z,sell,5.5e-07,722.0,0.0003971
YOYOW/BTC,1603376661730,2020-10-22T14:24:21.730Z,buy,5.6e-07,2143.0,0.00120008
YOYOW/BTC,1603376668359,2020-10-22T14:24:28.359Z,sell,5.5e-07,58176.0,0.0319968
YOYOW/BTC,1603376680647,2020-10-22T14:24:40.647Z,buy,5.6e-07,17788.0,0.00996128
YOYOW/BTC,1603376717573,2020-10-22T14:25:17.573Z,buy,5.6e-07,216.0,0.00012096
YOYOW/BTC,1603376743164,2020-10-22T14:25:43.164Z,buy,5.6e-07,50402.0,0.02822512
YOYOW/BTC,1603376764143,2020-10-22T14:26:04.143Z,sell,5.5e-07,1057.0,0.00058135
YOYOW/BTC,1603376855202,2020-10-22T14:27:35.202Z,buy,5.6e-07,1786.0,0.00100016
YOYOW/BTC,1603377061738,2020-10-22T14:31:01.738Z,buy,5.6e-07,17858.0,0.01000048
YOYOW/BTC,1603377338652,2020-10-22T14:35:38.652Z,buy,5.6e-07,1013.0,0.00056728
YOYOW/BTC,1603377500810,2020-10-22T14:38:20.810Z,buy,5.6e-07,436404.0,0.24438624
YOYOW/BTC,1603377509461,2020-10-22T14:38:29.461Z,sell,5.5e-07,436404.0,0.2400222
YOYOW/BTC,1603377515114,2020-10-22T14:38:35.114Z,buy,5.6e-07,439589.0,0.24616984
YOYOW/BTC,1603377519819,2020-10-22T14:38:39.819Z,sell,5.6e-07,4716.0,0.00264096
YOYOW/BTC,1603377519830,2020-10-22T14:38:39.830Z,sell,5.6e-07,322.0,0.00018032
YOYOW/BTC,1603377529063,2020-10-22T14:38:49.063Z,sell,5.6e-07,2000.0,0.00112
YOYOW/BTC,1603377581573,2020-10-22T14:39:41.573Z,sell,5.6e-07,237963.0,0.13325928
YOYOW/BTC,1603377583275,2020-10-22T14:39:43.275Z,sell,5.5e-07,5091.0,0.00280005
YOYOW/BTC,1603377602719,2020-10-22T14:40:02.719Z,sell,5.5e-07,5082.0,0.0027951
YOYOW/BTC,1603378429494,2020-10-22T14:53:49.494Z,sell,5.5e-07,27882.0,0.0153351
YOYOW/BTC,1603378433322,2020-10-22T14:53:53.322Z,sell,5.5e-07,201626.0,0.1108943
YOYOW/BTC,1603378509866,2020-10-22T14:55:09.866Z,sell,5.5e-07,7272.0,0.0039996
YOYOW/BTC,1603378576780,2020-10-22T14:56:16.780Z,sell,5.5e-07,7272.0,0.0039996
YOYOW/BTC,1603378614760,2020-10-22T14:56:54.760Z,sell,5.5e-07,7373.0,0.00405515
YOYOW/BTC,1603378782353,2020-10-22T14:59:42.353Z,sell,5.4e-07,10163.0,0.00548802
YOYOW/BTC,1603379142064,2020-10-22T15:05:42.064Z,buy,5.5e-07,1900.0,0.001045
YOYOW/BTC,1603379142064,2020-10-22T15:05:42.064Z,buy,5.5e-07,1900.0,0.001045
YOYOW/BTC,1603380220032,2020-10-22T15:23:40.032Z,buy,5.5e-07,1170.0,0.0006435
YOYOW/BTC,1603380303266,2020-10-22T15:25:03.266Z,buy,5.5e-07,1434.0,0.0007887
YOYOW/BTC,1603380464704,2020-10-22T15:27:44.704Z,buy,5.5e-07,8608.0,0.0047344
YOYOW/BTC,1603380774032,2020-10-22T15:32:54.032Z,buy,5.5e-07,263.0,0.00014465
YOYOW/BTC,1603380778109,2020-10-22T15:32:58.109Z,buy,5.5e-07,275.0,0.00015125
YOYOW/BTC,1603380888465,2020-10-22T15:34:48.465Z,buy,5.5e-07,9608.0,0.0052844
YOYOW/BTC,1603381940556,2020-10-22T15:52:20.556Z,buy,5.5e-07,3856.0,0.0021208
YOYOW/BTC,1603382576270,2020-10-22T16:02:56.270Z,buy,5.5e-07,23860.0,0.013123
YOYOW/BTC,1603382576270,2020-10-22T16:02:56.270Z,buy,5.5e-07,23860.0,0.013123
YOYOW/BTC,1603382942093,2020-10-22T16:09:02.093Z,buy,5.5e-07,5428.0,0.0029854
YOYOW/BTC,1603383220226,2020-10-22T16:13:40.226Z,sell,5.4e-07,1082.0,0.00058428
YOYOW/BTC,1603383731625,2020-10-22T16:22:11.625Z,buy,5.5e-07,10629.0,0.00584595
YOYOW/BTC,1603384263573,2020-10-22T16:31:03.573Z,buy,5.5e-07,1312.0,0.0007216
YOYOW/BTC,1603384651623,2020-10-22T16:37:31.623Z,sell,5.4e-07,1054.0,0.00056916
YOYOW/BTC,1603385193630,2020-10-22T16:46:33.630Z,sell,5.4e-07,4972.0,0.00268488
YOYOW/BTC,1603385482225,2020-10-22T16:51:22.225Z,sell,5.4e-07,79120.0,0.0427248
YOYOW/BTC,1603385665725,2020-10-22T16:54:25.725Z,sell,5.4e-07,27398.0,0.01479492
YOYOW/BTC,1603385924546,2020-10-22T16:58:44.546Z,sell,5.4e-07,13621.0,0.00735534
YOYOW/BTC,1603385924546,2020-10-22T16:58:44.546Z,sell,5.3e-07,26379.0,0.01398087
YOYOW/BTC,1603385925177,2020-10-22T16:58:45.177Z,buy,5.4e-07,21000.0,0.01134
YOYOW/BTC,1603385926763,2020-10-22T16:58:46.763Z,sell,5.4e-07,8542.0,0.00461268
YOYOW/BTC,1603385926763,2020-10-22T16:58:46.763Z,sell,5.4e-07,8542.0,0.00461268
YOYOW/BTC,1603386246091,2020-10-22T17:04:06.091Z,sell,5.4e-07,3283.0,0.00177282
YOYOW/BTC,1603386339266,2020-10-22T17:05:39.266Z,sell,5.4e-07,4215.0,0.0022761
YOYOW/BTC,1603386387265,2020-10-22T17:06:27.265Z,buy,5.4e-07,4245.0,0.0022923
YOYOW/BTC,1603386402218,2020-10-22T17:06:42.218Z,sell,5.3e-07,2639.0,0.00139867
YOYOW/BTC,1603386541313,2020-10-22T17:09:01.313Z,buy,5.4e-07,21236.0,0.01146744
YOYOW/BTC,1603389273885,2020-10-22T17:54:33.885Z,sell,5.4e-07,4652.0,0.00251208
YOYOW/BTC,1603389323969,2020-10-22T17:55:23.969Z,sell,5.4e-07,9920.0,0.0053568
YOYOW/BTC,1603389324842,2020-10-22T17:55:24.842Z,sell,5.4e-07,9345.0,0.0050463
YOYOW/BTC,1603389324869,2020-10-22T17:55:24.869Z,sell,5.4e-07,8125.0,0.0043875
YOYOW/BTC,1603389324869,2020-10-22T17:55:24.869Z,sell,5.4e-07,8125.0,0.0043875
YOYOW/BTC,1603390265050,2020-10-22T18:11:05.050Z,sell,5.4e-07,8317.0,0.00449118
YOYOW/BTC,1603390728650,2020-10-22T18:18:48.650Z,sell,5.4e-07,1163.0,0.00062802
YOYOW/BTC,1603392780202,2020-10-22T18:53:00.202Z,sell,5.4e-07,3852.0,0.00208008
YOYOW/BTC,1603392920414,2020-10-22T18:55:20.414Z,sell,5.4e-07,954.0,0.00051516
YOYOW/BTC,1603392920414,2020-10-22T18:55:20.414Z,sell,5.4e-07,954.0,0.00051516
YOYOW/BTC,1603393431030,2020-10-22T19:03:51.030Z,sell,5.4e-07,420.0,0.0002268
YOYOW/BTC,1603393935038,2020-10-22T19:12:15.038Z,sell,5.4e-07,6793.0,0.00366822
YOYOW/BTC,1603394635379,2020-10-22T19:23:55.379Z,sell,5.4e-07,3417.0,0.00184518
YOYOW/BTC,1603396024872,2020-10-22T19:47:04.872Z,sell,5.4e-07,969.0,0.00052326
YOYOW/BTC,1603396024872,2020-10-22T19:47:04.872Z,sell,5.4e-07,969.0,0.00052326
YOYOW/BTC,1603396672790,2020-10-22T19:57:52.790Z,sell,5.4e-07,28991.0,0.01565514
YOYOW/BTC,1603396992312,2020-10-22T20:03:12.312Z,buy,5.5e-07,75626.0,0.0415943
YOYOW/BTC,1603397342071,2020-10-22T20:09:02.071Z,buy,5.5e-07,182.0,0.0001001
YOYOW/BTC,1603397385694,2020-10-22T20:09:45.694Z,sell,5.4e-07,187.0,0.00010098
YOYOW/BTC,1603397437984,2020-10-22T20:10:37.984Z,sell,5.4e-07,33281.0,0.01797174
YOYOW/BTC,1603397916234,2020-10-22T20:18:36.234Z,sell,5.4e-07,1620.0,0.0008748
YOYOW/BTC,1603399516388,2020-10-22T20:45:16.388Z,sell,5.4e-07,2247.0,0.00121338
YOYOW/BTC,1603399549046,2020-10-22T20:45:49.046Z,sell,5.4e-07,3485.0,0.0018819
YOYOW/BTC,1603399549046,2020-10-22T20:45:49.046Z,sell,5.4e-07,3485.0,0.0018819
YOYOW/BTC,1603401733697,2020-10-22T21:22:13.697Z,sell,5.4e-07,13868.0,0.00748872
YOYOW/BTC,1603401733697,2020-10-22T21:22:13.697Z,sell,5.4e-07,13868.0,0.00748872
YOYOW/BTC,1603404139363,2020-10-22T22:02:19.363Z,sell,5.4e-07,1942.0,0.00104868
YOYOW/BTC,1603404465333,2020-10-22T22:07:45.333Z,sell,5.4e-07,156109.0,0.08429886
YOYOW/BTC,1603404465333,2020-10-22T22:07:45.333Z,sell,5.4e-07,156109.0,0.08429886
YOYOW/BTC,1603405610436,2020-10-22T22:26:50.436Z,sell,5.4e-07,114893.0,0.06204222
YOYOW/BTC,1603405610436,2020-10-22T22:26:50.436Z,sell,5.3e-07,119496.0,0.06333288
YOYOW/BTC,1603405615672,2020-10-22T22:26:55.672Z,buy,5.4e-07,5870.0,0.0031698
YOYOW/BTC,1603405618626,2020-10-22T22:26:58.626Z,sell,5.4e-07,482.0,0.00026028
YOYOW/BTC,1603405621111,2020-10-22T22:27:01.111Z,buy,5.4e-07,8958.0,0.00483732
YOYOW/BTC,1603405621298,2020-10-22T22:27:01.298Z,buy,5.4e-07,8203.0,0.00442962
YOYOW/BTC,1603405665618,2020-10-22T22:27:45.618Z,buy,5.4e-07,720.0,0.0003888
YOYOW/BTC,1603405690688,2020-10-22T22:28:10.688Z,sell,5.4e-07,720.0,0.0003888
YOYOW/BTC,1603405737919,2020-10-22T22:28:57.919Z,sell,5.4e-07,720.0,0.0003888
YOYOW/BTC,1603405761200,2020-10-22T22:29:21.200Z,sell,5.4e-07,720.0,0.0003888
YOYOW/BTC,1603405808851,2020-10-22T22:30:08.851Z,sell,5.4e-07,720.0,0.0003888
YOYOW/BTC,1603405832573,2020-10-22T22:30:32.573Z,sell,5.4e-07,720.0,0.0003888
YOYOW/BTC,1603405880261,2020-10-22T22:31:20.261Z,sell,5.4e-07,720.0,0.0003888
YOYOW/BTC,1603405903692,2020-10-22T22:31:43.692Z,sell,5.4e-07,720.0,0.0003888
YOYOW/BTC,1603405952285,2020-10-22T22:32:32.285Z,sell,5.4e-07,720.0,0.0003888
YOYOW/BTC,1603405975831,2020-10-22T22:32:55.831Z,sell,5.4e-07,720.0,0.0003888
YOYOW/BTC,1603406023471,2020-10-22T22:33:43.471Z,sell,5.4e-07,720.0,0.0003888
YOYOW/BTC,1603406046919,2020-10-22T22:34:06.919Z,sell,5.4e-07,720.0,0.0003888
YOYOW/BTC,1603406095552,2020-10-22T22:34:55.552Z,sell,5.4e-07,720.0,0.0003888
YOYOW/BTC,1603406119336,2020-10-22T22:35:19.336Z,sell,5.4e-07,720.0,0.0003888
YOYOW/BTC,1603406167035,2020-10-22T22:36:07.035Z,sell,5.4e-07,720.0,0.0003888
YOYOW/BTC,1603406190267,2020-10-22T22:36:30.267Z,sell,5.4e-07,720.0,0.0003888
YOYOW/BTC,1603406238563,2020-10-22T22:37:18.563Z,sell,5.4e-07,720.0,0.0003888
YOYOW/BTC,1603406262443,2020-10-22T22:37:42.443Z,sell,5.4e-07,720.0,0.0003888
YOYOW/BTC,1603406272342,2020-10-22T22:37:52.342Z,sell,5.4e-07,15711.0,0.00848394
YOYOW/BTC,1603406308876,2020-10-22T22:38:28.876Z,buy,5.4e-07,653.0,0.00035262
YOYOW/BTC,1603406308955,2020-10-22T22:38:28.955Z,buy,5.4e-07,651.0,0.00035154
YOYOW/BTC,1603406333680,2020-10-22T22:38:53.680Z,buy,5.4e-07,6934.0,0.00374436
YOYOW/BTC,1603406394138,2020-10-22T22:39:54.138Z,buy,5.4e-07,415.0,0.0002241
YOYOW/BTC,1603406400822,2020-10-22T22:40:00.822Z,sell,5.3e-07,98396.0,0.05214988
YOYOW/BTC,1603406433073,2020-10-22T22:40:33.073Z,buy,5.4e-07,414.0,0.00022356
YOYOW/BTC,1603406461975,2020-10-22T22:41:01.975Z,buy,5.4e-07,3554.0,0.00191916
YOYOW/BTC,1603406477352,2020-10-22T22:41:17.352Z,buy,5.4e-07,3481.0,0.00187974
YOYOW/BTC,1603406482340,2020-10-22T22:41:22.340Z,buy,5.4e-07,413.0,0.00022302
YOYOW/BTC,1603406506199,2020-10-22T22:41:46.199Z,buy,5.4e-07,7063.0,0.00381402
YOYOW/BTC,1603406554159,2020-10-22T22:42:34.159Z,buy,5.4e-07,1187.0,0.00064098
YOYOW/BTC,1603406650637,2020-10-22T22:44:10.637Z,buy,5.4e-07,3412.0,0.00184248
YOYOW/BTC,1603406675021,2020-10-22T22:44:35.021Z,sell,5.4e-07,3412.0,0.00184248
YOYOW/BTC,1603406722239,2020-10-22T22:45:22.239Z,sell,5.4e-07,3412.0,0.00184248
YOYOW/BTC,1603407698064,2020-10-22T23:01:38.064Z,sell,5.4e-07,21000.0,0.01134
YOYOW/BTC,1603407708529,2020-10-22T23:01:48.529Z,sell,5.4e-07,12512.0,0.00675648
YOYOW/BTC,1603407708529,2020-10-22T23:01:48.529Z,sell,5.4e-07,12512.0,0.00675648
YOYOW/BTC,1603408180650,2020-10-22T23:09:40.650Z,sell,5.4e-07,11150.0,0.006021
YOYOW/BTC,1603408180650,2020-10-22T23:09:40.650Z,sell,5.3e-07,4807.0,0.00254771
YOYOW/BTC,1603408413849,2020-10-22T23:13:33.849Z,buy,5.4e-07,9446.0,0.00510084
YOYOW/BTC,1603408448154,2020-10-22T23:14:08.154Z,buy,5.4e-07,296.0,0.00015984
YOYOW/BTC,1603408495921,2020-10-22T23:14:55.921Z,buy,5.4e-07,296.0,0.00015984
YOYOW/BTC,1603408519689,2020-10-22T23:15:19.689Z,buy,5.4e-07,288.0,0.00015552
YOYOW/BTC,1603408520912,2020-10-22T23:15:20.912Z,buy,5.4e-07,9519.0,0.00514026
YOYOW/BTC,1603408544757,2020-10-22T23:15:44.757Z,sell,5.4e-07,7639.0,0.00412506
YOYOW/BTC,1603408568287,2020-10-22T23:16:08.287Z,buy,5.4e-07,6509.0,0.00351486
YOYOW/BTC,1603408593537,2020-10-22T23:16:33.537Z,sell,5.4e-07,3010.0,0.0016254
YOYOW/BTC,1603409003625,2020-10-22T23:23:23.625Z,sell,5.4e-07,9484.0,0.00512136
YOYOW/BTC,1603409004624,2020-10-22T23:23:24.624Z,sell,5.4e-07,7969.0,0.00430326
YOYOW/BTC,1603409048737,2020-10-22T23:24:08.737Z,buy,5.4e-07,8038.0,0.00434052
YOYOW/BTC,1603409049041,2020-10-22T23:24:09.041Z,buy,5.4e-07,9536.0,0.00514944
YOYOW/BTC,1603409760183,2020-10-22T23:36:00.183Z,buy,5.4e-07,1779.0,0.00096066
YOYOW/BTC,1603409805428,2020-10-22T23:36:45.428Z,buy,5.4e-07,1778.0,0.00096012
YOYOW/BTC,1603409853090,2020-10-22T23:37:33.090Z,buy,5.4e-07,1428.0,0.00077112
YOYOW/BTC,1603409879508,2020-10-22T23:37:59.508Z,sell,5.4e-07,350.0,0.000189
YOYOW/BTC,1603409923469,2020-10-22T23:38:43.469Z,buy,5.4e-07,340.0,0.0001836
YOYOW/BTC,1603409971158,2020-10-22T23:39:31.158Z,buy,5.4e-07,341.0,0.00018414
YOYOW/BTC,1603410018532,2020-10-22T23:40:18.532Z,buy,5.4e-07,341.0,0.00018414
YOYOW/BTC,1603410066016,2020-10-22T23:41:06.016Z,buy,5.4e-07,341.0,0.00018414
YOYOW/BTC,1603410113292,2020-10-22T23:41:53.292Z,buy,5.4e-07,341.0,0.00018414
YOYOW/BTC,1603410159870,2020-10-22T23:42:39.870Z,buy,5.4e-07,341.0,0.00018414
YOYOW/BTC,1603410207082,2020-10-22T23:43:27.082Z,buy,5.4e-07,341.0,0.00018414
YOYOW/BTC,1603410254552,2020-10-22T23:44:14.552Z,buy,5.4e-07,341.0,0.00018414
YOYOW/BTC,1603410302784,2020-10-22T23:45:02.784Z,buy,5.4e-07,341.0,0.00018414
YOYOW/BTC,1603410350096,2020-10-22T23:45:50.096Z,buy,5.4e-07,341.0,0.00018414
YOYOW/BTC,1603410396961,2020-10-22T23:46:36.961Z,buy,5.4e-07,341.0,0.00018414
YOYOW/BTC,1603410444209,2020-10-22T23:47:24.209Z,buy,5.4e-07,341.0,0.00018414
YOYOW/BTC,1603410491518,2020-10-22T23:48:11.518Z,buy,5.4e-07,341.0,0.00018414
YOYOW/BTC,1603410538745,2020-10-22T23:48:58.745Z,buy,5.4e-07,341.0,0.00018414
YOYOW/BTC,1603410586780,2020-10-22T23:49:46.780Z,buy,5.4e-07,341.0,0.00018414
YOYOW/BTC,1603410635080,2020-10-22T23:50:35.080Z,buy,5.4e-07,341.0,0.00018414
YOYOW/BTC,1603410682849,2020-10-22T23:51:22.849Z,buy,5.4e-07,341.0,0.00018414
YOYOW/BTC,1603410730537,2020-10-22T23:52:10.537Z,buy,5.4e-07,341.0,0.00018414
YOYOW/BTC,1603410778814,2020-10-22T23:52:58.814Z,buy,5.4e-07,340.0,0.0001836
YOYOW/BTC,1603410825714,2020-10-22T23:53:45.714Z,buy,5.4e-07,340.0,0.0001836
YOYOW/BTC,1603410872962,2020-10-22T23:54:32.962Z,buy,5.4e-07,340.0,0.0001836
YOYOW/BTC,1603410920901,2020-10-22T23:55:20.901Z,buy,5.4e-07,340.0,0.0001836
YOYOW/BTC,1603410921840,2020-10-22T23:55:21.840Z,buy,5.4e-07,1908.0,0.00103032
YOYOW/BTC,1603410946312,2020-10-22T23:55:46.312Z,sell,5.4e-07,1908.0,0.00103032
YOYOW/BTC,1603410993503,2020-10-22T23:56:33.503Z,sell,5.4e-07,1908.0,0.00103032
YOYOW/BTC,1603410993503,2020-10-22T23:56:33.503Z,sell,5.4e-07,1908.0,0.00103032
YOYOW/BTC,1603413075529,2020-10-23T00:31:15.529Z,sell,5.4e-07,3332.0,0.00179928
YOYOW/BTC,1603413075642,2020-10-23T00:31:15.642Z,buy,5.4e-07,6423.0,0.00346842
YOYOW/BTC,1603413119978,2020-10-23T00:31:59.978Z,sell,5.4e-07,341.0,0.00018414
YOYOW/BTC,1603413368429,2020-10-23T00:36:08.429Z,buy,5.5e-07,139.0,7.645e-05
YOYOW/BTC,1603414149266,2020-10-23T00:49:09.266Z,sell,5.4e-07,6934.0,0.00374436
YOYOW/BTC,1603414149281,2020-10-23T00:49:09.281Z,sell,5.4e-07,8250.0,0.004455
YOYOW/BTC,1603414149594,2020-10-23T00:49:09.594Z,sell,5.4e-07,9536.0,0.00514944
YOYOW/BTC,1603414173844,2020-10-23T00:49:33.844Z,sell,5.4e-07,3554.0,0.00191916
YOYOW/BTC,1603414237091,2020-10-23T00:50:37.091Z,sell,5.4e-07,3481.0,0.00187974
YOYOW/BTC,1603414262900,2020-10-23T00:51:02.900Z,sell,5.4e-07,2254.0,0.00121716
YOYOW/BTC,1603414310980,2020-10-23T00:51:50.980Z,sell,5.4e-07,2254.0,0.00121716
YOYOW/BTC,1603414334430,2020-10-23T00:52:14.430Z,sell,5.4e-07,2254.0,0.00121716
YOYOW/BTC,1603414383025,2020-10-23T00:53:03.025Z,sell,5.4e-07,2254.0,0.00121716
YOYOW/BTC,1603414407055,2020-10-23T00:53:27.055Z,sell,5.4e-07,2254.0,0.00121716
YOYOW/BTC,1603414455510,2020-10-23T00:54:15.510Z,sell,5.4e-07,2254.0,0.00121716
YOYOW/BTC,1603414479100,2020-10-23T00:54:39.100Z,sell,5.4e-07,2254.0,0.00121716
YOYOW/BTC,1603414527777,2020-10-23T00:55:27.777Z,sell,5.4e-07,2254.0,0.00121716
YOYOW/BTC,1603414551426,2020-10-23T00:55:51.426Z,sell,5.4e-07,2254.0,0.00121716
YOYOW/BTC,1603414551426,2020-10-23T00:55:51.426Z,sell,5.4e-07,2254.0,0.00121716
YOYOW/BTC,1603415104751,2020-10-23T01:05:04.751Z,buy,5.4e-07,2254.0,0.00121716
YOYOW/BTC,1603415129246,2020-10-23T01:05:29.246Z,sell,5.4e-07,2254.0,0.00121716
YOYOW/BTC,1603415178208,2020-10-23T01:06:18.208Z,sell,5.4e-07,2254.0,0.00121716
YOYOW/BTC,1603415227522,2020-10-23T01:07:07.522Z,sell,5.4e-07,2254.0,0.00121716
YOYOW/BTC,1603415251905,2020-10-23T01:07:31.905Z,sell,5.4e-07,1733.0,0.00093582
YOYOW/BTC,1603415274421,2020-10-23T01:07:54.421Z,sell,5.4e-07,521.0,0.00028134
YOYOW/BTC,1603415300156,2020-10-23T01:08:20.156Z,sell,5.4e-07,2254.0,0.00121716
YOYOW/BTC,1603415324026,2020-10-23T01:08:44.026Z,sell,5.4e-07,2254.0,0.00121716
YOYOW/BTC,1603415372250,2020-10-23T01:09:32.250Z,sell,5.4e-07,2254.0,0.00121716
YOYOW/BTC,1603415372250,2020-10-23T01:09:32.250Z,sell,5.4e-07,2254.0,0.00121716
YOYOW/BTC,1603420058250,2020-10-23T02:27:38.250Z,buy,5.5e-07,4914.0,0.0027027
YOYOW/BTC,1603420058250,2020-10-23T02:27:38.250Z,buy,5.5e-07,4914.0,0.0027027
YOYOW/BTC,1603420790564,2020-10-23T02:39:50.564Z,sell,5.4e-07,241.0,0.00013014
YOYOW/BTC,1603420790564,2020-10-23T02:39:50.564Z,sell,5.4e-07,241.0,0.00013014
YOYOW/BTC,1603425738498,2020-10-23T04:02:18.498Z,sell,5.4e-07,148371.0,0.08012034
YOYOW/BTC,1603425738498,2020-10-23T04:02:18.498Z,sell,5.4e-07,148371.0,0.08012034
YOYOW/BTC,1603426432057,2020-10-23T04:13:52.057Z,buy,5.5e-07,2025.0,0.00111375
YOYOW/BTC,1603426512930,2020-10-23T04:15:12.930Z,buy,5.5e-07,9258.0,0.0050919
YOYOW/BTC,1603427757860,2020-10-23T04:35:57.860Z,buy,5.5e-07,10725.0,0.00589875
YOYOW/BTC,1603427757860,2020-10-23T04:35:57.860Z,buy,5.5e-07,10725.0,0.00589875
YOYOW/BTC,1603430412463,2020-10-23T05:20:12.463Z,sell,5.4e-07,2735.0,0.0014769
YOYOW/BTC,1603430412463,2020-10-23T05:20:12.463Z,sell,5.4e-07,2735.0,0.0014769
YOYOW/BTC,1603434642069,2020-10-23T06:30:42.069Z,buy,5.5e-07,1000.0,0.00055
YOYOW/BTC,1603435034595,2020-10-23T06:37:14.595Z,buy,5.5e-07,18067.0,0.00993685
YOYOW/BTC,1603435034595,2020-10-23T06:37:14.595Z,buy,5.5e-07,18067.0,0.00993685
YOYOW/BTC,1603437132898,2020-10-23T07:12:12.898Z,buy,5.5e-07,9711.0,0.00534105
YOYOW/BTC,1603437561933,2020-10-23T07:19:21.933Z,buy,5.5e-07,107503.0,0.05912665
YOYOW/BTC,1603437562179,2020-10-23T07:19:22.179Z,sell,5.5e-07,371.0,0.00020405
YOYOW/BTC,1603437887844,2020-10-23T07:24:47.844Z,sell,5.5e-07,330.0,0.0001815
YOYOW/BTC,1603437887844,2020-10-23T07:24:47.844Z,sell,5.5e-07,330.0,0.0001815
YOYOW/BTC,1603438948752,2020-10-23T07:42:28.752Z,buy,5.6e-07,33698.0,0.01887088
YOYOW/BTC,1603439058615,2020-10-23T07:44:18.615Z,sell,5.5e-07,16153.0,0.00888415
YOYOW/BTC,1603439078782,2020-10-23T07:44:38.782Z,sell,5.5e-07,5119.0,0.00281545
YOYOW/BTC,1603439078828,2020-10-23T07:44:38.828Z,sell,5.5e-07,6819.0,0.00375045
YOYOW/BTC,1603439102237,2020-10-23T07:45:02.237Z,sell,5.5e-07,8436.0,0.0046398
YOYOW/BTC,1603439125064,2020-10-23T07:45:25.064Z,buy,5.5e-07,5008.0,0.0027544
YOYOW/BTC,1603439125425,2020-10-23T07:45:25.425Z,sell,5.5e-07,3039.0,0.00167145
YOYOW/BTC,1603439149045,2020-10-23T07:45:49.045Z,sell,5.5e-07,482.0,0.0002651
YOYOW/BTC,1603439149862,2020-10-23T07:45:49.862Z,sell,5.5e-07,6814.0,0.0037477
YOYOW/BTC,1603439174831,2020-10-23T07:46:14.831Z,sell,5.5e-07,5091.0,0.00280005
YOYOW/BTC,1603439197597,2020-10-23T07:46:37.597Z,sell,5.5e-07,3984.0,0.0021912
YOYOW/BTC,1603439245405,2020-10-23T07:47:25.405Z,sell,5.5e-07,3984.0,0.0021912
YOYOW/BTC,1603439269281,2020-10-23T07:47:49.281Z,sell,5.5e-07,3984.0,0.0021912
YOYOW/BTC,1603439292862,2020-10-23T07:48:12.862Z,sell,5.5e-07,1152.0,0.0006336
YOYOW/BTC,1603439316344,2020-10-23T07:48:36.344Z,sell,5.5e-07,2832.0,0.0015576
YOYOW/BTC,1603439341222,2020-10-23T07:49:01.222Z,sell,5.5e-07,3984.0,0.0021912
YOYOW/BTC,1603439365007,2020-10-23T07:49:25.007Z,sell,5.5e-07,3984.0,0.0021912
YOYOW/BTC,1603439413854,2020-10-23T07:50:13.854Z,sell,5.5e-07,3984.0,0.0021912
YOYOW/BTC,1603439437281,2020-10-23T07:50:37.281Z,sell,5.5e-07,561.0,0.00030855
YOYOW/BTC,1603439538750,2020-10-23T07:52:18.750Z,sell,5.5e-07,16248.0,0.0089364
YOYOW/BTC,1603439543837,2020-10-23T07:52:23.837Z,sell,5.5e-07,7501.0,0.00412555
YOYOW/BTC,1603439558879,2020-10-23T07:52:38.879Z,sell,5.4e-07,7407.0,0.00399978
YOYOW/BTC,1603439560475,2020-10-23T07:52:40.475Z,sell,5.4e-07,8563.0,0.00462402
YOYOW/BTC,1603439577044,2020-10-23T07:52:57.044Z,sell,5.4e-07,7407.0,0.00399978
YOYOW/BTC,1603439590990,2020-10-23T07:53:10.990Z,sell,5.4e-07,13883.0,0.00749682
YOYOW/BTC,1603439595574,2020-10-23T07:53:15.574Z,sell,5.4e-07,7407.0,0.00399978
YOYOW/BTC,1603439598583,2020-10-23T07:53:18.583Z,sell,5.4e-07,7407.0,0.00399978
YOYOW/BTC,1603439600855,2020-10-23T07:53:20.855Z,sell,5.4e-07,7407.0,0.00399978
YOYOW/BTC,1603439636540,2020-10-23T07:53:56.540Z,sell,5.4e-07,11111.0,0.00599994
YOYOW/BTC,1603439636756,2020-10-23T07:53:56.756Z,sell,5.4e-07,16155.0,0.0087237
YOYOW/BTC,1603439688275,2020-10-23T07:54:48.275Z,buy,5.5e-07,254.0,0.0001397
YOYOW/BTC,1603439692403,2020-10-23T07:54:52.403Z,buy,5.5e-07,231.0,0.00012705
YOYOW/BTC,1603440509623,2020-10-23T08:08:29.623Z,buy,5.5e-07,4114.0,0.0022627
YOYOW/BTC,1603440509623,2020-10-23T08:08:29.623Z,buy,5.5e-07,4114.0,0.0022627
YOYOW/BTC,1603442379998,2020-10-23T08:39:39.998Z,buy,5.5e-07,1455.0,0.00080025
YOYOW/BTC,1603443830968,2020-10-23T09:03:50.968Z,buy,5.5e-07,9981.0,0.00548955
YOYOW/BTC,1603443830968,2020-10-23T09:03:50.968Z,buy,5.5e-07,9981.0,0.00548955
YOYOW/BTC,1603445417373,2020-10-23T09:30:17.373Z,buy,5.5e-07,242.0,0.0001331
YOYOW/BTC,1603445649818,2020-10-23T09:34:09.818Z,buy,5.5e-07,300.0,0.000165
YOYOW/BTC,1603445714711,2020-10-23T09:35:14.711Z,buy,5.5e-07,55998.0,0.0307989
YOYOW/BTC,1603446465746,2020-10-23T09:47:45.746Z,buy,5.5e-07,3485.0,0.00191675
YOYOW/BTC,1603446470179,2020-10-23T09:47:50.179Z,buy,5.5e-07,12306.0,0.0067683
YOYOW/BTC,1603446500694,2020-10-23T09:48:20.694Z,buy,5.5e-07,9350.0,0.0051425
YOYOW/BTC,1603446524060,2020-10-23T09:48:44.060Z,buy,5.5e-07,8129.0,0.00447095
YOYOW/BTC,1603446524102,2020-10-23T09:48:44.102Z,buy,5.5e-07,1318.0,0.0007249
YOYOW/BTC,1603446570558,2020-10-23T09:49:30.558Z,buy,5.5e-07,8661.0,0.00476355
YOYOW/BTC,1603446850111,2020-10-23T09:54:10.111Z,sell,5.4e-07,45119.0,0.02436426
YOYOW/BTC,1603446850111,2020-10-23T09:54:10.111Z,sell,5.4e-07,45119.0,0.02436426
YOYOW/BTC,1603448662929,2020-10-23T10:24:22.929Z,sell,5.4e-07,17788.0,0.00960552
YOYOW/BTC,1603449575545,2020-10-23T10:39:35.545Z,sell,5.4e-07,500.0,0.00027
YOYOW/BTC,1603449575545,2020-10-23T10:39:35.545Z,sell,5.4e-07,500.0,0.00027
YOYOW/BTC,1603450610297,2020-10-23T10:56:50.297Z,buy,5.5e-07,185.0,0.00010175
YOYOW/BTC,1603452032871,2020-10-23T11:20:32.871Z,buy,5.5e-07,406.0,0.0002233
YOYOW/BTC,1603452032871,2020-10-23T11:20:32.871Z,buy,5.5e-07,406.0,0.0002233
YOYOW/BTC,1603456078036,2020-10-23T12:27:58.036Z,buy,5.5e-07,4551.0,0.00250305
YOYOW/BTC,1603456078036,2020-10-23T12:27:58.036Z,buy,5.5e-07,4551.0,0.00250305
YOYOW/BTC,1603456325444,2020-10-23T12:32:05.444Z,sell,5.4e-07,939.0,0.00050706
YOYOW/BTC,1603456422229,2020-10-23T12:33:42.229Z,buy,5.5e-07,31434.0,0.0172887
YOYOW/BTC,1603457181456,2020-10-23T12:46:21.456Z,buy,5.5e-07,683.0,0.00037565
YOYOW/BTC,1603458073411,2020-10-23T13:01:13.411Z,buy,5.5e-07,8303.0,0.00456665
YOYOW/BTC,1603458485951,2020-10-23T13:08:05.951Z,sell,5.4e-07,1586.0,0.00085644
YOYOW/BTC,1603458854907,2020-10-23T13:14:14.907Z,sell,5.4e-07,5932.0,0.00320328
YOYOW/BTC,1603458854907,2020-10-23T13:14:14.907Z,sell,5.4e-07,5932.0,0.00320328
YOYOW/BTC,1603459760512,2020-10-23T13:29:20.512Z,sell,5.4e-07,12037.0,0.00649998
YOYOW/BTC,1603459847474,2020-10-23T13:30:47.474Z,sell,5.4e-07,1412.0,0.00076248
YOYOW/BTC,1603460005744,2020-10-23T13:33:25.744Z,sell,5.4e-07,2146.0,0.00115884
YOYOW/BTC,1603460215560,2020-10-23T13:36:55.560Z,sell,5.4e-07,6948.0,0.00375192
YOYOW/BTC,1603460350691,2020-10-23T13:39:10.691Z,sell,5.4e-07,31403.0,0.01695762
YOYOW/BTC,1603462272202,2020-10-23T14:11:12.202Z,sell,5.4e-07,968.0,0.00052272
YOYOW/BTC,1603462315430,2020-10-23T14:11:55.430Z,sell,5.4e-07,2799.0,0.00151146
YOYOW/BTC,1603462316314,2020-10-23T14:11:56.314Z,sell,5.4e-07,9979.0,0.00538866
YOYOW/BTC,1603462316314,2020-10-23T14:11:56.314Z,sell,5.4e-07,9979.0,0.00538866
YOYOW/BTC,1603464003540,2020-10-23T14:40:03.540Z,sell,5.4e-07,9350.0,0.005049
YOYOW/BTC,1603464003631,2020-10-23T14:40:03.631Z,sell,5.4e-07,8129.0,0.00438966
YOYOW/BTC,1603464003633,2020-10-23T14:40:03.633Z,sell,5.4e-07,6803.0,0.00367362
YOYOW/BTC,1603464978280,2020-10-23T14:56:18.280Z,sell,5.4e-07,3423.0,0.00184842
YOYOW/BTC,1603464980334,2020-10-23T14:56:20.334Z,sell,5.4e-07,3485.0,0.0018819
YOYOW/BTC,1603464980334,2020-10-23T14:56:20.334Z,sell,5.4e-07,3485.0,0.0018819
YOYOW/BTC,1603466808661,2020-10-23T15:26:48.661Z,sell,5.4e-07,37349.0,0.02016846
YOYOW/BTC,1603466979351,2020-10-23T15:29:39.351Z,sell,5.4e-07,17570.0,0.0094878
YOYOW/BTC,1603466979351,2020-10-23T15:29:39.351Z,sell,5.4e-07,17570.0,0.0094878
YOYOW/BTC,1603468749863,2020-10-23T15:59:09.863Z,sell,5.4e-07,1994.0,0.00107676
YOYOW/BTC,1603470305622,2020-10-23T16:25:05.622Z,buy,5.5e-07,3636.0,0.0019998
YOYOW/BTC,1603470541984,2020-10-23T16:29:01.984Z,buy,5.5e-07,909.0,0.00049995
YOYOW/BTC,1603470541984,2020-10-23T16:29:01.984Z,buy,5.5e-07,909.0,0.00049995
YOYOW/BTC,1603472088232,2020-10-23T16:54:48.232Z,sell,5.4e-07,350.0,0.000189
YOYOW/BTC,1603473346629,2020-10-23T17:15:46.629Z,sell,5.4e-07,20000.0,0.0108
YOYOW/BTC,1603473346629,2020-10-23T17:15:46.629Z,sell,5.4e-07,20000.0,0.0108
YOYOW/BTC,1603475398655,2020-10-23T17:49:58.655Z,sell,5.4e-07,55998.0,0.03023892
YOYOW/BTC,1603475532535,2020-10-23T17:52:12.535Z,sell,5.4e-07,16071.0,0.00867834
YOYOW/BTC,1603475548191,2020-10-23T17:52:28.191Z,sell,5.4e-07,10714.0,0.00578556
YOYOW/BTC,1603475553101,2020-10-23T17:52:33.101Z,sell,5.4e-07,7272.0,0.00392688
YOYOW/BTC,1603475561308,2020-10-23T17:52:41.308Z,sell,5.4e-07,21807.0,0.01177578
YOYOW/BTC,1603475570161,2020-10-23T17:52:50.161Z,sell,5.4e-07,13392.0,0.00723168
YOYOW/BTC,1603475574313,2020-10-23T17:52:54.313Z,sell,5.4e-07,13734.0,0.00741636
YOYOW/BTC,1603475576466,2020-10-23T17:52:56.466Z,sell,5.4e-07,13444.0,0.00725976
YOYOW/BTC,1603475580687,2020-10-23T17:53:00.687Z,sell,5.4e-07,7272.0,0.00392688
YOYOW/BTC,1603475586019,2020-10-23T17:53:06.019Z,sell,5.4e-07,13690.0,0.0073926
YOYOW/BTC,1603475586807,2020-10-23T17:53:06.807Z,sell,5.4e-07,10230.0,0.0055242
YOYOW/BTC,1603475588614,2020-10-23T17:53:08.614Z,sell,5.4e-07,7142.0,0.00385668
YOYOW/BTC,1603475594142,2020-10-23T17:53:14.142Z,sell,5.4e-07,7272.0,0.00392688
YOYOW/BTC,1603475595130,2020-10-23T17:53:15.130Z,sell,5.4e-07,7142.0,0.00385668
YOYOW/BTC,1603475597052,2020-10-23T17:53:17.052Z,sell,5.4e-07,7272.0,0.00392688
YOYOW/BTC,1603475603799,2020-10-23T17:53:23.799Z,sell,5.4e-07,11315.0,0.0061101
YOYOW/BTC,1603475605810,2020-10-23T17:53:25.810Z,sell,5.4e-07,10714.0,0.00578556
YOYOW/BTC,1603475611364,2020-10-23T17:53:31.364Z,sell,5.4e-07,2014.0,0.00108756
YOYOW/BTC,1603475880801,2020-10-23T17:58:00.801Z,buy,5.4e-07,55765.0,0.0301131
YOYOW/BTC,1603476661625,2020-10-23T18:11:01.625Z,sell,5.4e-07,4512.0,0.00243648
YOYOW/BTC,1603476661625,2020-10-23T18:11:01.625Z,sell,5.4e-07,4512.0,0.00243648
YOYOW/BTC,1603477367288,2020-10-23T18:22:47.288Z,sell,5.4e-07,3408.0,0.00184032
YOYOW/BTC,1603477669590,2020-10-23T18:27:49.590Z,sell,5.4e-07,13620.0,0.0073548
YOYOW/BTC,1603477669590,2020-10-23T18:27:49.590Z,sell,5.3e-07,10240.0,0.0054272
YOYOW/BTC,1603477744799,2020-10-23T18:29:04.799Z,buy,5.4e-07,4545.0,0.0024543
YOYOW/BTC,1603477777737,2020-10-23T18:29:37.737Z,buy,5.5e-07,25924.0,0.0142582
YOYOW/BTC,1603477980798,2020-10-23T18:33:00.798Z,buy,5.5e-07,30351.0,0.01669305
YOYOW/BTC,1603479717639,2020-10-23T19:01:57.639Z,sell,5.4e-07,1864.0,0.00100656
YOYOW/BTC,1603480046073,2020-10-23T19:07:26.073Z,sell,5.3e-07,1660.0,0.0008798
YOYOW/BTC,1603480074868,2020-10-23T19:07:54.868Z,sell,5.4e-07,1864.0,0.00100656
YOYOW/BTC,1603480087778,2020-10-23T19:08:07.778Z,sell,5.4e-07,1864.0,0.00100656
YOYOW/BTC,1603480135558,2020-10-23T19:08:55.558Z,sell,5.4e-07,1864.0,0.00100656
YOYOW/BTC,1603480159215,2020-10-23T19:09:19.215Z,sell,5.4e-07,1864.0,0.00100656
YOYOW/BTC,1603480206390,2020-10-23T19:10:06.390Z,sell,5.4e-07,1864.0,0.00100656
YOYOW/BTC,1603480229068,2020-10-23T19:10:29.068Z,sell,5.4e-07,1864.0,0.00100656
YOYOW/BTC,1603480229068,2020-10-23T19:10:29.068Z,sell,5.4e-07,1864.0,0.00100656
YOYOW/BTC,1603480789173,2020-10-23T19:19:49.173Z,buy,5.4e-07,1864.0,0.00100656
YOYOW/BTC,1603480812171,2020-10-23T19:20:12.171Z,sell,5.4e-07,1864.0,0.00100656
YOYOW/BTC,1603480859393,2020-10-23T19:20:59.393Z,sell,5.4e-07,1864.0,0.00100656
YOYOW/BTC,1603480882228,2020-10-23T19:21:22.228Z,sell,5.4e-07,1864.0,0.00100656
YOYOW/BTC,1603480929372,2020-10-23T19:22:09.372Z,sell,5.4e-07,1864.0,0.00100656
YOYOW/BTC,1603480952548,2020-10-23T19:22:32.548Z,sell,5.4e-07,1864.0,0.00100656
YOYOW/BTC,1603481000303,2020-10-23T19:23:20.303Z,sell,5.4e-07,1864.0,0.00100656
YOYOW/BTC,1603481021295,2020-10-23T19:23:41.295Z,sell,5.4e-07,1864.0,0.00100656
YOYOW/BTC,1603481067307,2020-10-23T19:24:27.307Z,sell,5.4e-07,1864.0,0.00100656
YOYOW/BTC,1603481090536,2020-10-23T19:24:50.536Z,sell,5.4e-07,1864.0,0.00100656
YOYOW/BTC,1603481138138,2020-10-23T19:25:38.138Z,sell,5.4e-07,1864.0,0.00100656
YOYOW/BTC,1603481161194,2020-10-23T19:26:01.194Z,sell,5.4e-07,1864.0,0.00100656
YOYOW/BTC,1603481181988,2020-10-23T19:26:21.988Z,sell,5.4e-07,200.0,0.000108
YOYOW/BTC,1603481207507,2020-10-23T19:26:47.507Z,sell,5.4e-07,2064.0,0.00111456
YOYOW/BTC,1603481231115,2020-10-23T19:27:11.115Z,sell,5.4e-07,2064.0,0.00111456
YOYOW/BTC,1603481277536,2020-10-23T19:27:57.536Z,sell,5.4e-07,2064.0,0.00111456
YOYOW/BTC,1603481283156,2020-10-23T19:28:03.156Z,sell,5.4e-07,280.0,0.0001512
YOYOW/BTC,1603481300476,2020-10-23T19:28:20.476Z,sell,5.4e-07,2344.0,0.00126576
YOYOW/BTC,1603481346520,2020-10-23T19:29:06.520Z,sell,5.4e-07,2344.0,0.00126576
YOYOW/BTC,1603481369210,2020-10-23T19:29:29.210Z,sell,5.4e-07,2344.0,0.00126576
YOYOW/BTC,1603481416162,2020-10-23T19:30:16.162Z,sell,5.4e-07,2344.0,0.00126576
YOYOW/BTC,1603481438736,2020-10-23T19:30:38.736Z,sell,5.4e-07,2344.0,0.00126576
YOYOW/BTC,1603481484808,2020-10-23T19:31:24.808Z,sell,5.4e-07,2344.0,0.00126576
YOYOW/BTC,1603481507778,2020-10-23T19:31:47.778Z,sell,5.4e-07,2344.0,0.00126576
YOYOW/BTC,1603481560824,2020-10-23T19:32:40.824Z,sell,5.4e-07,2344.0,0.00126576
YOYOW/BTC,1603481583531,2020-10-23T19:33:03.531Z,sell,5.4e-07,2344.0,0.00126576
YOYOW/BTC,1603481629787,2020-10-23T19:33:49.787Z,sell,5.4e-07,2344.0,0.00126576
YOYOW/BTC,1603481652896,2020-10-23T19:34:12.896Z,sell,5.4e-07,2344.0,0.00126576
YOYOW/BTC,1603481698782,2020-10-23T19:34:58.782Z,sell,5.4e-07,2344.0,0.00126576
YOYOW/BTC,1603481722763,2020-10-23T19:35:22.763Z,sell,5.4e-07,2344.0,0.00126576
YOYOW/BTC,1603481768311,2020-10-23T19:36:08.311Z,sell,5.4e-07,2344.0,0.00126576
YOYOW/BTC,1603481791539,2020-10-23T19:36:31.539Z,sell,5.4e-07,2344.0,0.00126576
YOYOW/BTC,1603481838019,2020-10-23T19:37:18.019Z,sell,5.4e-07,2344.0,0.00126576
YOYOW/BTC,1603481860539,2020-10-23T19:37:40.539Z,sell,5.4e-07,2344.0,0.00126576
YOYOW/BTC,1603482489564,2020-10-23T19:48:09.564Z,buy,5.4e-07,2344.0,0.00126576
YOYOW/BTC,1603482513362,2020-10-23T19:48:33.362Z,sell,5.4e-07,2344.0,0.00126576
YOYOW/BTC,1603482560081,2020-10-23T19:49:20.081Z,sell,5.4e-07,2344.0,0.00126576
YOYOW/BTC,1603482583459,2020-10-23T19:49:43.459Z,sell,5.4e-07,2344.0,0.00126576
YOYOW/BTC,1603482631178,2020-10-23T19:50:31.178Z,sell,5.4e-07,2344.0,0.00126576
YOYOW/BTC,1603482653864,2020-10-23T19:50:53.864Z,sell,5.4e-07,2344.0,0.00126576
YOYOW/BTC,1603482700682,2020-10-23T19:51:40.682Z,sell,5.4e-07,2344.0,0.00126576
YOYOW/BTC,1603482723626,2020-10-23T19:52:03.626Z,sell,5.4e-07,2344.0,0.00126576
YOYOW/BTC,1603482769823,2020-10-23T19:52:49.823Z,sell,5.4e-07,2344.0,0.00126576
YOYOW/BTC,1603482792389,2020-10-23T19:53:12.389Z,sell,5.4e-07,2344.0,0.00126576
YOYOW/BTC,1603482838504,2020-10-23T19:53:58.504Z,sell,5.4e-07,2344.0,0.00126576
YOYOW/BTC,1603482861651,2020-10-23T19:54:21.651Z,sell,5.4e-07,2344.0,0.00126576
YOYOW/BTC,1603482908026,2020-10-23T19:55:08.026Z,sell,5.4e-07,2344.0,0.00126576
YOYOW/BTC,1603482931255,2020-10-23T19:55:31.255Z,sell,5.4e-07,2344.0,0.00126576
YOYOW/BTC,1603482977872,2020-10-23T19:56:17.872Z,sell,5.4e-07,2344.0,0.00126576
YOYOW/BTC,1603483000982,2020-10-23T19:56:40.982Z,sell,5.4e-07,2344.0,0.00126576
YOYOW/BTC,1603483046838,2020-10-23T19:57:26.838Z,sell,5.4e-07,2344.0,0.00126576
YOYOW/BTC,1603483069700,2020-10-23T19:57:49.700Z,sell,5.4e-07,2344.0,0.00126576
YOYOW/BTC,1603483116043,2020-10-23T19:58:36.043Z,sell,5.4e-07,2344.0,0.00126576
YOYOW/BTC,1603483139030,2020-10-23T19:58:59.030Z,sell,5.4e-07,2344.0,0.00126576
YOYOW/BTC,1603483185614,2020-10-23T19:59:45.614Z,sell,5.4e-07,2344.0,0.00126576
YOYOW/BTC,1603483203272,2020-10-23T20:00:03.272Z,sell,5.4e-07,13166.0,0.00710964
YOYOW/BTC,1603483203272,2020-10-23T20:00:03.272Z,sell,5.3e-07,559138.0,0.29634314
YOYOW/BTC,1603483203272,2020-10-23T20:00:03.272Z,sell,5.2e-07,251871.0,0.13097292
YOYOW/BTC,1603483203953,2020-10-23T20:00:03.953Z,sell,5.3e-07,5874.0,0.00311322
YOYOW/BTC,1603483211845,2020-10-23T20:00:11.845Z,sell,5.3e-07,300.0,0.000159
YOYOW/BTC,1603483264132,2020-10-23T20:01:04.132Z,sell,5.3e-07,5837.0,0.00309361
YOYOW/BTC,1603483588565,2020-10-23T20:06:28.565Z,buy,5.4e-07,2306.0,0.00124524
YOYOW/BTC,1603483588565,2020-10-23T20:06:28.565Z,buy,5.4e-07,2306.0,0.00124524
YOYOW/BTC,1603484852373,2020-10-23T20:27:32.373Z,sell,5.3e-07,28183.0,0.01493699
YOYOW/BTC,1603485063286,2020-10-23T20:31:03.286Z,sell,5.3e-07,52331.0,0.02773543
YOYOW/BTC,1603485063286,2020-10-23T20:31:03.286Z,sell,5.2e-07,54991.0,0.02859532
YOYOW/BTC,1603485081093,2020-10-23T20:31:21.093Z,sell,5.2e-07,50352.0,0.02618304
YOYOW/BTC,1603486132516,2020-10-23T20:48:52.516Z,sell,5.3e-07,12604.0,0.00668012
YOYOW/BTC,1603486134180,2020-10-23T20:48:54.180Z,sell,5.3e-07,10207.0,0.00540971
YOYOW/BTC,1603486134180,2020-10-23T20:48:54.180Z,sell,5.3e-07,10207.0,0.00540971
YOYOW/BTC,1603487273625,2020-10-23T21:07:53.625Z,sell,5.3e-07,6000.0,0.00318
YOYOW/BTC,1603487391438,2020-10-23T21:09:51.438Z,buy,5.4e-07,287.0,0.00015498
YOYOW/BTC,1603487393758,2020-10-23T21:09:53.758Z,buy,5.4e-07,1852.0,0.00100008
YOYOW/BTC,1603487395137,2020-10-23T21:09:55.137Z,buy,5.4e-07,1852.0,0.00100008
YOYOW/BTC,1603487396592,2020-10-23T21:09:56.592Z,buy,5.4e-07,245.0,0.0001323
YOYOW/BTC,1603488428526,2020-10-23T21:27:08.526Z,buy,5.4e-07,1019.0,0.00055026
YOYOW/BTC,1603488459756,2020-10-23T21:27:39.756Z,buy,5.4e-07,13720.0,0.0074088
YOYOW/BTC,1603488603315,2020-10-23T21:30:03.315Z,buy,5.4e-07,6860.0,0.0037044
YOYOW/BTC,1603488612421,2020-10-23T21:30:12.421Z,buy,5.4e-07,6860.0,0.0037044
YOYOW/BTC,1603488612421,2020-10-23T21:30:12.421Z,buy,5.4e-07,6860.0,0.0037044
YOYOW/BTC,1603490006946,2020-10-23T21:53:26.946Z,sell,5.3e-07,4129.0,0.00218837
YOYOW/BTC,1603490006946,2020-10-23T21:53:26.946Z,sell,5.3e-07,4129.0,0.00218837
YOYOW/BTC,1603492773604,2020-10-23T22:39:33.604Z,sell,5.3e-07,2075.0,0.00109975
YOYOW/BTC,1603492774062,2020-10-23T22:39:34.062Z,sell,5.3e-07,2337.0,0.00123861
YOYOW/BTC,1603492774062,2020-10-23T22:39:34.062Z,sell,5.3e-07,2337.0,0.00123861
YOYOW/BTC,1603493694775,2020-10-23T22:54:54.775Z,sell,5.3e-07,1077.0,0.00057081
YOYOW/BTC,1603494486619,2020-10-23T23:08:06.619Z,sell,5.3e-07,3232.0,0.00171296
YOYOW/BTC,1603494558274,2020-10-23T23:09:18.274Z,sell,5.3e-07,13646.0,0.00723238
YOYOW/BTC,1603494558274,2020-10-23T23:09:18.274Z,sell,5.3e-07,13646.0,0.00723238
YOYOW/BTC,1603507228824,2020-10-24T02:40:28.824Z,sell,5.3e-07,58720.0,0.0311216
YOYOW/BTC,1603507252188,2020-10-24T02:40:52.188Z,sell,5.3e-07,12767.0,0.00676651
YOYOW/BTC,1603507252188,2020-10-24T02:40:52.188Z,sell,5.3e-07,12767.0,0.00676651
YOYOW/BTC,1603508346690,2020-10-24T02:59:06.690Z,sell,5.3e-07,682.0,0.00036146
YOYOW/BTC,1603509161921,2020-10-24T03:12:41.921Z,sell,5.3e-07,10348.0,0.00548444
YOYOW/BTC,1603509184336,2020-10-24T03:13:04.336Z,sell,5.3e-07,2285.0,0.00121105
YOYOW/BTC,1603509206971,2020-10-24T03:13:26.971Z,buy,5.3e-07,8203.0,0.00434759
YOYOW/BTC,1603509206971,2020-10-24T03:13:26.971Z,buy,5.3e-07,8203.0,0.00434759
YOYOW/BTC,1603510984492,2020-10-24T03:43:04.492Z,buy,5.4e-07,5633.0,0.00304182
YOYOW/BTC,1603510984492,2020-10-24T03:43:04.492Z,buy,5.4e-07,5633.0,0.00304182
YOYOW/BTC,1603513491583,2020-10-24T04:24:51.583Z,buy,5.3e-07,294.0,0.00015582
YOYOW/BTC,1603513526546,2020-10-24T04:25:26.546Z,buy,5.3e-07,8682.0,0.00460146
YOYOW/BTC,1603513526546,2020-10-24T04:25:26.546Z,buy,5.3e-07,8682.0,0.00460146
YOYOW/BTC,1603515339486,2020-10-24T04:55:39.486Z,sell,5.3e-07,2993.0,0.00158629
YOYOW/BTC,1603515339486,2020-10-24T04:55:39.486Z,sell,5.3e-07,2993.0,0.00158629
YOYOW/BTC,1603518821177,2020-10-24T05:53:41.177Z,sell,5.3e-07,5517.0,0.00292401
YOYOW/BTC,1603518821177,2020-10-24T05:53:41.177Z,sell,5.3e-07,5517.0,0.00292401
YOYOW/BTC,1603519061305,2020-10-24T05:57:41.305Z,sell,5.2e-07,219796.0,0.11429392
YOYOW/BTC,1603520836750,2020-10-24T06:27:16.750Z,sell,5.2e-07,17415.0,0.0090558
YOYOW/BTC,1603522061209,2020-10-24T06:47:41.209Z,buy,5.3e-07,350.0,0.0001855
YOYOW/BTC,1603522061209,2020-10-24T06:47:41.209Z,buy,5.3e-07,350.0,0.0001855
YOYOW/BTC,1603525937874,2020-10-24T07:52:17.874Z,sell,5.2e-07,350.0,0.000182
YOYOW/BTC,1603525937874,2020-10-24T07:52:17.874Z,sell,5.2e-07,350.0,0.000182
YOYOW/BTC,1603527794650,2020-10-24T08:23:14.650Z,sell,5.2e-07,134076.0,0.06971952
YOYOW/BTC,1603527794650,2020-10-24T08:23:14.650Z,sell,5.2e-07,134076.0,0.06971952
YOYOW/BTC,1603530201045,2020-10-24T09:03:21.045Z,sell,5.2e-07,8081.0,0.00420212
YOYOW/BTC,1603530710883,2020-10-24T09:11:50.883Z,buy,5.3e-07,200.0,0.000106
YOYOW/BTC,1603530971492,2020-10-24T09:16:11.492Z,buy,5.3e-07,18353.0,0.00972709
YOYOW/BTC,1603531350504,2020-10-24T09:22:30.504Z,buy,5.3e-07,2582.0,0.00136846
YOYOW/BTC,1603531350504,2020-10-24T09:22:30.504Z,buy,5.3e-07,2582.0,0.00136846
YOYOW/BTC,1603533483081,2020-10-24T09:58:03.081Z,buy,5.3e-07,2153.0,0.00114109
YOYOW/BTC,1603534193036,2020-10-24T10:09:53.036Z,buy,5.3e-07,249.0,0.00013197
YOYOW/BTC,1603534193036,2020-10-24T10:09:53.036Z,buy,5.3e-07,249.0,0.00013197
YOYOW/BTC,1603535362376,2020-10-24T10:29:22.376Z,buy,5.3e-07,2563.0,0.00135839
YOYOW/BTC,1603535474578,2020-10-24T10:31:14.578Z,buy,5.3e-07,13488.0,0.00714864
YOYOW/BTC,1603535578415,2020-10-24T10:32:58.415Z,buy,5.3e-07,4046.0,0.00214438
YOYOW/BTC,1603535705271,2020-10-24T10:35:05.271Z,buy,5.3e-07,18210.0,0.0096513
YOYOW/BTC,1603535745517,2020-10-24T10:35:45.517Z,buy,5.3e-07,8464.0,0.00448592
YOYOW/BTC,1603535745539,2020-10-24T10:35:45.539Z,buy,5.3e-07,706.0,0.00037418
YOYOW/BTC,1603535769220,2020-10-24T10:36:09.220Z,buy,5.3e-07,444.0,0.00023532
YOYOW/BTC,1603535793219,2020-10-24T10:36:33.219Z,buy,5.3e-07,9018.0,0.00477954
YOYOW/BTC,1603535816629,2020-10-24T10:36:56.629Z,buy,5.3e-07,6284.0,0.00333052
YOYOW/BTC,1603535816745,2020-10-24T10:36:56.745Z,sell,5.3e-07,444.0,0.00023532
YOYOW/BTC,1603535817623,2020-10-24T10:36:57.623Z,sell,5.3e-07,2023.0,0.00107219
YOYOW/BTC,1603535840564,2020-10-24T10:37:20.564Z,buy,5.3e-07,648.0,0.00034344
YOYOW/BTC,1603535863954,2020-10-24T10:37:43.954Z,buy,5.3e-07,398.0,0.00021094
YOYOW/BTC,1603535863974,2020-10-24T10:37:43.974Z,buy,5.3e-07,6309.0,0.00334377
YOYOW/BTC,1603535888172,2020-10-24T10:38:08.172Z,buy,5.3e-07,8391.0,0.00444723
YOYOW/BTC,1603535888439,2020-10-24T10:38:08.439Z,sell,5.3e-07,648.0,0.00034344
YOYOW/BTC,1603535911522,2020-10-24T10:38:31.522Z,sell,5.3e-07,398.0,0.00021094
YOYOW/BTC,1603535911531,2020-10-24T10:38:31.531Z,sell,5.3e-07,6309.0,0.00334377
YOYOW/BTC,1603535935375,2020-10-24T10:38:55.375Z,sell,5.3e-07,7408.0,0.00392624
YOYOW/BTC,1603535955212,2020-10-24T10:39:15.212Z,buy,5.3e-07,4552.0,0.00241256
YOYOW/BTC,1603535958610,2020-10-24T10:39:18.610Z,buy,5.3e-07,350.0,0.0001855
YOYOW/BTC,1603535958611,2020-10-24T10:39:18.611Z,buy,5.3e-07,1472.0,0.00078016
YOYOW/BTC,1603535958730,2020-10-24T10:39:18.730Z,sell,5.3e-07,4867.0,0.00257951
YOYOW/BTC,1603535982443,2020-10-24T10:39:42.443Z,buy,5.3e-07,3906.0,0.00207018
YOYOW/BTC,1603535982572,2020-10-24T10:39:42.572Z,sell,5.3e-07,599.0,0.00031747
YOYOW/BTC,1603536006097,2020-10-24T10:40:06.097Z,sell,5.3e-07,6339.0,0.00335967
YOYOW/BTC,1603536006120,2020-10-24T10:40:06.120Z,sell,5.3e-07,350.0,0.0001855
YOYOW/BTC,1603536029934,2020-10-24T10:40:29.934Z,sell,5.3e-07,9116.0,0.00483148
YOYOW/BTC,1603536053489,2020-10-24T10:40:53.489Z,sell,5.3e-07,2075.0,0.00109975
YOYOW/BTC,1603536077812,2020-10-24T10:41:17.812Z,sell,5.3e-07,549.0,0.00029097
YOYOW/BTC,1603536102249,2020-10-24T10:41:42.249Z,sell,5.3e-07,1954.0,0.00103562
YOYOW/BTC,1603536126151,2020-10-24T10:42:06.151Z,sell,5.3e-07,1954.0,0.00103562
YOYOW/BTC,1603536173377,2020-10-24T10:42:53.377Z,sell,5.3e-07,1954.0,0.00103562
YOYOW/BTC,1603537611097,2020-10-24T11:06:51.097Z,sell,5.3e-07,500.0,0.000265
YOYOW/BTC,1603537611097,2020-10-24T11:06:51.097Z,sell,5.3e-07,500.0,0.000265
YOYOW/BTC,1603537988468,2020-10-24T11:13:08.468Z,sell,5.3e-07,1954.0,0.00103562
YOYOW/BTC,1603538032848,2020-10-24T11:13:52.848Z,sell,5.3e-07,7018.0,0.00371954
YOYOW/BTC,1603538055896,2020-10-24T11:14:15.896Z,sell,5.3e-07,2643.0,0.00140079
YOYOW/BTC,1603538103721,2020-10-24T11:15:03.721Z,sell,5.3e-07,2643.0,0.00140079
YOYOW/BTC,1603538116548,2020-10-24T11:15:16.548Z,sell,5.3e-07,2643.0,0.00140079
YOYOW/BTC,1603538148389,2020-10-24T11:15:48.389Z,sell,5.3e-07,983.0,0.00052099
YOYOW/BTC,1603538207317,2020-10-24T11:16:47.317Z,buy,5.4e-07,6703.0,0.00361962
YOYOW/BTC,1603538208592,2020-10-24T11:16:48.592Z,buy,5.4e-07,420.0,0.0002268
YOYOW/BTC,1603538684658,2020-10-24T11:24:44.658Z,sell,5.3e-07,311.0,0.00016483
YOYOW/BTC,1603538833715,2020-10-24T11:27:13.715Z,sell,5.3e-07,683.0,0.00036199
YOYOW/BTC,1603538957167,2020-10-24T11:29:17.167Z,sell,5.3e-07,3493.0,0.00185129
YOYOW/BTC,1603538957167,2020-10-24T11:29:17.167Z,sell,5.3e-07,3493.0,0.00185129
YOYOW/BTC,1603542573743,2020-10-24T12:29:33.743Z,sell,5.3e-07,500.0,0.000265
YOYOW/BTC,1603542680599,2020-10-24T12:31:20.599Z,sell,5.3e-07,12531.0,0.00664143
YOYOW/BTC,1603542775369,2020-10-24T12:32:55.369Z,sell,5.3e-07,54612.0,0.02894436
YOYOW/BTC,1603542775369,2020-10-24T12:32:55.369Z,sell,5.3e-07,54612.0,0.02894436
YOYOW/BTC,1603544025591,2020-10-24T12:53:45.591Z,sell,5.3e-07,1007.0,0.00053371
YOYOW/BTC,1603544025591,2020-10-24T12:53:45.591Z,sell,5.3e-07,1007.0,0.00053371
YOYOW/BTC,1603547084881,2020-10-24T13:44:44.881Z,sell,5.3e-07,482.0,0.00025546
YOYOW/BTC,1603547544462,2020-10-24T13:52:24.462Z,sell,5.3e-07,8659.0,0.00458927
YOYOW/BTC,1603547544462,2020-10-24T13:52:24.462Z,sell,5.3e-07,8659.0,0.00458927
YOYOW/BTC,1603548568674,2020-10-24T14:09:28.674Z,sell,5.3e-07,99260.0,0.0526078
YOYOW/BTC,1603548892252,2020-10-24T14:14:52.252Z,sell,5.3e-07,1021.0,0.00054113
YOYOW/BTC,1603548892252,2020-10-24T14:14:52.252Z,sell,5.3e-07,1021.0,0.00054113
YOYOW/BTC,1603551982306,2020-10-24T15:06:22.306Z,sell,5.3e-07,6843.0,0.00362679
YOYOW/BTC,1603552252562,2020-10-24T15:10:52.562Z,sell,5.2e-07,27500.0,0.0143
YOYOW/BTC,1603552252807,2020-10-24T15:10:52.807Z,sell,5.2e-07,12011.0,0.00624572
YOYOW/BTC,1603552252807,2020-10-24T15:10:52.807Z,sell,5.2e-07,12011.0,0.00624572
YOYOW/BTC,1603554676041,2020-10-24T15:51:16.041Z,sell,5.2e-07,2724.0,0.00141648
YOYOW/BTC,1603554775466,2020-10-24T15:52:55.466Z,sell,5.2e-07,2598.0,0.00135096
YOYOW/BTC,1603554931811,2020-10-24T15:55:31.811Z,buy,5.3e-07,450.0,0.0002385
YOYOW/BTC,1603555459521,2020-10-24T16:04:19.521Z,sell,5.2e-07,4450.0,0.002314
YOYOW/BTC,1603555725434,2020-10-24T16:08:45.434Z,buy,5.3e-07,1002.0,0.00053106
YOYOW/BTC,1603555725434,2020-10-24T16:08:45.434Z,buy,5.3e-07,1002.0,0.00053106
YOYOW/BTC,1603557592586,2020-10-24T16:39:52.586Z,buy,5.3e-07,253.0,0.00013409
YOYOW/BTC,1603557748794,2020-10-24T16:42:28.794Z,buy,5.3e-07,8551.0,0.00453203
YOYOW/BTC,1603557989882,2020-10-24T16:46:29.882Z,sell,5.2e-07,4112.0,0.00213824
YOYOW/BTC,1603558508259,2020-10-24T16:55:08.259Z,buy,5.3e-07,44077.0,0.02336081
YOYOW/BTC,1603558508259,2020-10-24T16:55:08.259Z,buy,5.3e-07,44077.0,0.02336081
YOYOW/BTC,1603559462461,2020-10-24T17:11:02.461Z,sell,5.3e-07,43757.0,0.02319121
YOYOW/BTC,1603559462461,2020-10-24T17:11:02.461Z,sell,5.2e-07,37667.0,0.01958684
YOYOW/BTC,1603560035731,2020-10-24T17:20:35.731Z,sell,5.2e-07,800.0,0.000416
YOYOW/BTC,1603560151073,2020-10-24T17:22:31.073Z,sell,5.2e-07,801.0,0.00041652
YOYOW/BTC,1603561888059,2020-10-24T17:51:28.059Z,buy,5.3e-07,1000.0,0.00053
YOYOW/BTC,1603561888059,2020-10-24T17:51:28.059Z,buy,5.3e-07,1000.0,0.00053
YOYOW/BTC,1603562496948,2020-10-24T18:01:36.948Z,buy,5.3e-07,1222.0,0.00064766
YOYOW/BTC,1603562496948,2020-10-24T18:01:36.948Z,buy,5.4e-07,3638.0,0.00196452
YOYOW/BTC,1603563299945,2020-10-24T18:14:59.945Z,sell,5.3e-07,36875.0,0.01954375
YOYOW/BTC,1603563686160,2020-10-24T18:21:26.160Z,sell,5.2e-07,54665.0,0.0284258
YOYOW/BTC,1603564722534,2020-10-24T18:38:42.534Z,buy,5.3e-07,17841.0,0.00945573
YOYOW/BTC,1603564722534,2020-10-24T18:38:42.534Z,buy,5.4e-07,1630.0,0.0008802
YOYOW/BTC,1603564722534,2020-10-24T18:38:42.534Z,buy,5.3e-07,17841.0,0.00945573
YOYOW/BTC,1603564722534,2020-10-24T18:38:42.534Z,buy,5.4e-07,1630.0,0.0008802
YOYOW/BTC,1603565688456,2020-10-24T18:54:48.456Z,sell,5.3e-07,389.0,0.00020617
YOYOW/BTC,1603567748886,2020-10-24T19:29:08.886Z,sell,5.3e-07,5490.0,0.0029097
YOYOW/BTC,1603567748886,2020-10-24T19:29:08.886Z,sell,5.2e-07,67425.0,0.035061
YOYOW/BTC,1603568153974,2020-10-24T19:35:53.974Z,buy,5.3e-07,4716.0,0.00249948
YOYOW/BTC,1603568153974,2020-10-24T19:35:53.974Z,buy,5.4e-07,384.0,0.00020736
YOYOW/BTC,1603568153974,2020-10-24T19:35:53.974Z,buy,5.3e-07,4716.0,0.00249948
YOYOW/BTC,1603568153974,2020-10-24T19:35:53.974Z,buy,5.4e-07,384.0,0.00020736
YOYOW/BTC,1603575591683,2020-10-24T21:39:51.683Z,sell,5.3e-07,9701.0,0.00514153
YOYOW/BTC,1603575591683,2020-10-24T21:39:51.683Z,sell,5.3e-07,9701.0,0.00514153
YOYOW/BTC,1603576617466,2020-10-24T21:56:57.466Z,sell,5.3e-07,42023.0,0.02227219
YOYOW/BTC,1603576801980,2020-10-24T22:00:01.980Z,sell,5.3e-07,42023.0,0.02227219
YOYOW/BTC,1603576806559,2020-10-24T22:00:06.559Z,sell,5.3e-07,10356.0,0.00548868
YOYOW/BTC,1603577167306,2020-10-24T22:06:07.306Z,sell,5.3e-07,12330.0,0.0065349
YOYOW/BTC,1603578133460,2020-10-24T22:22:13.460Z,buy,5.3e-07,12611.0,0.00668383
YOYOW/BTC,1603578157187,2020-10-24T22:22:37.187Z,sell,5.3e-07,10520.0,0.0055756
YOYOW/BTC,1603578404740,2020-10-24T22:26:44.740Z,buy,5.3e-07,12611.0,0.00668383
YOYOW/BTC,1603578875454,2020-10-24T22:34:35.454Z,sell,5.3e-07,10175.0,0.00539275
YOYOW/BTC,1603578875454,2020-10-24T22:34:35.454Z,sell,5.3e-07,10175.0,0.00539275
YOYOW/BTC,1603580079206,2020-10-24T22:54:39.206Z,sell,5.3e-07,37279.0,0.01975787
YOYOW/BTC,1603580654781,2020-10-24T23:04:14.781Z,buy,5.3e-07,227.0,0.00012031
YOYOW/BTC,1603580656028,2020-10-24T23:04:16.028Z,buy,5.3e-07,227.0,0.00012031
YOYOW/BTC,1603580786875,2020-10-24T23:06:26.875Z,buy,5.3e-07,227.0,0.00012031
YOYOW/BTC,1603580787568,2020-10-24T23:06:27.568Z,buy,5.3e-07,227.0,0.00012031
YOYOW/BTC,1603580787568,2020-10-24T23:06:27.568Z,buy,5.3e-07,227.0,0.00012031
YOYOW/BTC,1603583238451,2020-10-24T23:47:18.451Z,buy,5.3e-07,4775.0,0.00253075
YOYOW/BTC,1603583272928,2020-10-24T23:47:52.928Z,buy,5.3e-07,3210.0,0.0017013
YOYOW/BTC,1603583320265,2020-10-24T23:48:40.265Z,buy,5.3e-07,3212.0,0.00170236
YOYOW/BTC,1603583691273,2020-10-24T23:54:51.273Z,buy,5.3e-07,326.0,0.00017278
YOYOW/BTC,1603583691273,2020-10-24T23:54:51.273Z,buy,5.3e-07,326.0,0.00017278
YOYOW/BTC,1603588341934,2020-10-25T01:12:21.934Z,buy,5.3e-07,61294.0,0.03248582
YOYOW/BTC,1603588341934,2020-10-25T01:12:21.934Z,buy,5.3e-07,61294.0,0.03248582
YOYOW/BTC,1603590994995,2020-10-25T01:56:34.995Z,sell,5.3e-07,1475.0,0.00078175
YOYOW/BTC,1603590994995,2020-10-25T01:56:34.995Z,sell,5.3e-07,1475.0,0.00078175
YOYOW/BTC,1603595029679,2020-10-25T03:03:49.679Z,sell,5.3e-07,2075.0,0.00109975
YOYOW/BTC,1603595029679,2020-10-25T03:03:49.679Z,sell,5.3e-07,2075.0,0.00109975
YOYOW/BTC,1603596846102,2020-10-25T03:34:06.102Z,sell,5.3e-07,260567.0,0.13810051
YOYOW/BTC,1603597973495,2020-10-25T03:52:53.495Z,sell,5.2e-07,4385.0,0.0022802
YOYOW/BTC,1603597973495,2020-10-25T03:52:53.495Z,sell,5.2e-07,4385.0,0.0022802
YOYOW/BTC,1603598825203,2020-10-25T04:07:05.203Z,sell,5.2e-07,3557.0,0.00184964
YOYOW/BTC,1603600871500,2020-10-25T04:41:11.500Z,sell,5.2e-07,21428.0,0.01114256
YOYOW/BTC,1603600871500,2020-10-25T04:41:11.500Z,sell,5.2e-07,21428.0,0.01114256
YOYOW/BTC,1603604210493,2020-10-25T05:36:50.493Z,buy,5.3e-07,466.0,0.00024698
YOYOW/BTC,1603604210493,2020-10-25T05:36:50.493Z,buy,5.3e-07,466.0,0.00024698
YOYOW/BTC,1603604749084,2020-10-25T05:45:49.084Z,buy,5.3e-07,10372.0,0.00549716
YOYOW/BTC,1603604754614,2020-10-25T05:45:54.614Z,buy,5.3e-07,8446.0,0.00447638
YOYOW/BTC,1603604754691,2020-10-25T05:45:54.691Z,buy,5.3e-07,7060.0,0.0037418
YOYOW/BTC,1603604755141,2020-10-25T05:45:55.141Z,buy,5.3e-07,9713.0,0.00514789
YOYOW/BTC,1603604767616,2020-10-25T05:46:07.616Z,buy,5.3e-07,3623.0,0.00192019
YOYOW/BTC,1603604768811,2020-10-25T05:46:08.811Z,buy,5.3e-07,3544.0,0.00187832
YOYOW/BTC,1603605559665,2020-10-25T05:59:19.665Z,buy,5.3e-07,3333.0,0.00176649
YOYOW/BTC,1603605559665,2020-10-25T05:59:19.665Z,buy,5.3e-07,3333.0,0.00176649
YOYOW/BTC,1603611247101,2020-10-25T07:34:07.101Z,sell,5.2e-07,143630.0,0.0746875999999999
YOYOW/BTC,1603611247101,2020-10-25T07:34:07.101Z,sell,5.2e-07,143630.0,0.0746875999999999
YOYOW/BTC,1603611973409,2020-10-25T07:46:13.409Z,sell,5.2e-07,5756.0,0.00299312
YOYOW/BTC,1603613074733,2020-10-25T08:04:34.733Z,buy,5.3e-07,250.0,0.0001325
YOYOW/BTC,1603613074733,2020-10-25T08:04:34.733Z,buy,5.3e-07,250.0,0.0001325
YOYOW/BTC,1603614913940,2020-10-25T08:35:13.940Z,buy,5.3e-07,16937.0,0.00897661
YOYOW/BTC,1603616115616,2020-10-25T08:55:15.616Z,buy,5.3e-07,1003.0,0.00053159
YOYOW/BTC,1603616115616,2020-10-25T08:55:15.616Z,buy,5.3e-07,1003.0,0.00053159
YOYOW/BTC,1603616685433,2020-10-25T09:04:45.433Z,buy,5.3e-07,190.0,0.0001007
YOYOW/BTC,1603618021240,2020-10-25T09:27:01.240Z,buy,5.3e-07,500.0,0.000265
YOYOW/BTC,1603619045005,2020-10-25T09:44:05.005Z,buy,5.3e-07,188505.0,0.09990765
YOYOW/BTC,1603619045005,2020-10-25T09:44:05.005Z,buy,5.4e-07,44945.0,0.0242703
YOYOW/BTC,1603619472926,2020-10-25T09:51:12.926Z,buy,5.4e-07,185186.0,0.10000044
YOYOW/BTC,1603619598755,2020-10-25T09:53:18.755Z,buy,5.4e-07,37123.0,0.02004642
YOYOW/BTC,1603619600252,2020-10-25T09:53:20.252Z,buy,5.4e-07,223.0,0.00012042
YOYOW/BTC,1603619600643,2020-10-25T09:53:20.643Z,buy,5.4e-07,223.0,0.00012042
YOYOW/BTC,1603619601364,2020-10-25T09:53:21.364Z,buy,5.4e-07,223.0,0.00012042
YOYOW/BTC,1603619601500,2020-10-25T09:53:21.500Z,buy,5.4e-07,223.0,0.00012042
YOYOW/BTC,1603619601500,2020-10-25T09:53:21.500Z,buy,5.4e-07,223.0,0.00012042
YOYOW/BTC,1603620714922,2020-10-25T10:11:54.922Z,sell,5.3e-07,177920.0,0.0942976
YOYOW/BTC,1603621528103,2020-10-25T10:25:28.103Z,buy,5.3e-07,5555.0,0.00294415
YOYOW/BTC,1603621993156,2020-10-25T10:33:13.156Z,buy,5.3e-07,29137.0,0.01544261
YOYOW/BTC,1603622132069,2020-10-25T10:35:32.069Z,buy,5.3e-07,103726.0,0.05497478
YOYOW/BTC,1603622387975,2020-10-25T10:39:47.975Z,sell,5.3e-07,522.0,0.00027666
YOYOW/BTC,1603622831825,2020-10-25T10:47:11.825Z,sell,5.3e-07,4800.0,0.002544
YOYOW/BTC,1603622834796,2020-10-25T10:47:14.796Z,sell,5.3e-07,606.0,0.00032118
YOYOW/BTC,1603622881602,2020-10-25T10:48:01.602Z,sell,5.3e-07,606.0,0.00032118
YOYOW/BTC,1603622905205,2020-10-25T10:48:25.205Z,sell,5.3e-07,606.0,0.00032118
YOYOW/BTC,1603622952260,2020-10-25T10:49:12.260Z,sell,5.3e-07,606.0,0.00032118
YOYOW/BTC,1603622974963,2020-10-25T10:49:34.963Z,sell,5.3e-07,606.0,0.00032118
YOYOW/BTC,1603623021724,2020-10-25T10:50:21.724Z,sell,5.3e-07,606.0,0.00032118
YOYOW/BTC,1603623034198,2020-10-25T10:50:34.198Z,sell,5.3e-07,606.0,0.00032118
YOYOW/BTC,1603623068086,2020-10-25T10:51:08.086Z,sell,5.3e-07,606.0,0.00032118
YOYOW/BTC,1603623068225,2020-10-25T10:51:08.225Z,sell,5.3e-07,606.0,0.00032118
YOYOW/BTC,1603623118413,2020-10-25T10:51:58.413Z,sell,5.3e-07,606.0,0.00032118
YOYOW/BTC,1603623142656,2020-10-25T10:52:22.656Z,sell,5.3e-07,606.0,0.00032118
YOYOW/BTC,1603623189846,2020-10-25T10:53:09.846Z,sell,5.3e-07,606.0,0.00032118
YOYOW/BTC,1603623189846,2020-10-25T10:53:09.846Z,sell,5.3e-07,606.0,0.00032118
YOYOW/BTC,1603623212802,2020-10-25T10:53:32.802Z,sell,5.3e-07,606.0,0.00032118
YOYOW/BTC,1603623259806,2020-10-25T10:54:19.806Z,sell,5.3e-07,606.0,0.00032118
YOYOW/BTC,1603624060557,2020-10-25T11:07:40.557Z,sell,5.3e-07,3520.0,0.0018656
YOYOW/BTC,1603624428906,2020-10-25T11:13:48.906Z,buy,5.4e-07,1733.0,0.00093582
YOYOW/BTC,1603624441867,2020-10-25T11:14:01.867Z,sell,5.3e-07,1856.0,0.00098368
YOYOW/BTC,1603624469829,2020-10-25T11:14:29.829Z,sell,5.3e-07,1856.0,0.00098368
YOYOW/BTC,1603624484124,2020-10-25T11:14:44.124Z,sell,5.3e-07,1856.0,0.00098368
YOYOW/BTC,1603624488886,2020-10-25T11:14:48.886Z,sell,5.3e-07,909.0,0.00048177
YOYOW/BTC,1603624510873,2020-10-25T11:15:10.873Z,sell,5.3e-07,995.0,0.00052735
YOYOW/BTC,1603624516524,2020-10-25T11:15:16.524Z,sell,5.3e-07,1770.0,0.0009381
YOYOW/BTC,1603624557924,2020-10-25T11:15:57.924Z,sell,5.3e-07,2765.0,0.00146545
YOYOW/BTC,1603624581155,2020-10-25T11:16:21.155Z,sell,5.3e-07,2765.0,0.00146545
YOYOW/BTC,1603624633412,2020-10-25T11:17:13.412Z,sell,5.3e-07,2765.0,0.00146545
YOYOW/BTC,1603624658940,2020-10-25T11:17:38.940Z,sell,5.3e-07,2765.0,0.00146545
YOYOW/BTC,1603624705748,2020-10-25T11:18:25.748Z,sell,5.3e-07,2765.0,0.00146545
YOYOW/BTC,1603624728710,2020-10-25T11:18:48.710Z,sell,5.3e-07,2765.0,0.00146545
YOYOW/BTC,1603624775820,2020-10-25T11:19:35.820Z,sell,5.3e-07,2765.0,0.00146545
YOYOW/BTC,1603624799375,2020-10-25T11:19:59.375Z,sell,5.3e-07,2765.0,0.00146545
YOYOW/BTC,1603624846632,2020-10-25T11:20:46.632Z,sell,5.3e-07,2765.0,0.00146545
YOYOW/BTC,1603624893441,2020-10-25T11:21:33.441Z,sell,5.3e-07,2765.0,0.00146545
YOYOW/BTC,1603624940490,2020-10-25T11:22:20.490Z,sell,5.3e-07,1432.0,0.00075896
YOYOW/BTC,1603624985901,2020-10-25T11:23:05.901Z,buy,5.3e-07,1333.0,0.00070649
YOYOW/BTC,1603625010328,2020-10-25T11:23:30.328Z,sell,5.3e-07,2765.0,0.00146545
YOYOW/BTC,1603625056722,2020-10-25T11:24:16.722Z,sell,5.3e-07,2765.0,0.00146545
YOYOW/BTC,1603625103124,2020-10-25T11:25:03.124Z,sell,5.3e-07,98.0,5.194e-05
YOYOW/BTC,1603625148205,2020-10-25T11:25:48.205Z,buy,5.3e-07,2667.0,0.00141351
YOYOW/BTC,1603625172747,2020-10-25T11:26:12.747Z,sell,5.3e-07,2765.0,0.00146545
YOYOW/BTC,1603625219114,2020-10-25T11:26:59.114Z,sell,5.3e-07,1527.0,0.00080931
YOYOW/BTC,1603625265124,2020-10-25T11:27:45.124Z,buy,5.3e-07,1238.0,0.00065614
YOYOW/BTC,1603625289687,2020-10-25T11:28:09.687Z,sell,5.3e-07,2765.0,0.00146545
YOYOW/BTC,1603625336459,2020-10-25T11:28:56.459Z,sell,5.3e-07,2765.0,0.00146545
YOYOW/BTC,1603625383167,2020-10-25T11:29:43.167Z,sell,5.3e-07,192.0,0.00010176
YOYOW/BTC,1603625427720,2020-10-25T11:30:27.720Z,buy,5.3e-07,2573.0,0.00136369
